3025 5025
573 430 712 497 DE
767 429 1116 496 BELLO
1173 428 1541 496 CIVILI.
1600 430 1787 496 LIB.
1844 430 2000 497 III.

253 558 520 630 hostem¹
543 560 612 629 in
639 558 1056 629 altitudinem
1083 558 1332 654 pedum
1350 561 1450 646 X,
1478 560 2027 654 tantumdemque
2049 564 2187 657 ejus
2219 566 2375 635 valli

253 691 438 763 agger
482 669 548 735 in
600 665 1014 735 latitudinem
1066 666 1355 759 patebat.
1401 666 1506 733 Ab
1555 691 1635 733 eo
1656 720 1674 754 ,
1727 668 2131 737 intermisso·
2162 676 2376 766 spatio

251 773 476 868 pedum
511 775 677 860 DC,
715 770 882 841 alter
919 796 1278 842 conversus
1323 773 1392 839 in
1445 774 1847 841 contrariam
1884 790 2142 868 partem
2164 776 2184 801 ²
2234 794 2380 847 erat

212 902 216 907 ·
251 879 475 967 vallus,
514 877 870 949 humiliore
905 877 1130 972 paullo
1176 878 1585 946 munitione:
1634 878 1764 948 hoc
1804 882 1979 947 enim
2024 884 2378 976 superiori-

250 986 360 1054 bus
395 986 622 1055 diebus
657 987 898 1054 timens
935 988 1160 1055 Caesar
1186 1038 1204 1071 ,
1243 1008 1326 1053 ne
1370 984 1652 1053 navibus
1689 988 1899 1055 nostri
1937 988 2375 1059 circumveni-

251 1107 462 1161 rentur
489 1148 508 1179 ,
552 1090 888 1186 duplicem
937 1116 1016 1159 eo
1055 1090 1204 1161 loco
1243 1090 1493 1160 fecerat
1536 1090 1785 1160 vallum
1803 1146 1823 1179 ,
1856 1108 1933 1161 ut
1954 1146 1973 1181 ,
2018 1095 2071 1162 si
2109 1098 2379 1190 ancipiti

251 1198 456 1293 praelio
485 1200 948 1285 dimicaretur,
973 1212 1196 1292 posset
1219 1199 1450 1267 resisti.
1484 1198 1617 1266 Sed
1644 1223 1925 1293 operum
1950 1202 2343 1295 magnitudo
2358 1258 2376 1291 ,

250 1320 308 1373 et
339 1308 682 1375 continens
716 1307 1014 1374 omnium
1052 1304 1312 1373 dierum
1344 1302 1575 1393 labor,
1605 1304 1785 1398 quod
1826 1305 2030 1375 millia
2062 1332 2377 1401 passuum

251 1413 307 1479 in
347 1414 626 1481 circuitu
661 1396 941 1481 XV111³
967 1413 1336 1480 munitione
1355 1425 1499 1479 erat
1530 1409 1917 1506 complexus
1938 1466 1957 1501 ,
1992 1414 2379 1508 perficiendi

251 1520 520 1612 spatium
563 1542 704 1587 non
736 1517 956 1585 dabat.
993 1520 1227 1611 Itaque
1266 1531 1498 1586 contra
1538 1542 1721 1585 mare
1757 1532 2211 1589 transversum
2252 1523 2385 1591 val-

2224 432 2373 528 269

249 1716 557 1774 quapropter
593 1721 664 1754 ne
710 1701 935 1772 amplius
962 1702 1020 1752 in
1051 1719 1116 1752 eo
1143 1719 1261 1751 mo-

247 1800 430 1836 remur.

318 1863 444 1915 Cu’.
477 1862 681 1915 LXIII.
718 1880 767 1913 1.
801 1860 879 1911 Et
902 1860 1065 1911 vallus
1093 1872 1262 1911 contra

249 1942 428 1995 hostem.
456 1942 514 1993 V
507 1943 632 1993 allus
657 1940 749 1993 hic
776 1940 996 2012 ponitur
1019 1958 1121 2013 pro
1152 1952 1264 1991 tota

249 2022 534 2074 munitione
559 2041 590 2074 e
620 2021 784 2073 vallis·
804 2031 1080 2073 constante
1100 2058 1117 2085 ,
1145 2038 1265 2091 quae

248 2102 385 2154 aliter
399 2100 600 2155 dicitur
612 2101 799 2152 vallum
809 2096 1022 2161 (neutro
1031 2094 1264 2170 genere).

252 2182 416 2235 Vnum
427 2182 650 2253 proprie
677 2182 840 2251 stipes
867 2198 977 2251 quo
1006 2192 1148 2232 terra
1176 2198 1265 2250 ag-

249 2276 374 2331 gesta
397 2273 740 2314 sustentatur.
762 2259 977 2313 Servius
1009 2258 1076 2310 ad
1089 2260 1265 2330 Virg.,

250 2340 430 2413 Georg.
461 2360 538 2405 11,
559 2341 628 2393 25
651 2359 665 2393 ε

287 2422 616 2475 Ωυιάιὶίὶἀιιῳιο
631 2424 746 2462 sudes
757 2452 768 2469 ,
780 2432 819 2462 et
841 2430 954 2463 auto
963 2420 1106 2461 robore
1120 2420 1243 2461 vallon
1253 2448 1266 2468 ,

251 2498 345 2554 ait:
377 2502 450 2554 bis
481 2500 604 2554 idem
645 2500 801 2561 dixin
832 2519 941 2552 nam
975 2511 1024 2550 et
1057 2499 1186 2550 valli
1221 2512 1273 2551 et

249 2581 372 2633 sudes
387 2583 517 2634 idem
534 2593 661 2633 sunt.
677 2579 807 2632 vid.
826 2599 1040 2652 quoque
1054 2578 1266 2632 AEneid.

252 2679 328 2728 ιι,
361 2665 471 2726 146
500 2673 552 2714 et
571 2681 630 2725 x,
659 2663 785 2713 126.
813 2662 948 2729 Veg.
982 2661 1076 2712 lib.
1097 2677 1267 2723 111‚c.

252 2742 279 2792 8
297 2741 484 2813 :Supra
505 2760 728 2811 aggerem
735 2779 750 2801 ‚
767 2739 912 2800 valli,
930 2741 1084 2801 idest,
1103 2739 1266 2800 sides,

250 2822 325 2871 vel
346 2822 516 2873 tribuli
532 2821 682 2890 lignei
697 2839 790 2890 per
805 2820 1017 2871 ordinem
1041 2820 1272 2888 di‘gerun-

252 2911 334 2953 tur.
376 2901 484 2953 Hic
515 2914 719 2964 autem,
751 2911 804 2951 et
834 2900 1024 2970 saepius
1067 2899 1171 2950 hoc
1213 2899 1271 2950 in

249 2981 409 3051 capite
465 2981 826 3034 munitionem
883 2999 946 3032 ex
1003 2977 1274 3049 stipitibus

249 3062 613 3113 concinnatam
659 3058 893 3111 denotat.
934 3092 1014 3100 -—
1050 3059 1272 3112 Hostem.

249 3139 588 3205 Interiorem,
608 3157 802 3209 nempe
827 3139 1161 3209 Pompeium.

327 3229 370 3273 α’.
415 3221 473 3273 A
477 3221 568 3271 lter
610 3237 855 3273 conversus
897 3222 947 3269 in
983 3222 1273 3270 contrariam

245 3313 443 3368 partem.
467 3299 590 3352 scil.
613 3311 798 3352 contra
813 3298 1022 3350 hostem
1045 3299 1274 3351 exterio·

250 3397 372 3433 rem.
400 3379 610 3432 Similes
640 3378 965 3430 munitiones
998 3374 1120 3430 ant'e
1151 3379 1273 3430 Ale-

252 3459 401 3526 siam,
427 3477 560 3531 quas
587 3456 700 3512 vid.
727 3459 787 3510 B.
814 3457 884 3510 G.
912 3458 948 3509 1.
975 3475 1085 3524 vn,
1118 3477 1164 3511 c.
1199 3461 1272 3527 69

252 3550 299 3590 et
323 3559 468 3612 seqq.

328 3620 378 3674 3.
409 3618 564 3689 Quod
588 3619 738 3669 millia
758 3637 986 3688 passuum
1004 3621 1053 3668 ἱη
1074 3622 1278 3670 circuitu

252 3699 465 3752 XVIII.
500 3697 603 3750 Hic
632 3698 806 3762 locus,
836 3710 899 3750 ut
937 3696 1199 3763 diximus,
1228 3716 1275 3751 c.

255 3783 284 3840 4
294 3779 322 3831 3
339 3816 355 3843 ,
369 3790 486 3831 not.
511 3797 536 3830 2
545 3817 562 3844 ,
575 3779 871 3831 necessario
885 3776 1249 3830 emendandus
1261 3816 1278 3843 ,

251 3858 330 3909 vel
380 3859 568 3911 saltem
589 3863 595 3870 '
617 3856 993 3929 explicandus:
1029 3857 1119 3910 sed
1170 3875 1278 3928 quo

253 3936 411 3990 modo
429 3938 454 3989 Ρ
481 3935 774 3990 videamus·
795 3937 995 4004 Caesar,
1021 3955 1136 4008 cap.
1171 3937 1241 4000 43
1263 3975 1280 4001 ,

251 4019 604 4070 munitionem
649 4018 978 4084 instituerat,
1005 4035 1123 4088 quae
1170 4034 1280 4068 uno

254 4108 408 4168 atque
454 4099 620 4152 altero
664 4115 834 4150 cornu
867 4096 934 4150 ad
979 4116 1124 4152 mare
1166 4109 1280 4149 ten-

1351 1698 1482 1753 dens
1501 1738 1517 1765 ,
1551 1699 1609 1751 in
1639 1700 1869 1753 circuitu
1898 1721 1995 1755 suo
2024 1704 2345 1777 Pompeium
2368 1746 2383 1771 ,

1350 1798 1673 1851 omnemque
1702 1782 1817 1851 ejus
1854 1782 2145 1835 exercitum
2176 1785 2382 1838 clausos

1351 1861 1583 1913 tenebat.
1616 1860 1881 1914 Maximus
1911 1881 2023 1915 esse
2062 1861 2250 1917 debuit
2277 1865 2383 1918 hu-

1345 1941 1433 2010 jus
1453 1940 1770 1993 munitionis
1789 1941 2203 1997 circuitusznam
2220 1945 2383 1998 Pom-

1350 2020 1502 2089 peius
1543 2038 1729 2091 parem
1759 2022 2006 2075 effecerat
2023 2061 2038 2088 ,
2073 2023 2382 2077 Caesarianae

1354 2096 1627 2151 adversam
1640 2138 1655 2163 ,
1686 2112 1740 2152 et
1770 2100 2080 2155 interiorem
2098 2141 2111 2161 ‚
2148 2124 2217 2157 xv
2249 2106 2380 2157 mill.

1351 2197 1462 2250 pas.
1496 2192 1858 2247 constantem3
1880 2200 2047 2252 porro
2090 2184 2267 2237 Caesar
2280 2222 2297 2249 ,
2323 2198 2386 2237 ut

1353 2259 1410 2312 h.
1427 2260 1463 2311 l.
1483 2259 1728 2311 innuitur
1740 2300 1755 2327 ,
1770 2262 1945 2331 prima
1960 2264 2259 2317 munitione
2273 2285 2383 2317 non

1355 2350 1656 2404 contentus,
1666 2351 1719 2391 et
1731 2344 1911 2402 timens,
1929 2360 1986 2391 ne
1996 2346 2074 2393 sui
2086 2344 2283 2395 navibus
2296 2348 2387 2395 cir-

1355 2423 1730 2471 cumvenirentur
1742 2415 1983 2491 (nempe,
1992 2422 2158 2493 copiis
2168 2425 2385 2495 egressis

1356 2519 1385 2551 e
1397 2495 1650 2561 navibus)
1665 2538 1681 2564 ,
1698 2499 2053 2554 munitionem
2066 2504 2383 2557 exteriorem

1358 2597 1512 2650 agere
1526 2579 1775 2645 instituit,
1784 2597 1944 2652 quam
1952 2594 2127 2634 tamen
2142 2603 2251 2636 non
2262 2604 2385 2656 per-

1359 2659 1500 2711 fecit.
1520 2659 1697 2711 Porro
1723 2660 1898 2730 prima
1912 2663 2141 2714 munitio
2165 2663 2386 2716 Caesaris

1357 2749 1562 2790 remota
1582 2751 1695 2791 erat
1708 2739 1911 2809 aliquot
1926 2742 2167 2812 passibus
2186 2763 2215 2794 a
2231 2744 2389 2796 Pom-

1357 2810 1576 2890 peiana’,
1595 2837 1713 2890 quae
1739 2820 1852 2890 ipsa
1873 2839 1937 2873 xv
1966 2821 2097 2874 mill.
2123 2823 2388 2895 complec-

1359 2899 1571 2951 tebatur
1585 2895 1743 2960 (vide
1774 2918 1819 2953 c.
1840 2907 1912 2964 44
1929 2898 1950 2965 )
1968 2940 1983 2966 ,
2000 2901 2146 2972 quod
2160 2904 2237 2968 si,
2250 2917 2311 2956 ut
2323 2923 2387 2956 ex

1360 2979 1607 3050 Appiano
1634 2992 1688 3031 et
1717 2981 1937 3032 Lucano
1965 2979 2387 3036 demonstratum

1360 3071 1465 3122 est,
1497 3059 1752 3111 circuitus
1777 3061 2094 3114 munitionis
2119 3064 2388 3117 interioris

1362 3139 1671 3191 Caesarianae
1690 3139 1792 3190 fuit
1818 3159 1923 3194 xxv
1944 3142 2079 3196 mill.
2103 3163 2353 3214 passuum
2373 3181 2385 3203 ,

1360 3216 1635 3289 quomodo
1654 3219 1886 3272 munitio
1916 3223 2147 3275 exterior
2172 3225 2392 3278 inchoa-

1362 3310 1434 3362 ta,
1447 3315 1588 3350 xvn1
1612 3310 1823 3352 tantum
1840 3301 1972 3354 mill.
1992 3322 2127 3373 pass.
2146 3305 2392 3376 amplecti

1361 3379 1629 3448 potuerit,
1656 3381 1759 3432 nisi
1790 3378 1987 3434 dixeris
2022 3384 2283 3436 Caesarem
2326 3383 2394 3437 de

1361 3471 1512 3529 parte
1538 3459 1785 3512 inchoata
1814 3473 2021 3514 tantum
2050 3463 2292 3516 locutum
2320 3485 2397 3518 es-

1364 3556 1419 3590 se
1439 3557 1453 3590 :
1475 3551 1529 3590 et
1546 3559 1607 3592 ea
1621 3539 1730 3592 sola
1749 3541 1886 3594 foret
1903 3544 2040 3594 ratio
2059 3544 2392 3616 explicandi,

1363 3617 1409 3670 si
1439 3637 1695 3671 numerus
1732 3639 1875 3672 xvtu
1916 3620 2075 3675 codd.
2105 3623 2393 3677 servandus

1365 3711 1514 3751 esset.
1563 3701 1634 3751 At
1670 3699 1855 3754 Justus
1891 3701 2133 3772 Lipsius,
2167 3716 2247 3769 et,
2273 3719 2396 3778 post

1366 3795 1490 3829 eum
1508 3816 1525 3842 ‚
1566 3777 1987 3851 Oudendorpius
2048 3801 2285 3838 errorem
2340 3787 2397 3840 in

1367 3858 1603 3909 numeris
1652 3877 1761 3910 esse
1806 3872 2035 3929 putant3
2082 3875 2136 3914 et
2184 3885 2395 3920 xxxvru

1367 3937 1502 3988 mill.
1538 3955 1672 4007 pass.
1696 3937 2008 4008 legendum,
2025 3941 2206 3996 habita
2233 3949 2395 4000 ratio·

1367 4035 1436 4067 ne
1469 4017 1626 4086 spatii
1667 4033 1737 4068 nc
1779 4037 1915 4088 pass.
1954 4019 2217 4093 interjecti
2257 4027 2399 4080 inter

1367 4097 1727 4150 munitionem
1742 4098 2054 4155 interiorem
2071 4115 2124 4155 et
2141 4107 2399 4160 munitio·
