3025 5025
615 461 751 530 DE
806 463 1163 532 BELLO
1218 464 2391 573 CIVILI.LIB.11.149

274 605 514 686 partem
547 591 702 664 belli
755 597 828 663 in
873 597 1208 690 Hispaniis
1261 596 1681 693 relinquere·
1662 652 1681 687 ‚
1717 601 1899 695 quod
1955 627 2199 700 magna
2248 632 2390 679 esse

271 699 548 818 Pompeii
587 699 950 772 beneficia⁷
979 717 1048 772 et
1083 727 1362 800 magnas
1402 703 1802 776 clientelas
1782 733 1853 777 m
1890 709 2195 782 citeriore
2232 737 2389 810 pro·

267 806 470 876 vincia
508 808 773 878 sciebat.

360 914 540 982 XIX.
597 917 880 1018 Itaque,
934 916 1195 987 duabus
1244 917 1617 1013 legionibus
1654 921 1865 991 missis
1902 923 1971 991 in
2004 921 2389 999 ulteriorem

265 1019 634 1113 Hispaniam
677 1046 833 1090 cum
869 1023 954 1112 Q.
997 1023 1257 1094 Cassio*
1263 1025 1586 1114 ‚tribuno
1619 1024 1862 1121 plebis,
1886 1030 2029 1124 ipse
2070 1055 2226 1101 cum
2260 1037 2389 1105 DC

264 1127 576 1218 equitibus
606 1131 866 1224 magnis
903 1131 1246 1201 itineribus
1276 1122 1745 1228 progreditur,
1770 1134 2195 1231 edictumque
2229 1164 2391 1234 prae-

264 1233 478 1322 mittit,
513 1234 599 1304 ad
643 1259 848 1329 quam
881 1237 1056 1306 diem
1101 1240 1533 1334 magistratus
1580 1242 2047 1337 principesque
2087 1246 2387 1316 omnium

265 1339 584 1410 civitatum
614 1342 740 1412 sibi
769 1367 911 1413 esse
932 1359 1176 1438 praesto
1205 1345 1540 1417 Cordubae
1565 1345 1782 1417 vellet.
1814 1349 1971 1436 Quo
2002 1349 2219 1420 edicto
2245 1366 2388 1422 tota

262 1434 586 1538 provincia
627 1449 1071 1546 pervulgato,
1111 1450 1294 1520 nulla
1330 1451 1456 1522 fuit
1496 1453 1766 1540 civitam,
1803 1456 1963 1549 quin
2005 1455 2091 1525 ad
2120 1457 2188 1525 id
2232 1471 2391 1528 tem-

263 1576 374 1644 pus
423 1569 681 1648 partem
735 1571 1002 1626 senatus
1045 1559 1434 1628 Cordubam
1477 1557 1844 1629 mitteret²·
1826 1561 2181 1645 ,nullusve
2227 1565 2391 1635 civis

149 1669 153 1674 ’
261 1683 554 1730 romanus
599 1661 801 1757 paulo
836 1665 1094 1752 notior,
1131 1667 1293 1759 quin
1326 1665 1411 1735 ad
1455 1665 1631 1735 diem
1675 1655 2103 1737 conveniret³
2110 1722 2124 1738 .
2178 1668 2389 1740 Simul

259 1764 382 1859 ipse
418 1768 752 1866 Cordubae
789 1786 1165 1841 ‘conventus
1219 1797 1341 1868 per
1383 1797 1452 1842 se
1488 1787 1717 1868 portas
1768 1775 2063 1844 Varroni
2111 1774 2388 1867 clausit,

259 1875 570 1945 custodias
613 1875 1000 2018 vigiliasque
1037 1880 1107 1947 in
1150 1905 1343 1949 muro
1390 1881 1815 1975 turribusque
1856 1881 2196 1976 disposuit.
2238 1885 2382 1954 Co-

261 2069 392 2126 orta,
412 2073 462 2114 et
483 2061 710 2117 feliciter
735 2064 1052 2136 composita,
1077 2062 1146 2120 de
1165 2084 1272 2139 qua

1358 2063 1418 2118 id
1447 2077 1657 2120 tantum
1688 2064 1881 2121 addam
1896 2107 1913 2135 ‚
1944 2086 2171 2123 canones
2195 2069 2389 2142 quihus

259 2137 358 2192 vid.
381 2140 595 2196 Sueten.
618 2144 730 2196 Jul.
748 2162 795 2197 c.
816 2148 919 2214 69,
941 2158 994 2198 et
1007 2147 1112 2198 Dio
1126 2147 1270 2200 Cass.

1358 2145 1503 2218 apud
1532 2165 1637 2202 nos
1663 2148 1817 2200 latini
1852 2151 2112 2203 sermonis
2146 2161 2391 2204 constant

260 2237 369 2284 nx,
385 2226 472 2276 26.
482 2222 599 2276 Etsi
611 2223 752 2276 hanc
765 2223 1084 2277 seditionem
1098 2225 1274 2280 Caesar

257 2297 450 2354 silentio
469 2304 814 2375 praeterierit,
833 2323 892 2357 ea
915 2316 1094 2358 tamen
1113 2306 1272 2358 Μαι-ο

259 2377 310 2430 in
333 2379 428 2434 hoc
451 2394 662 2455 tempus
692 2382 928 2437 incidere
957 2383 1188 2438 videtur.

328 2479 380 2531 7.
397 2464 620 2535 Pompeii
638 2461 882 2535 beneficia.
902 2461 1032 2519 Vid.
1053 2485 1200 2537 supr.
1215 2465 1270 2533 1,

259 2556 298 2592 c.
326 2560 411 2611 ²9·
433 2543 520 2597 Ad
549 2545 732 2598 finem.
1017 2537 1025 2543 ⁴

327 2621 450 2677 Cn.
481 2624 638 2677 xlx,
679 2643 727 2678 1.
765 2624 835 2695 Q.
864 2624 1053 2680 Cassio.
1081 2627 1162 2679 De
1205 2644 1270 2678 eo

255 2698 364 2755 vide
384 2722 502 2775 sup.
528 2703 566 2757 l.
593 2704 655 2770 1,
686 2722 733 2758 c.
764 2724 815 2758 a.

267 2818 274 2823 ·
327 2802 374 2836 α.
403 2782 683 2840 Cordubam
706 2788 926 2841 mitteret.
950 2782 1123 2838 codd.
1147 2802 1272 2857 pars

251 2863 482 2929 maxima,
497 2876 552 2917 et
565 2865 737 2918 nostri
751 2866 866 2931 RR.
882 2864 1034 2934 5764
1051 2866 1268 2935 et5768

251 2960 276 2993 a
275 2944 458 3035 ‘prima
471 2962 661 3009 mann,
682 2943 939 2997 Corduba.
963 2946 1096 3009 Quae
1112 2944 1272 2998 lectio

251 3022 289 3074 si
313 3042 442 3076 vera
475 3036 586 3090 est,
610 3036 672 3078 ut
711 3024 786 3077 ait
821 3021 1271 3096 Oudendorpius,

251 3095 272 3163 (
287 3115 334 3156 et
358 3116 507 3157 certe
547 3116 628 3157 tot
663 3104 942 3170 codicum,
973 3116 1026 3157 et
1053 3102 1272 3175 quidem

252 3184 588 3254 optimorum,
615 3184 898 3243 auctoritas
927 3182 1131 3255 aliquid
1155 3202 1272 3235 mo·

252 3265 405 3317 menti
431 3264 624 3330 hahet,
645 3260 668 3329 )
690 3264 968 3336 patebit,
945 3282 1056 3338 jam
1081 3262 1274 3335 optimi

253 3344 336 3397 uvi
354 3344 646 3416 scriptores
665 3343 812 3399 hunc
829 3362 1009 3397 casum
1031 3342 1274 3397 dativum

255 3416 386 3485 (non
407 3424 560 3480 enim
581 3424 878 3496 genitivum
899 3442 1010 3478 esse
1029 3420 1273 3488 credam)

225 3492 232 3514 ’
252 3504 432 3575 passim
450 3522 581 3559 cum
601 3504 910 3558 nominibus
930 3504 1164 3576 propriis
1185 3502 1277 3557 ad-

254 3584 458 3650 misisse,
481 3603 544 3637 ae
560 3588 686 3637 mitti
697 3584 879 3647 Romen,
901 3587 1073 3639 mer-ti
1087 3584 1269 3646 Bomoe,
1305 3578 1310 3585 ’

255 3676 296 3717 et
326 3664 428 3717 alia
463 3663 661 3721 similia
697 3664 864 3719 latino
895 3664 1129 3721 sermoni
1163 3682 1276 3716 non

255 3760 558 3817 repugnare.
586 3744 670 3803 Ita
695 3762 909 3817 quoque
933 3744 1073 3799 infra
1093 3743 1132 3798 l.
1153 3743 1240 3795 111
1258 3781 1275 3810 ,

257 3840 293 3877 e.
305 3843 330 3879 1
340 3842 430 3890 oo,
441 3820 607 3877 codd.
617 3824 728 3880 fere
743 3842 889 3881 omes
901 3824 1101 3879 hahent
1114 3822 1276 3876 Brun-

258 3902 364 3957 disio
379 3908 530 3965 venit,
549 3914 604 3957 et
620 3922 644 3957 1
657 3905 752 3970 08,
761 3904 941 3955 tabuloe
953 3904 1121 3957 Bomoe
1136 3914 1278 3957 erant

259 3984 406 4036 allatoe
426 4000 534 4056 pro
561 3982 899 4045 Brundisium,
930 3983 1150 4040 Romam.
1175 3982 1269 4037 Eo

259 4072 417 4118 tamen
453 4063 757 4119 locutiones
785 4063 990 4121 vitiosae
1017 4060 1270 4117 videntur

258 4142 412 4199 Bentl.
426 4160 445 4211 ς
465 4142 638 4199 nolim
649 4161 714 4199 ea
729 4142 800 4199 de
813 4162 875 4201 re
889 4142 1272 4215 pronunciare3

1357 2224 1660 2280 rudimenta
1678 2267 1693 2294 ‚
1714 2229 1780 2280 ab
1811 2226 1983 2280 infimi
2005 2229 2103 2282 aevi
2114 2231 2391 2302 scriptori-

1356 2305 1459 2358 bus
1489 2304 1643 2360 datos
1665 2307 1825 2360 fuisse
1842 2346 1857 2373 ‚
1880 2318 1933 2359 et
1952 2327 1979 2360 a
2004 2311 2390 2363 recentioribus

1357 2385 1472 2439 sine
1501 2385 1614 2438 ullo
1651 2387 1755 2439 alio
1792 2384 2099 2440 discrimine
2126 2400 2387 2458 receptos.

1356 2466 1429 2518 At
1463 2477 1707 2519 veterum
1743 2466 2065 2539 scriptorum
2096 2468 2391 2522 accuratior

1356 2542 1629 2617 indagatio
1659 2565 1751 2600 eos
1783 2546 1941 2601 falsos
1979 2564 2117 2617 saepe
2155 2544 2386 2623 detegit:

1356 2626 1709 2677 nihilominus
1752 2642 1785 2675 a
1827 2623 2091 2677 tironibus
2142 2624 2391 2679 servandi

1357 2717 1511 2769 sunt,
1537 2723 1706 2774 quum
1740 2702 1879 2756 nihil
1910 2704 2187 2775 pulchrius
2223 2705 2293 2757 sit
2329 2705 2388 2758 in

1357 2784 1506 2838 omni
1536 2783 1675 2854 stylo
1711 2802 1871 2855 quam
1898 2782 2167 2837 scribendi
2196 2782 2389 2837 modus

1357 2862 1515 2919 certis
1548 2864 1753 2935 legibus
1784 2862 2035 2917 definitus
2064 2882 2078 2917 ε
2114 2883 2389 2937 quaprop-

1357 2954 1440 2996 ter
1462 2944 1750 3014 vulgatam
1776 2944 2119 2997 servavimus.

1443 3024 1495 3076 3.
1510 3023 1607 3076 Ad
1625 3022 1750 3075 diem
1773 3027 2054 3078 conveniret.
2079 3024 2389 3078 Lectionem

1358 3101 1609 3156 codicum
1662 3114 1972 3157 nostrorum
2030 3106 2247 3177 recepi,
2293 3122 2390 3157 an-

1357 3194 1558 3235 nuente
1586 3182 1993 3256 OudendorpiO.
2019 3184 2155 3249 Alii,
2180 3202 2292 3235 non
2317 3196 2392 3237 ta-

1359 3281 1485 3315 men
1511 3281 1696 3317 omnes
1710 3302 1727 3331 ,
1756 3282 1931 3337 neq-ue
1963 3265 2180 3334 optimae
2219 3275 2390 3331 notat,

1359 3344 1431 3394 ad
1461 3342 1587 3396 diem
1622 3354 1880 3406 statutum,
1910 3362 2071 3415 quam
2106 3343 2391 3395 lectionem

1357 3424 1629 3479 revocavit
1643 3461 1660 3489 ,
1684 3424 1827 3501 quia,
1854 3434 1915 3475 ut
1938 3424 2012 3475 ait
2025 3459 2042 3488 ,
2063 3422 2238 3476 Caesar
2251 3433 2392 3475 amat

1359 3503 1518 3573 plene
1556 3504 1723 3575 loqui.’
1768 3499 1837 3554 Id
1882 3513 2059 3554 autem
2100 3520 2211 3554 non
2256 3499 2389 3555 adeo

1359 3582 1463 3653 ipsi
1476 3582 1763 3653 proprium
1784 3593 1887 3646 est,
1904 3595 1967 3634 ιιι
1986 3580 2257 3633 interdum
2275 3600 2391 3634 non

1359 3660 1575 3716 recedat
1609 3662 1677 3727 ab
1712 3678 1775 3721 ea
1814 3657 2227 3725 consuetudine,
2252 3678 2391 3732 prae·

1360 3742 1543 3795 sertim
1563 3742 1623 3793 in
1642 3740 1749 3793 illis
1769 3737 2029 3811 loquendi
2047 3732 2247 3804 modis,
2271 3756 2391 3811 quae

1361 3821 1511 3893 quasi
1538 3839 1603 3873 ex
1638 3819 1865 3873 formula
1903 3820 2269 3871 Romanorum
2302 3836 2391 3871 so·

1359 3900 1527 3954 lemni
1564 3896 1915 3965 adhibentur,
1947 3910 2008 3950 ut
2046 3918 2257 3964 movere,
2292 3916 2391 3971 pro

1355 3992 1527 4036 castra
1567 3996 1780 4032 movere
1794 4016 1811 4044 ,
1845 3979 2052 4043 solvere,
2086 3997 2187 4049 pro
2227 3994 2389 4031 naves

1357 4059 1579 4115 solvere.
1604 4058 1677 4112 Et
1700 4070 1841 4111 notae
1862 4070 1987 4111 sunt
2009 4057 2304 4111 locutiones
2321 4056 2393 4110 ad

1359 4140 1486 4196 dim
1511 4138 1705 4209 adesse,
1727 4138 1799 4201 ad
1828 4138 1953 4193 diem
1977 4138 2188 4261 salsam,
2214 4150 2305 4192 etc.

1930 4260 1957 4307 Ῑ
1973 4260 2020 4307 Ο
