3025 5025
879 466 1694 556 ALEXANDRINO.

2212 472 2363 558 415

219 594 680 692 imperiisque²
716 597 788 666 in
819 599 947 684 Cn.
986 599 1290 692 Pompeii
1333 601 1567 669 castris
1604 594 1833 669 fuisset
1867 627 1887 684 3
1938 626 2152 698 neque
2190 604 2366 676 enim
2422 617 2429 624 ’

220 728 286 772 se
311 703 610 796 judicem
640 703 948 772 debuisse
981 729 1124 774 esse
1160 707 1773 824 controversiarum
1808 706 2041 802 populi
2076 717 2367 802 romani,

241 810 328 878 ed
359 834 611 905 parere
645 791 1137 906 praesentibus
1119 812 1430 906 imperiis,
1478 841 1515 877 »

317 919 644 986 LXVIII.
712 919 968 988 Contra
1019 941 1235 1024 quem
1263 919 1488 988 Caesar
1540 950 1575 983 ιι
1636 944 1845 1013 quum
1906 919 2194 1020 plurima
2246 949 2365 994 sua

219 1038 808 1094 commemorasset
853 1021 1078 1094 officia
1095 1077 1116 1112 ‚
1167 1049 1313 1118 quae
1359 1023 1592 1094 consul
1638 1027 1698 1094 ei
1745 1026 2024 1096 decretis
2085 1029 2366 1122 publicis

215 1129 586 1214 tribuisset3
621 1153 960 1224 quumque
998 1130 1490 1200 defensionem¹
1534 1133 1677 1225 ejus
1710 1131 1962 1203 nullam
2004 1158 2201 1229 posse
2250 1161 2361 1206 ex-

213 1238 628 1324 cusationem
659 1226 884 1330 [ejus]
909 1235 1371 1330 imprudentiae
1398 1239 1717 1358 recipere·
1726 1242 2163 1334 coarguisset3
2186 1243 2367 1336 quod

212 1343 421 1412 homo
458 1357 656 1412 tantae
704 1341 1072 1438 prudentiae
1111 1367 1190 1412 ac
1225 1341 1613 1438 diligentiae
1626 1346 1795 1414 scire
1830 1347 2189 1441 potuisset,
2220 1351 2367 1444 quis

212 1447 495 1520 urbem²
539 1447 932 1542 Italiamque
969 1463 1258 1532 teneret;
1303 1449 1420 1518 uhi
1465 1464 1733 1520 senatus
1764 1451 2185 1548 populusque
2229 1457 2367 1526 Ro-

212 1581 486 1644 manuS‚
515 1555 634 1624 ubi
675 1553 1049 1654 respublica
1083 1569 1289 1642 esset3
1332 1557 1480 1649 quis
1524 1549 1764 1626 deinde
1806 1572 1959 1652 post
2007 1561 2083 1628 L.
2116 1562 2367 1630 Lentu-

211 1660 394 1750 lum,
425 1665 502 1731 C.
537 1662 938 1748 Marcellum
973 1660 1209 1730 consul
1245 1675 1452 1748 esset;
1488 1677 1715 1732 tamen
1750 1688 1821 1732 se
1838 1661 2264 1737 'concedere
2301 1667 2367 1736 id

207 1717 469 1841 facttim
506 1769 958 1863 superioribus
994 1769 1132 1838 suis
1171 1713 1509 1838 beneficiis
1524 1823 1545 1858 ‚
1590 1769 1803 1839 veteri
1835 1770 2125 1866 hospitio
2168 1787 2368 1868 atque

212 1875 555 1965 amicitias,
589 1874 895 1984 dignitati
919 1876 1228 1969 aetatique
1255 1874 1545 1945 hominis
1561 1928 1581 1964 ‚
1609 1877 1919 1972 precibus
1954 1903 2187 1948 eorum
2208 1882 2373 1982 ‚qui

211 1985 602 2077 frequenter
636 1981 1132 2052 concurrissent
1166 1981 1460 2076 hospites
1489 1995 1689 2074 atque
1722 1985 1919 2052 amici
1952 1934 2255 2078 Dejotaii
2284 1987 2371 2056 ad

211 2088 766 2184 deprecandum3
813 2087 897 2156 de
944 2089 1412 2194 controversiis
1464 2089 1985 2160 tetrarcharum
2005 2107 2238 2185 postea
2300 2119 2369 2162 se

300 2321 353 2357 a.
377 2302 690 2358 Exercitibus
721 2304 1033 2373 imperiisque.
1053 2301 1246 2354 Monet

217 2381 362 2436 Oud.
384 2381 790 2448 Marklandum‚
813 2382 870 2434 in
895 2382 1048 2452 epist.
1070 2379 1242 2435 critic.

212 2483 272 2537 p.
311 2481 423 2533 1²9
442 2501 460 2527 ‚
484 2461 770 2533 legend-uin
813 2460 1076 2515 censuisse
1106 2479 1247 2512 exer-

213 2550 430 2615 citusque
445 2546 671 2614 imperiis,
689 2542 746 2597 h.
763 2562 810 2595 e.
823 2554 1070 2595 evocatus
1083 2541 1248 2609 Pom·-

211 2624 322 2697 peii
336 2626 489 2695 jussu
500 2641 516 2689 3
532 2636 586 2677 et
596 2624 736 2677 hanc
749 2624 1111 2694 conjecturam
1123 2638 1250 2690 pro·

211 2706 324 2762 bat.
351 2704 534 2756 Probo
559 2716 613 2756 et
641 2704 756 2774 ipse
784 2720 798 2754 z
829 2714 883 2753 et
911 2701 1131 2753 fortasse
1151 2697 1248 2753 ad-

207 2788 404 2858 juvant
435 2802 578 2851 eam,
613 2802 731 2855 quae
765 2782 823 2835 in
855 2781 969 2835 Cic.
1006 2778 1250 2833 oratione

209 2881 316 2936 pro
335 2866 598 2935 Dejotar„
617 2883 734 2935 cap.
753 2868 788 2926 4
816 2873 871 2915 et
898 2861 952 2925 5,
975 2861 1246 2931 leguntur.

214 2945 380 2999 Certe
409 2944 624 3015 vulgata
650 2942 813 2995 lectio
837 2954 976 2993 stare
1004 2958 1116 2993 non
1147 2958 1248 3011 po-

213 3037 336 3079 test.
356 3025 437 3077 M.
457 3024 492 3075 J
495 3024 635 3076 urin.
656 3021 977 3076 hariolatur:
997 3022 1250 3072 arcessitus

212 3104 547 3177 equitibusque
567 3105 829 3173 imperatis.

300 3184 436 3241 Car.
459 3184 718 3237 LXVIII.
747 3201 798 3235 1.
819 3180 1072 3252 Quumque
1083 3179 1249 3247 desen-

211 3269 402 3319 sionem
413 3266 720 3333 coarguisset.
729 3301 760 3315 ..
769 3302 780 3315 .
811 3258 1062 3313 Ostendit
1077 3260 1250 3313 Caesar

213 3346 480 3415 Deiotaro
498 3383 514 3411 ‚
537 3341 929 3405 defensionem,
955 3358 1062 3411 qua
1104 3357 1251 3391 nunc

211 3438 406 3478 utatur
427 3424 710 3495 Dejotarus
725 3459 742 3487 ,
761 3440 871 3474 non
888 3420 1128 3492 recipere
1141 3415 1254 3481 (ad-

213 3500 457 3567 mittere)
473 3512 626 3575 po'sse
641 3499 1034 3555 excusationem
1051 3500 1255 3570 impru-

213 3584 448 3649 dentiae,
477 3603 590 3637 non
619 3601 774 3653 posse
801 3579 1082 3634 admittere
1113 3580 1243 3644 hoc,

215 3678 314 3730 nt,
332 3665 462 3735 quia
488 3683 588 3735 per
619 3658 1036 3733 imprudentiam
1064 3678 1251 3730 pecca·

212 3746 319 3811 rit,
353 3741 685 3797 excusandus
732 3740 994 3795 videatur.
1039 3740 1126 3793 Sic
1167 3751 1252 3791 ut·

211 3842 454 3895 cumque
482 3823 682 3895 poterit
711 3822 816 3874 hoc
847 3818 1132 3891 explicari3
1160 3816 1254 3871 sed

212 3916 471 3959 contorte
514 3916 709 3955 tamen.
756 3902 941 3968 Quum
984 3917 1110 3969 ergo
1152 3892 1282 3970 pro¹

1335 2299 1492 2372 eique
1542 2312 1720 2354 tamen
1761 2302 1997 2373 posthaec
2032 2303 2281 2357 inimicus
2316 2317 2371 2358 et

1336 2378 1583 2472 Pompeii
1642 2379 1890 2451 adjutor,
1930 2381 2211 2435 commode
2258 2382 2370 2438 dici

1333 2461 1504 2531 possit
1528 2478 1558 2513 a
1590 2459 1797 2513 caesare
1819 2459 2106 2528 defecisse,
2138 2462 2369 2518 libenter

1289 2536 1294 2541 ’
1335 2558 1460 2593 eum
1493 2540 1713 2595 Clarkio
1756 2540 1897 2595 hanc
1932 2542 2219 2595 lectionem
2255 2562 2367 2599 am-

1334 2620 1559 2691 plector.
1592 2616 1701 2671 Sed
1742 2620 1817 2673 ita
1856 2640 2073 2692 quoque
2104 2624 2207 2692 ejus
2246 2636 2370 2695 post
2442 2620 2445 2623 ⁴

1335 2701 1564 2761 verbum
1580 2704 1933 2752 excusationem
1946 2698 2238 2755 delendum
2246 2707 2365 2757 erit.

1333 2778 1412 2831 Μ.
1464 2778 1673 2851 Sequor
1719 2778 2015 2833 Clarkium.
2056 2779 2210 2834 Idem
2251 2784 2367 2855 pla·

1336 2872 1521 2913 cuerat
1570 2856 1961 2931 Oudendorpio
1976 2898 1993 2927 ‚
2045 2861 2141 2931 qni
2190 2874 2367 2917 tamen

1335 2939 1395 2992 in
1429 2937 1514 2992 ed.
1550 2937 1780 2993 secunda
1810 2932 2096 3011 Vulgatam
2126 2944 2365 2999 retinuit.

1334 3020 1465 3089 Ejus
1489 3018 1655 3071 altero
1677 3018 1797 3072 loco
1818 3032 1963 3073 recte
1980 3020 2205 3075 tollitur.
2225 3023 2367 3078 Male

1337 3098 1452 3165 alii,
1470 3118 1589 3151 suoe.
1612 3096 1716 3155 ΟΒ.
1731 3100 1951 3169 —Que’s
1974 3100 2159 3163 urbem,
2179 3102 2244 3156 It.
2270 3116 2363 3159 ten.

1335 3180 1389 3231 Is
1413 3192 1531 3231 erat
1554 3178 1749 3232 Caesar.
1770 3180 1848 3231 Μ.
1862 3212 1943 3223 -—
1972 3180 2074 3232 Ubi
2092 3195 2362 3240 senatus....

1336 3258 1454 3310 Hoc
1477 3269 1557 3311 est
1584 3270 1825 3311 senatum
1845 3278 1957 3312 non
1984 3261 2145 3314 fuisse
2172 3263 2230 3315 in
2254 3283 2365 3317 cas-

1344 3338 1442 3391 tris
1484 3338 1768 3411 Pompeii,
1798 3336 1893 3393 sed
1942 3341 2143 3398 Romoe.
2173 3342 2367 3397 Fuerat

1339 3418 1484 3471 enim
1513 3436 1689 3490 nuper
1721 3418 1918 3491 duplex
1948 3420 2169 3474 Senatus
2188 3441 2204 3487 ς
2226 3438 2368 3479 unus

1337 3497 1483 3570 apud
1507 3499 1824 3570 Pompeium
1838 3539 1855 3565 ,
1871 3502 2003 3553 alter
2024 3502 2233 3567 Romus,
2256 3502 2367 3556 Cae-

1339 3579 1444 3631 sari
1489 3577 1685 3631 favens.
1726 3580 1805 3633 M.
1818 3610 1901 3621 —-
1928 3579 2124 3641 Consul.
2165 3578 2235 3635 Et
2276 3582 2367 3636 hio

1339 3669 1452 3712 erat
1478 3657 1670 3711 Caesar.
1708 3658 1786 3709 M.
2173 3723 2179 3726 .

1424 3757 1474 3789 2.
1514 3735 1697 3789 Tamen
1724 3757 1789 3788 se.
1814 3737 1956 3791 Male
1979 3738 2069 3791 hic
2095 3744 2364 3812 proeponi·

1340 3830 1428 3869 tur
1457 3816 1547 3869 sed
1555 3854 1571 3879 ,
1600 3828 1782 3868 ortum
1811 3835 1841 3869 e
1870 3817 2203 3888 proecedente
2228 3835 2364 3876 esset.

1340 3897 1480 3949 Boni
1507 3894 1667 3949 codd.
1701 3896 1973 3950 omittunt.
1990 3894 2198 3953 —Sui‘s
2226 3901 2366 3955 bene·

211 3985 545 4051 defensionem
581 3980 800 4053 quidam
829 3977 988 4033 codd.
1023 3975 1255 4031 habeant
1327 3975 1480 4047 ficiis.
1506 3978 1593 4027 An
1612 3978 1713 4027 suis
1734 3973 2061 4030 delendum?
2087 3979 2143 4031 Si
2168 3979 2237 4033 ad
2261 3984 2367 4035 De-

209 4067 570 4133 defizctionem·
549 4102 566 4125 ,
611 4064 891 4133 Deiotarus
924 4072 1100 4112 autem
1112 4096 1128 4122 ,
1163 4077 1253 4110 or·

209 4156 380 4201 natus
397 4141 675 4217 quondam
692 4161 722 4197 a
735 4142 939 4201 Caesare
955 4138 1252 4204 beneficiis,

1337 4059 1573 4127 jotarum
1612 4055 1873 4109 referatur
1886 4095 1903 4122 ,
1927 4056 1994 4109 ad
2034 4077 2193 4130 quem
2229 4063 2366 4115 refe-

1341 4134 1573 4191 rendum
1600 4148 1708 4203 est,
1737 4134 1967 4192 debebat
1998 4157 2109 4223 esse
2138 4143 2256 4213 ejus.
2286 4125 2367 4199 M}
