3025 5025
642 456 744 547 94
909 454 986 522 c.
1041 453 1328 528 JULn
1393 452 1869 522 CAEsAms
1920 415 2478 522 coMMENT.

636 586 938 680 primunt
953 638 973 673 ,
1003 586 1360 703 copiasque
1385 585 1456 652 in
1491 584 1725 654 castris
1761 584 2123 653 continent.
2163 586 2439 654 Postero
2477 583 2583 653 die
2602 637 2623 673 ,
2667 587 2788 654 Pe-

637 693 843 761 treius
885 717 1041 761 cum
1085 689 1311 786 paucis
1365 689 1695 784 equitibus
1743 689 2005 762 occulte
2047 690 2134 760 ad
2186 689 2600 811 exploranda
2642 689 2792 761 loca

635 797 1101 895 proficiscitur.
1136 800 1286 868 Hoc
1321 793 1500 866 idem
1534 796 1614 866 fit
1654 821 1737 866 ex
1774 799 2053 868 Caesaris
2084 799 2336 868 castris.
2378 799 2675 868 Mittitur
2713 801 2789 866 L.

638 905 958 975 Decidius
1001 889 1212 976 Saxa³
1259 927 1414 973 cum
1444 905 1706 998 paucis,
1748 906 1862 1000 qui
1900 903 2031 975 loci
2066 917 2375 974 naturam
2412 905 2790 1001 perspiciat.

638 1011 942 1106 Uterque
984 1011 1160 1080 idem
1199 1012 1335 1081 suis
1379 1012 1769 1082 renunciat.
1797 1035 1845 1080 v
1888 1009 2092 1080 millia
2134 1037 2451 1106 passuum
2487 1013 2794 1108 proxima

638 1117 1048 1189 intercedere
1085 1119 1334 1188 itineris
1376 1119 1805 1212 campestris3
1842 1117 1993 1188 inde
2031 1119 2335 1215 excipere
2370 1117 2519 1187 loca
2554 1143 2792 1212 aspera

638 1239 706 1294 et
731 1240 1124 1300 montuosa:
1146 1225 1260 1320 qui
1290 1217 1474 1320 prior
1500 1225 1625 1294 bas
1658 1226 1994 1320 angustias
2030 1227 2497 1322 occupaverit,
2540 1225 2626 1294 ab
2658 1225 2797 1294 hoc

636 1332 901 1402 hostem
932 1332 1308 1427 prohiberi,
1352 1329 1517 1413 nihil
1554 1356 1697 1402 esse
1738 1334 2006 1426 negotii.

744 1441 1034 1510 LXVII.
1072 1439 1515 1538 Disputatur'
1497 1463 1567 1506 m
1596 1437 1914 1508 concilio¹
1940 1463 1981 1507 a
2010 1439 2270 1507 Petreio
2299 1453 2368 1506 et
2390 1439 2705 1528 Afranio,
2728 1455 2794 1508 et

637 1560 906 1640 tempus
956 1543 1386 1640 profectionis
1436 1545 1773 1638 quaeritur.
1827 1535 2133 1640 Plerique
2190 1545 2583 1634 censebant,
2644 1561 2682 1598 ί(
2719 1559 2796 1614 ut

638 1667 847 1722 noctu
875 1655 1002 1720 iter
1029 1649 1386 1725 facerent²z
1419 1675 1614 1746 posse
1643 1653 1827 1746 prius
1853 1652 1936 1719 ad
1968 1676 2051 1720 an
2100 1655 2307 1721 ustias
2328 1653 2568 1740 veniri,
2593 1676 2795 1745 quam

639 1756 1077 1828 sentirentur!
1079 1787 1114 1824 n
1143 1756 1304 1845 Alii,
1341 1757 1567 1851 «quod
1592 1757 1804 1852 pridie
1827 1773 2033 1828 noctu
2104 1757 2594 1827 conclamatum
2624 1774 2799 1827 esset

636 1867 708 1933 in
746 1865 978 1934 castris
1015 1865 1327 1952 CaesariS‚
1363 1866 1741 1958 argumenti
1782 1865 2135 1935 sumebant
2172 1851 2383 1954 loco⁴‚
2424 1891 2563 1936 non
2598 1891 2798 1961 posse

639 1969 814 2040 clam
859 1972 1056 2059 exiri3
1099 1970 1545 2040 circumfundi
1586 1986 1791 2041 noctu
1828 1973 2198 2066 equitatum
2236 1975 2552 2060 Caesam,
2596 1985 2799 2066 atque

645 2080 878 2148 omnia
931 2076 1080 2145 loca
1137 2092 1338 2172 atque
1390 2078 1629 2145 itinera
1683 2078 2023 2172 obsideri.
2060 2093 2519 2173 nocturnaque
2570 2077 2799 2174 praelia

641 2208 783 2254 esse
818 2183 1123 2271 vitanda,
1166 2183 1346 2279 quod
1381 2177 1775 2279 perterritus
1828 2183 2075 2254 miles
2057 2211 2127 2253 1n
2171 2181 2349 2255 civili
2392 2185 2800 2254 dissensione

641 2292 866 2360 timori
916 2292 1162 2385 magiS,
1214 2316 1418 2384 quam
1461 2290 1801 2387 religioni,
1850 2277 2237 2362 consulere⁵
2292 2295 2687 2361 consuerit:
2732 2307 2803 2360 at

727 2467 781 2522 3.
821 2467 884 2521 L.
913 2467 1148 2519 Decidius
1183 2465 1338 2521 Sata.
1377 2467 1498 2521 Lib.
1541 2479 1675 2521 vett.
1764 2467 2029 2539 equitatus
2044 2485 2170 2521 cum
2186 2466 2583 2540 impedimentis
2600 2480 2653 2521 et
2664 2468 2799 2523 levis

643 2547 804 2611 Sana,
835 2548 925 2601 alii
957 2566 1150 2618 prave,
1172 2546 1325 2600 Saxo.
1353 2548 1490 2601 Isin
1514 2548 1679 2601 Celti·
1762 2561 2045 2603 armatura
2084 2549 2345 2603 militibus
2394 2549 2491 2619 qui
2530 2547 2701 2601 saltus*
2744 2562 2799 2601 et

640 2627 790 2680 beria
805 2640 986 2693 natus,
1010 2640 1306 2681 castrorum
1327 2628 1547 2681 Caesaris
1562 2646 1675 2680 me-

644 2720 785 2761 tator
812 2707 1081 2779 primum‚
1121 2720 1236 2759 tum
1270 2708 1384 2777 ejus
1411 2707 1679 2761 beneficio

643 2789 893 2840 tribunus
937 2786 1107 2858 plebis
1149 2787 1317 2839 factus
1330 2825 1349 2851 ,
1404 2800 1459 2839 et
1507 2787 1675 2839 altero

643 2868 785 2920 bello
811 2866 956 2919 civili
977 2866 1202 2921 Antonii
1224 2867 1451 2937 legatus,
1473 2866 1535 2919 in
1557 2866 1676 2919 Ma·

645 2944 926 2999 cedoniam
966 2964 1090 2999 cum
1135 2946 1392 2999 Norbano
1435 2946 1677 3013 transiit,

647 3044 751 3099 qua
773 3036 1028 3097 occupata
1051 3024 1196 3097 apud
1213 3025 1492 3096 Philippos
1507 3038 1678 3079 castra

647 3106 845 3179 posuit.
878 3108 959 3162 De
989 3106 1094 3159 hoc
1123 3105 1314 3160 Cicero
1332 3105 1391 3159 in
1416 3123 1525 3158 vm
1547 3106 1677 3159 Phi-

648 3185 874 3258 lippica,
904 3205 952 3240 c.
996 3186 1026 3239 3
1058 3202 1072 3238 t
1107 3186 1237 3239 item
1277 3184 1334 3237 in
1374 3205 1434 3249 x,
1481 3204 1584 3250 10,
1624 3196 1679 3239 et

645 3265 943 3339 proesertim
960 3283 1038 3331 11,
1062 3265 1092 3318 5
1111 3283 1124 3317 t
1144 3264 1332 3317 accedit
1344 3264 1498 3326 Saxa,
1522 3268 1678 3317 neseio

649 3352 780 3421 quis,
826 3365 961 3418 quem
997 3345 1132 3397 nobis
1177 3344 1374 3408 Coesar,
1414 3366 1474 3395 ex
1506 3346 1679 3398 ultima

653 3424 934 3488 Celtiberia,
966 3426 1205 3484 tribunum
1210 3425 1371 3496 plebis
1391 3426 1547 3487 dedit,
1569 3446 1677 3479 cas·

653 3521 833 3561 trorum
847 3518 992 3559 antea
1004 3517 1229 3568 metator,
1247 3525 1394 3569 nuuc,
1414 3518 1471 3557 ut
1483 3518 1675 3576 sperat,

608 3656 624 3660 -
651 3588 814 3641 urbis:
838 3607 871 3637 a
891 3606 988 3658 qua
1016 3605 1160 3658 quum
1177 3590 1242 3637 sit
1258 3586 1464 3648 alienus,
1487 3606 1576 3637 suo
1599 3606 1680 3637 ca-

629 3657 768 3740 ⁷pici,
796 3667 939 3721 salvis
961 3667 1122 3728 nobis,
1147 3671 1395 3719 ominetur.
1425 3666 1679 3721 Extincto

651 3749 797 3801 enim
830 3749 1035 3803 Caesare
1067 3744 1287 3799 adhaesit
1317 3746 1554 3799 Antonio
1568 3784 1586 3811 ,
1618 3759 1679 3798 ut

650 3826 864 3881 videtur
893 3827 950 3879 in
979 3828 1214 3897 Epitom.
1243 3826 1390 3892 Liv„
1417 3827 1452 3879 l.
1474 3843 1677 3879 cxxvn.

733 3907 862 3959 Cn.
885 3906 1113 3960 LXVII.
1153 3926 1201 3961 1.
1243 3907 1306 3958 Iu
1345 3907 1564 3959 concilio.
1596 3906 1679 3959 Ita

651 3987 977 4040 restituimus
997 4024 1014 4050 ,
1045 3998 1106 4039 ut
1135 3985 1249 4041 MS.
1281 3998 1462 4039 noster
1496 3986 1680 4038 habet.

651 4067 758 4119 Alii
775 4066 990 4118 consilio.
1009 4066 1112 4119 Hic
1125 4064 1386 4136 agendum
1404 4078 1545 4131 erat,
1566 4086 1677 4119 non

648 4144 1035 4199 consulendum
1087 4164 1102 4198 ε
1164 4158 1217 4199 et
1272 4144 1678 4214 praemittendus

1763 2628 1938 2681 fauces
1971 2629 2239 2681 montium
2274 2641 2595 2699 occuparent
2608 2666 2626 2694 ,
2664 2626 2801 2681 dum

1758 2708 2022 2778 legiones,
2046 2709 2299 2761 confertis
2338 2706 2645 2775 ordinibus,
2681 2709 2803 2761 Cae-

1763 2788 1957 2840 sariani
1970 2788 2232 2841 exercitus
2248 2789 2509 2859 impetum
2524 2788 2804 2841 sustinuis-

1761 2879 1880 2919 sent
1897 2905 1915 2932 ,
1968 2880 2023 2920 et
2064 2868 2255 2921 leniter
2302 2866 2607 2921 incedentes
2655 2886 2799 2939 pone

1762 2947 2059 3018 praemissos
2084 2960 2275 3001 secutae
2305 2948 2542 3002 fuissent.

1849 3046 1901 3080 2..
1932 3027 2005 3079 Ut
2019 3039 2165 3079 noctu
2194 3031 2286 3078 iter
2300 3030 2540 3095 facerent.
2571 3028 2764 3098 Veget.
2779 3066 2797 3093 ,

1762 3106 1799 3159 l.
1831 3122 1937 3171 111,
1966 3126 2014 3159 c.
2060 3111 2127 3160 6:
2159 3107 2379 3161 Cauteloe
2415 3120 2563 3178 caput
2592 3120 2694 3168 est,
2742 3120 2801 3159 ut

1756 3205 1849 3257 per
1884 3206 1992 3259 quoe
2039 3187 2176 3250 loca,
2223 3189 2311 3239 vel
2347 3187 2517 3260 quibus
2548 3187 2801 3239 itineribus

1762 3269 1831 3317 sit
1864 3268 2171 3336 profecturus
2210 3272 2445 3319 exercitus
2464 3305 2480 3329 ,
2510 3271 2796 3337 ignoretur.

1771 3346 2079 3399 Tutissimum
2108 3366 2310 3420 namque
2340 3350 2391 3399 in
2416 3347 2798 3418 expeditionibus

1764 3426 1975 3479 creditur
1995 3427 2232 3493 facienda
2268 3427 2331 3478 ab
2362 3426 2573 3478 hostibus
2606 3431 2795 3480 nesciri.

1848 3507 1901 3561 3.
1926 3506 2100 3559 Pridie
2124 3519 2283 3559 noctu.
2313 3504 2449 3560 cod.
2479 3506 2663 3561 Petav.
2683 3526 2795 3561 non

1766 3587 1999 3656 agnoscit
2020 3604 2208 3639 vocem
2232 3598 2391 3639 noctu.

1846 3673 1901 3731 4.
1933 3666 2228 3736 Argumenti
2254 3666 2507 3719 sumebant
2534 3666 2658 3719 loce.
2688 3668 2795 3719 Pro

1764 3760 2077 3817 argumento
2112 3746 2398 3801 habebant.
2440 3746 2669 3817 Elegans
2708 3746 2797 3799 hic

1732 3826 1909 3878 ‘vocis
1951 3826 2057 3877 loco
2096 3845 2222 3879 usus
2266 3825 2410 3898 apud
2452 3838 2701 3879 nostrum
2746 3838 2798 3879 et

1764 3903 1907 3977 apud
1942 3905 2073 3959 alios
2111 3907 2335 3960 obtinet.
2374 3904 2538 3973 Quod
2566 3925 2683 3959 non
2712 3905 2795 3959 in·

1764 3986 2055 4058 telligentes
2072 3988 2319 4040 nonnulli
2338 3999 2699 4059 reposuerunt
2714 4006 2795 4037 ar*-

1760 4079 2037 4135 gumentum
2057 4068 2310 4121 sumebant
2334 4069 2455 4119 loco.

1850 4147 1901 4199 5.
1926 4148 2172 4219 Relc‘gioni
2196 4148 2454 4199 consulere.
2488 4144 2554 4199 ld
2587 4145 2795 4199 efficere
2838 4199 2841 4205 ,
