3025 5025
597 467 740 535 DE
806 465 1152 535 BELLO
1219 467 1589 536 CIVILI.
1648 468 1839 536 LIB.
1898 469 2041 536 III.
2228 493 2369 538 221

237 621 364 667 aere
402 593 618 667 alieno
653 597 956 668 laborare
997 598 1478 685 arbitrabatur,
1522 597 1935 669 sollicitabat.
1972 600 2174 694 Apud
2214 627 2383 695 quos

227 719 442 798 quum
485 705 812 799 proficere
845 703 1009 774 nihil
1027 719 1288 799 ‚posset3
1309 704 1707 799 quibusdam
1741 705 1971 776 solutis
1999 707 2385 801 ergastuliS‚

233 811 482 880 Cosam
502 809 522 835 ²
563 813 636 880 in
661 835 842 906 -agro
881 811 1182 896 Thurino
1227 835 1619 907 oppugnare
1670 813 1891 906 coepit.
1938 815 2041 880 Eo
2092 839 2300 906 quum
2344 837 2385 882 a

235 917 316 1004 Q.
366 917 574 986 Pedio
617 932 902 1011 praetore
919 901 944 940 ³
989 941 1146 986 cum
1189 913 1450 1011 legione
1463 909 1529 940 ⁴⁸*
1567 916 1783 1011 lapide
1827 919 1997 988 ictus
2040 943 2123 988 ex
2158 943 2383 1009 muro,

235 1025 464 1118 periit;
507 1039 578 1093 et
615 1023 898 1112 Coelius,
932 1023 1308 1118 profectuS‚
1350 1038 1429 1092 ut
1464 1023 1843 1112 dictitabat,
1878 1024 1964 1092 ad
2014 1027 2384 1112 Caesarem,

236 1131 542 1222 pervenit
586 1131 874 1200 Thurios
903 1151 927 1198 ‘t
979 1130 1098 1198 ubi
1122 1184 1145 1218 ‚
1193 1154 1400 1224 quum
1463 1129 1791 1224 quosdam
1846 1131 1987 1223 ejus
2038 1132 2385 1226 municipii

237 1235 658 1324 sollicitaret,
712 1236 1176 1331 equitibusque
1219 1237 1500 1316 Caesaris
1546 1235 1753 1306 Gallis
1797 1250 1997 1330 atque
2041 1239 2387 1332 HispaniS,

238 1343 348 1436 qui
365 1368 468 1412 -eo
487 1342 778 1438 praesidii
818 1365 1020 1412 causa
1059 1343 1242 1412 missi
1284 1356 1474 1411 erant
1487 1397 1508 1431 ‚
1537 1344 1889 1437 pecuniam
1927 1341 2385 1438 polliceretur,

239 1449 320 1516 ab
346 1450 434 1518 iis
479 1463 582 1518 est
616 1448 1022 1519 interfectus.
1069 1435 1208 1516 Ita⁴
1255 1471 1651 1542 magnarum
1702 1451 1887 1518 initia
1948 1471 2206 1537 rerum,
2226 1465 2386 1544 'quae

229 1557 682 1651 occupatione
707 1557 1218 1650 magistratuum
1244 1570 1312 1624 et
1344 1571 1725 1650 temporum
1754 1555 2099 1625 sollicitam
2128 1555 2387 1626 Italiam

231 1662 608 1750 habebant,
645 1661 928 1731 celerem
967 1677 1034 1732 et
1075 1661 1340 1732 facilem
1376 1664 1633 1732 exitum
1676 1661 2076 1732 habuerunt.

339 1771 612 1839 XXIII.
655 1769 862 1857 Libo,
892 1767 1232 1864 profectus
1256 1770 1341 1838 ab
1370 1771 1579 1838 Orico
1615 1793 1772 1839 cum
1806 1767 2050 1856 classe,
2076 1770 2186 1838 cui
2221 1793 2388 1863 prae·

239 1953 446 2016 dedisse
460 1951 936 2036 Miloni,quumin
952 1963 1160 2016 Italiam
1177 1982 1269 2017 co·
1347 1961 1611 2034 proedandi
1654 1981 1825 2016 causa.
1864 1963 2047 2034 Aliqui
2088 1963 2389 2034 conjectant

235 2043 348 2114 'pias
376 2055 610 2114 cogeret.
1348 2043 2118 2114 proesidiandi.——Polliceretu>·.
2131 2039 2236 2094 Alii
2244 2043 2395 2113 polli-

319 2143 373 2176 α.
413 2123 613 2176 Cosam.
655 2122 814 2185 Cosa»
854 2123 1084 2176 Etruria
1113 2123 1270 2194 oppi-

238 2198 384 2256 dum.
412 2201 564 2256 Vide
584 2200 818 2256 indicem
837 2203 1269 2275 geographicum.

316 2283 374 2337 3.
399 2283 474 2352 Q.
490 2279 879 2354 Pedioproetom.
896 2285 978 2336 De
993 2302 1058 2337 eo
1074 2280 1198 2336 vide
1207 2275 1268 2336 Β.

239 2363 306 2414 Η.
317 2381 367 2417 c.
387 2381 411 2415 1
424 2382 454 2415 α
464 2362 690 2415 .-—·-Cum
702 2355 937 2432 legzone”'
952 2357 1114 2434 lapide
1133 2367 1270 2415 icms.

241 2443 356 2496 Hoc
373 2444 504 2496 loco
517 2444 774 2496 nonnulla
791 2441 972 2496 deesse
988 2443 1242 2498 videntur
1256 2478 1272 2507 ,

239 2542 358 2595 quae
398 2523 686 2585 restituere
726 2515 948 2579 difficile
983 2522 1274 2585 admodum

241 2604 332 2670 sit;
347 2624 484 2657 nam
497 2604 782 2657 verisimile
797 2623 908 2657 non
925 2617 1002 2657 est
1015 2598 1275 2657 Milonem

242 2702 270 2737 a
298 2698 541 2756 praetore
569 2682 749 2756 lapide
780 2686 948 2739 ictum
979 2704 1108 2739 esse.
1135 2684 1274 2751 Alii,

240 2784 342 2836 pro
387 2765 462 2835 Q.
498 2764 656 2815 Pedio
685 2778 898 2835 proetore
917 2805 934 2827 ,
979 2765 1164 2837 legunt
1207 2764 1274 2817 P.

241 2845 402 2897 Pedio
429 2844 682 2915 proditore
708 2845 793 2899 vel
813 2846 1091 2912 funditore,
1127 2842 1273 2916 quod

242 2924 590 2977 verisimilius
616 2937 724 2990 est,
755 2936 818 2977 ut
846 2924 1040 2979 Pedius
1071 2926 1170 2978 iste
1193 2924 1276 2977 di-

241 3024 430 3057 versus
452 3005 525 3057 sit
545 3004 612 3057 ab
643 3004 747 3057 alio
768 3003 961 3069 Pedio,
983 3004 1103 3059 viro
1126 3004 1278 3058 illus·

243 3085 313 3137 tri
345 3098 402 3139 et
422 3085 694 3157 praetorio.
720 3084 1078 3157 Oudendorp.
1099 3102 1280 3139 emen·

245 3163 337 3217 dat
363 3185 378 3220 :
413 3166 473 3219 Is
494 3186 550 3216 eo
576 3185 719 3238 quum
747 3186 778 3217 a
806 3166 874 3237 Q.
899 3166 1056 3219 Pedio
1080 3185 1184 3217 eum
1209 3166 1280 3217 le·

241 3248 391 3314 gione
404 3248 573 3306 misso,
592 3240 754 3317 lapide
761 3249 889 3298 :ictus
901 3267 962 3299 ex
975 3236 1277 3316 mut-operti&

244 3324 458 3379 Eadem
473 3362 490 3389 ,
515 3342 634 3396 quae
659 3345 845 3397 supra,
867 3324 1154 3380 difficultas
1175 3345 1283 3379 ma·

245 3418 358 3459 net.
373 3438 463 3449 —
481 3406 729 3472 Quosdam
755 3409 857 3477 ejus
882 3410 1128 3477 municipii
1145 3407 1282 3459 solli·-

246 3488 441 3539 σίων-εί.
469 3486 552 3539 Ita
573 3486 746 3541 nostri
764 3484 941 3549 codd„
970 3500 1023 3539 et
1053 3486 1282 3540 maxima

245 3584 374 3636 pars
393 3565 999 3638 Oudendorpianorum.
1021 3567 1284 3620 Nonnulli

246 3664 354 3717 pro
377 3648 485 3717 ejus
503 3650 750 3717 mum'cipii
761 3647 959 3701 habent
971 3651 1280 3701 constantius.

248 3728 387 3795 Alii,
408 3748 556 3801 quum
582 3730 758 3783 Cosam
775 3735 876 3802 ejus
888 3732 1184 3785 sollicitaret.
1202 3731 1284 3785 Si-

249 3825 322 3860 ne
345 3827 527 3863 sensu.
543 3812 884 3865 —Proesc'dc’L
905 3810 1076 3866 codd.
1101 3830 1286 3865 omnes

242 3888 543 3957 proedandi;
571 3902 627 3943 et
667 3910 768 3963 ego
796 3892 1024 3945 libenter
1055 3910 1280 3963 repone·

253 3986 374 4021 rem
390 4008 408 4035 ‚
425 3988 552 4023 nam
568 3970 648 4022 nil
670 3970 898 4043 impedit
911 3972 1041 4045 quin
1069 3973 1127 4025 in
1145 3972 1286 4026 hello

1357 2127 1609 2186 citaretur,
1640 2121 1789 2195 quo'd
1815 2126 2073 2194 majorem
2110 2122 2389 2194 emphasin

1357 2203 1536 2258 habet.

1442 2292 1496 2348 4.
1512 2285 1611 2336 Ita.
1631 2273 1764 2352 Alii,
1776 2283 2046 2356 Itaque.—
2061 2282 2389 2352 Occzqmtione

1360 2369 1746 2434 magistratuum.
1763 2363 1917 2418 Rarae
1946 2359 2238 2414 admodum
2266 2367 2391 2415 sunt

1359 2443 1503 2517 apud
1534 2445 1795 2500 Caesarem
1810 2480 1828 2508 ‚
1860 2457 1935 2495 οε
1972 2457 2092 2514 quae
2131 2450 2391 2508 vocantur

1359 2519 1609 2577 sententie
1622 2562 1638 2586 .
1678 2542 1902 2595 quaeque
1950 2519 2094 2594 apud
2140 2521 2356 2573 Livium
2369 2559 2389 2588 ‚

1360 2602 1668 2658 Sallustium
1683 2643 1700 2670 ,
1718 2603 2070 2673 Tacitumque
2095 2600 2391 2672 praesertim

1361 2684 1671 2756 frequenter
1729 2693 2037 2736 occurrunt.
2087 2681 2154 2731 In
2204 2692 2389 2733 nostro

1361 2764 1633 2818 luculenta
1656 2762 1797 2828 fluit,
1818 2779 1926 2815 uno
1944 2760 2240 2831 ‘eodemque
2258 2772 2393 2813 trac·

1363 2858 1424 2898 tu
1453 2844 1707 2897 narratio,
1735 2841 2027 2914 Singularis
2051 2859 2175 2895 sane
2204 2858 2266 2893 ea
2285 2859 2391 2893 vox

1364 2927 1673 2996 occupatione
1686 2928 2051 2995 magistratuum
2064 2934 2115 2973 et
2132 2933 2390 2991 temporum

1366 2997 1560 3057 'vossio
1573 3016 1815 3075 suspecta
1826 3004 2018 3068 fuerat,
2032 3010 2086 3056 et
2102 3014 2213 3055 tota
2230 3002 2391 3053 etiam

1365 3084 1627 3139 sententia
1661 3089 1764 3160 ipsi
1793 3098 2049 3157 corrupta
2069 3074 2390 3137 ‘videbatun

1363 3161 1598 3237 Intelligi
1612 3185 1790 3223 tamen
1818 3168 1994 3240 potest
2024 3162 2213 3218 eodem
2236 3179 2393 3215 sensu

1367 3269 1476 3321 quo
1485 3249 1623 3303 illud
1635 3252 1694 3303 B.
1706 3251 1869 3317 Al.,c.
1884 3242 2291 3313 34,ubidici,tur
2300 3240 2392 3294 ali·

1367 3330 1487 3402 quis
1503 3342 1708 3384 tentare
1726 3332 1849 3402 jura
1861 3326 2069 3407 populi,
2083 3326 2392 3393 occupatione

1368 3411 1496 3473 belli,
1513 3412 1619 3465 hoc
1643 3423 1740 3478 est,
1758 3410 1887 3481 quia
1906 3407 2139 3480 populus
2152 3402 2394 3474 prohibi·

1368 3504 1452 3545 tus
1470 3492 1821 3563 occupatione
1851 3501 1905 3542 et
1934 3482 2393 3541 administratione

1368 3572 1529 3637 belli,
1559 3590 1673 3625 nou
1690 3571 1817 3633 satis
1834 3568 2054 3639 vigilare
2072 3578 2231 3636 atque
2253 3561 2393 3613 tueri

1369 3670 1462 3705 sua
1497 3656 1617 3722 jura
1658 3660 1885 3723 poterat.
1922 3648 2005 3699 Ita
2048 3656 2121 3698 et·
2140 3642 2233 3695 hic
2264 3638 2397 3693 dicit

1369 3732 1629 3786 inhibitos
1654 3748 1765 3784 esse
1785 3728 2145 3799 magistratus,
2162 3718 2397 3775 difficul-

1371 3824 1496 3866 tate·
1511 3824 1567 3865 et
1600 3810 1769 3865 veluti
1802 3806 2151 3879 occupatione
2188 3812 2397 3871 tempos

1372 3911 1523 3957 rum,
1542 3890 1829 3963 quominus
1856 3886 1999 3951 malo
2028 3892 2398 3947 occurrerent,

1373 3984 1637 4045 quantum
1654 3986 1865 4024 necesse
1881 3968 2085 4021 fuisset:
2101 3982 2206 4016 vox
2220 3974 2400 4015 tamen

255 4049 407 4102 ciVffi
423 4087 440 4115 9
457 4050 710 4105 adversus
733 4054 890 4106 urbes
908 4054 1150 4107 inimicas
1171 4052 1291 4107 mit-
1377 4052 1710 4116 insolentior,
1724 4064 1777 4104 et
1788 4058 1981 4122 'parum
1998 4047 2144 4100 abest
2152 4042 2287 4115 quin
2302 4040 2397 4094 ali-

257 4138 446 4184 tantur
475 4131 680 4203 equites
710 4133 956 4200 barbari,
981 4147 1036 4189 et
1072 4132 1291 4207 quidem
1378 4131 1514 4205 quid
1544 4131 1723 4187 deesse
1736 4128 2063 4186 cum'Vossio
2080 4124 2395 4179 existimem.
