3025 5025
573 371 715 494 ns
758 423 1109 492 BELLo
1151 424 1529 495 clvlm.
1589 426 1778 494 Lm.
1840 427 1893 494 1.
2164 453 2311 528 109

179 571 242 626 ut
267 570 407 625 tum
444 557 702 626 accidit.
745 555 957 625 Millia
994 558 1172 626 enim
1205 558 1543 654 progressi
1564 560 1689 646 IV,
1724 559 2315 659 vehementiusque

179 664 507 758 peragitati
543 663 630 732 ab
671 664 972 757 equitatu
987 717 1008 751 ‚
1044 678 1344 733 montem
1380 662 1715 734 excelsum
1746 668 2021 762 capiunt
2040 723 2059 757 ‚
2089 670 2311 764 ibique

179 794 289 838 una
305 770 528 839 fronte
549 768 570 794 ¹
600 785 838 840 contra
860 771 1122 839 hostem
1143 784 1364 840 castra
1389 771 1735 859 muniunt,
1762 797 1979 866 neque
1997 775 2314 867 jumentis

181 901 358 944 onera
398 875 768 972 deponunt.
801 878 944 946 Ubi
982 879 1262 946 Caesaris
1303 892 1523 947 castra
1566 879 1781 972 posita
1802 933 1820 966 ,
1857 879 2313 952 tabernacula-

179 1007 284 1076 que
299 985 661 1052 constituta
677 1037 695 1070 ,
713 998 782 1052 et
803 983 1106 1054 dimissos
1135 984 1384 1078 equites
1407 983 1766 1079 pabulandi
1790 1009 1991 1056 causa
2016 989 2312 1058 animum

182 1088 629 1178 adverterunt,
677 1115 820 1160 sese
875 1089 1096 1160 subito
1135 1091 1546 1209 proripiunt:
1588 1091 1759 1159 hora
1794 1095 2058 1162 circiter
2094 1094 2315 1164 sexta²

182 1195 450 1288 ejusdem
493 1195 667 1285 diei,
709 1211 779 1266 et
816 1221 1002 1292 spem
1059 1198 1240 1266 nacti
1293 1221 1540 1285 morae,
1584 1197 1877 1268 discessu
1934 1215 2317 1270 nostrorum

184 1304 494 1396 equitum,
523 1304 652 1372 iter
689 1303 908 1374 facere
949 1305 1291 1399 incipiunt.
1332 1305 1490 1392 Qua
1536 1329 1607 1372 re
1650 1305 2149 1395 animadversa,
2172 1310 2317 1376 Cae-

186 1432 290 1496 sar,
319 1395 604 1479 relictis³
634 1408 1037 1505 legionibu5‚
1067 1411 1525 1504 subsequitur,
1553 1411 1857 1504 praesidio
1886 1413 2319 1508 impedimen-

185 1516 252 1583 tis
286 1541 533 1610 paucas
570 1517 882 1586 cohortes
920 1515 1278 1610 relinquit.
1311 1517 1480 1586 hora
1514 1519 1581 1584 X
1625 1517 1935 1636 subsequi
1972 1519 2319 1636 palbulato-

188 1646 272 1691 res
283 1625 725 1718 ,equitesque
751 1625 1054 1694 revocari
1079 1624 1288 1718 jubet.
1327 1621 1655 1692 Celeriter
1688 1625 2019 1718 equitatus
2046 1595 2132 1695 ad
2158 1653 2321 1721 quo·

253 1827 369 1882 Cn.
382 1829 620 1883 LXXX.
645 1847 696 1882 1.
716 1828 828 1882 Una
837 1831 1024 1896 fronte.
1040 1830 1202 1882 Recte

191 1925 241 1958 ex
265 1907 410 1962 codd.
439 1929 551 1981 pro
581 1909 830 1963 Ciaccon.
865 1911 1202 1982 conjectura,

191 1986 387 2060 Scaliger
431 1989 687 2043 exhibuit
729 2009 826 2040 una
856 2009 890 2040 a
920 1991 1088 2057 frome
1103 2026 1119 2054 ,
1143 2000 1206 2042 ut

194 2086 270 2118 una
315 2070 382 2122 sit
436 2069 782 2124 adverbium.
841 2066 1206 2125 Praecedentes

192 2145 292 2201 edd.
312 2161 360 2201 et
383 2150 525 2204 Cell.
547 2169 608 2203 ac
625 2149 777 2202 MSS.
798 2168 983 2202 omnes
1005 2149 1208 2202 habent

193 2223 272 2278 una
271 2229 430 2296 fronte
441 2270 457 2292 ‚
479 2228 639 2301 quod
657 2229 852 2282 mutari
871 2248 982 2281 non
1001 2227 1205 2281 debuit.

192 2307 418 2380 Intelligit
443 2310 604 2364 enim
634 2311 841 2373 Casu,
871 2321 1040 2362 castra
1063 2326 1176 2360 non
1190 2346 1208 2373 ,

192 2399 242 2440 ut
263 2387 404 2452 alias,
427 2401 674 2462 quatuor
697 2390 940 2461 partibus
961 2407 1072 2442 esse
1095 2406 1212 2440 mu·

197 2467 311 2535 nita,
341 2469 430 2524 sed
461 2483 686 2525 tantum
715 2488 854 2536 una,
881 2487 1074 2541 nempe
1105 2487 1212 2541 qua

197 2546 376 2603 hostem
403 2551 756 2623 spectabant3
791 2563 884 2615 ut,
915 2548 1047 2602 dum
1075 2567 1211 2620 pau-

197 2626 344 2681 lulum
373 2634 732 2685 subsisterent
747 2669 764 2696 ,
794 2630 896 2683 tuti
927 2643 1130 2694 essent;
1161 2641 1215 2681 et

200 2712 576 2781 quamprimum
590 2749 610 2777 ,
627 2711 672 2763 si
684 2710 907 2776 vellent,
923 2708 1215 2782 procedere

199 2801 404 2857 possent.
419 2793 590 2845 Frons
619 2802 884 2842 castrorum
914 2789 1106 2861 saepius
1123 2806 1216 2840 oc·

201 2871 371 2935 currit,
396 2873 518 2925 utl.
540 2870 703 2923 11113.
723 2872 816 2935 C.,
835 2888 882 2923 c.
904 2871 996 2940 37.
1027 2869 1216 2920 Front.

201 2964 284 3011 111,
317 2968 400 3021 17,
437 2952 504 3018 5,
525 2954 678 3019 fossa
707 2954 760 3001 in
777 2952 947 3017 fronte
969 2968 1216 3019 percussa.

205 3026 441 3086 Onnum).
473 3064 548 3074 —
587 3031 894 3100 Proripiunt.
925 3028 1030 3081 Alii
1057 3066 1074 3093 ,
1097 3048 1218 3099 pro-

206 3124 430 3179 mnpunt;
461 3111 627 3165 male.

275 3208 321 3242 2.
345 3192 487 3243 Hor-a
518 3193 718 3243 circiter
745 3201 897 3242 sexta.
926 3187 1059 3241 Est
1045 3206 1222 3258 ipsum

208 3268 1072 3339 tempusmeridianum.Vetq·ibus
1081 3268 1224 3319 enim

208 3344 330 3402 horae
357 3349 597 3423 duplicis
627 3349 836 3420 generis
873 3349 932 3400 in
966 3367 1070 3400 usu
1107 3348 1225 3399 fue-

209 3440 315 3481 runt
340 3448 353 3482 :
386 3429 790 3503 aequinoctiales
829 3429 939 3482 sive
971 3425 1225 3499 oequidia-

213 3504 296 3573 les,
311 3529 421 3581 quae
441 3510 678 3575 Graecis,
697 3507 999 3579 ἰσημεριναὶ,
1018 3527 1084 3559 ex
1101 3527 1228 3579 qua-

214 3603 314 3640 rum
340 3592 531 3661 viginti
570 3601 812 3682 quatuor
854 3607 1078 3642 numero
1115 3586 1228 3641 dies

215 3671 552 3735 constituitur,
567 3670 634 3722 iis
649 3669 838 3739 aequali
851 3670 1020 3740 spatio
1035 3666 1232 3720 distan-

216 3746 350 3802 tibus.
365 3752 432 3803 At
451 3752 777 3823 plerumque
799 3746 943 3821 apud
961 3761 1230 3812 auctores,

214 3824 340 3881 horae
346 3831 686 3902 temporales,
696 3828 932 3899 χρονικαὶ,
939 3846 1236 3881 memoran-

220 3916 308 3960 tur.
345 3910 437 3962 11ae
469 3923 654 3963 autem
694 3908 1089 3980 distinguebant
1116 3921 1234 3960 tum

219 4000 427 4055 noctem,
439 4004 562 4043 tum
574 3989 772 4053 diem,
757 4002 832 4043 ita
845 4003 905 4041 ut
924 4001 1150 4060 utraque
1174 3988 1234 4039 in

222 4062 484 4123 duodecim
523 4072 686 4125 horas
725 4068 1058 4123 divideretur
1075 4106 1092 4135 ,
1141 4066 1236 4121 sed

1291 1828 1515 1882 omnino
1545 1828 1877 1899 inaequaliter
1891 1866 1915 1900 ,ἱ
1930 1831 2083 1901 juxta
2111 1828 2323 1884 dierum

1292 1927 1352 1961 ac
1374 1908 1615 1961 noctium
1641 1909 1984 1963 incrementa.
2000 1911 2179 1964 Prima
2198 1930 2325 1982 ergo

1291 1988 1428 2041 hora
1453 1988 1770 2059 incipiebat,
1796 1989 2003 2043 oriente
2031 1991 2173 2056 sole3
2193 1990 2328 2044 duo·

1293 2066 1499 2121 decima
1515 2105 1532 2131 ,
1564 2066 1753 2120 eodem
1798 2067 2073 2122 occidente
2104 2070 2327 2123 finieba-

1294 2162 1384 2201 tur
1403 2166 1420 2214 ;
1441 2160 1585 2200 sexta
1599 2186 1615 2213 ‚
1637 2147 1887 2201 meridies
1912 2150 2045 2215 fuit;
2063 2151 2221 2202 tertia
2242 2148 2327 2203 di-

1294 2225 1525 2280 midium
1548 2229 1805 2299 temporis
1825 2230 1967 2280 inter
1994 2229 2118 2281 solis
2148 2242 2331 2282 ortum

1296 2321 1351 2361 et
1379 2306 1679 2361 meridiem.
1710 2309 1787 2360 Ut
1817 2309 1983 2379 igitur
2012 2308 2146 2361 hora
2184 2328 2329 2381 qum-

1295 2388 1456 2452 libet,
1498 2386 1645 2458 apud
1685 2400 1889 2439 veteres
1907 2425 1923 2452 ,
1964 2407 2088 2440 cum
2136 2390 2333 2442 nostris

1298 2467 1633 2533 conferatur,
1674 2468 1911 2538 primum
1948 2469 2082 2521 scire
2123 2486 2334 2521 necesse

1299 2561 1380 2600 est
1395 2566 1463 2599 an
1485 2548 1729 2613 hiemali,
1746 2561 1837 2600 aut
1860 2549 2040 2601 aestivo
2064 2561 2344 2619 tempore,-

1299 2646 1384 2681 res
1416 2640 1619 2698 agatur.

1386 2708 1439 2760 3.
1464 2708 1664 2759 Relictis
1686 2706 1967 2775 legionibus.
1988 2706 2065 2759 Ea
2082 2720 2161 2761 est
2175 2707 2335 2761 lectio

1303 2786 1463 2841 codd.
1491 2787 1737 2838 omnium
1762 2804 1923 2855 quam
1952 2787 2337 2861 interpretatur

1305 2864 1659 2938 Oudendorp.
1686 2884 1700 2919 ε
1729 2885 1833 2916 cum
1852 2868 2114 2936 legionibus
2138 2869 2231 2920 sibi
2260 2888 2338 2919 re-

1304 2949 1461 3010 lictis,
1491 2964 1623 3018 quas
1644 2964 1823 2999 secum
1848 2946 2077 3000 habebat
2101 2947 2337 3015 relictas,

1306 3046 1430 3080 nam
1445 3028 1607 3099 paulo
1623 3039 1745 3078 ante
1758 3024 2031 3079 dimiserat
2044 3028 2343 3101 equitatum

1308 3126 1466 3163 suum
1507 3126 1632 3159 cum
1674 3106 2076 3177 pabulatoribus
2094 3148 2110 3172 ,
2150 3120 2234 3173 et,
2282 3122 2343 3161 ut

1308 3185 1596 3240 verisimile
1615 3198 1693 3239 est
1703 3223 1719 3251 ,
1736 3204 1858 3239 cum
1874 3187 2137 3259 expeditis
2153 3190 2345 3242 cohor-

1311 3268 1481 3332 tibus3
1509 3266 1655 3319 unde
1693 3268 1873 3318 relictoe
1916 3270 2124 3338 legiones
2170 3287 2341 3341 oppo-

1311 3360 1517 3399 nuntur
1544 3346 1763 3399 dimisso
1790 3348 2067 3417 equitatui.
2087 3350 2169 3401 Ita
2199 3350 2347 3401 enim

1313 3427 1503 3499 saepius
1528 3426 1769 3499 loquitur
1792 3428 1993 3494 Caesar,
2012 3430 2074 3481 Β.
2090 3427 2280 3493 G.1.v,
2296 3446 2343 3481 c.

1321 3525 1385 3575 19
1401 3508 1635 3559 :dimissis
1659 3506 1965 3577 amplioribus
1991 3512 2139 3577 copiis
2156 3541 2173 3569 ‚
2198 3508 2346 3559 milli·

1317 3588 1440 3640 libus
1459 3592 1650 3639 circiter·
1664 3588 1699 3639 Ι
1697 3586 1756 3638 V
1761 3587 2132 3639 Essedariorum
2150 3589 2345 3652 relictis,

1299 3671 1491 3737 'itinera
1537 3680 1701 3719 nostra
1744 3666 1967 3719 servabat
1985 3688 2006 3728 ,-
2040 3679 2093 3718 et
2137 3667 2195 3719 in
2231 3666 2349 3738 ipso

1320 3748 1500 3819 primo
1525 3749 1584 3799 B.
1612 3748 1671 3801 C.
1694 3785 1710 3812 ,
1740 3765 1786 3799 c.
1820 3753 1913 3809 41.
1930 3748 2161 3817 Vulgata
2188 3747 2351 3799 habet

1319 3828 1503 3879 eductis
1522 3865 1538 3892 ,
1566 3825 1712 3899 quod
1742 3826 1847 3877 hoc
1876 3826 1997 3879 loco
2026 3827 2105 3878 nil
2134 3826 2259 3880 facit
2282 3825 2350 3879 ad

1320 3926 1462 3970 rem3
1473 3925 1599 3959 nam
1610 3907 1700 3960 hic
1708 3918 1877 3959 castra
1889 3906 2094 3959 munita
2105 3906 2353 3961 habuisse

1325 3988 1585 4041 Caesarem
1599 4024 1616 4051 ,
1632 3984 1775 4039 unde
1790 3985 1985 4039 educere
2004 3987 2238 4059 legiones
2254 4006 2353 4060 po·

1323 4066 1487 4121 tuerit
1503 4104 1521 4132 ,
1540 4066 1804 4119 incertum
1834 4079 1928 4119 est.
