3025 5025
1019 416 1592 487 AFRICANO.
2248 418 2388 505 481

252 548 540 645 amplius
584 535 923 652 singulos⁶
952 548 1209 621 additos
1253 575 1480 622 servos
1522 547 1614 619 in
1629 544 1806 617 navi
1823 544 2262 643 imponendos
2295 576 2403 621 se-

249 660 539 751 paratim
582 661 860 727 curavit.

361 766 506 849 LV.
566 764 811 849 Gaetuli
852 766 1133 839 interim.
1160 762 1457 861 perfugae
1480 818 1501 849 ‚
1551 788 1720 857 quos
1762 788 1917 861 cum
1959 761 2164 852 literis
2217 788 2405 833 man·

252 869 559 964 datisque
594 893 635 945 ,a
666 876 931 941 Caesare
960 872 1195 942 missos
1228 894 1429 964 supra
1466 869 1816 959 docuimus
1837 868 1879 957 ¹,
1913 869 1998 937 ad
2037 894 2192 937 suos
2229 872 2407 939 cives

253 978 659 1070 perveniunt
683 1002 697 1043 :
722 976 1011 1070 quorum
1034 978 1427 1047 auctoritate
1450 976 1642 1045 facile
1670 976 1974 1063 adducti,
1999 977 2407 1069 Caesarisque

253 1084 529 1161 nomine
547 1086 877 1176 persuasi,
894 1106 933 1159 ,a
947 1108 1103 1181 rege
1120 1087 1157 1154 J
1160 1083 1293 1151 uba
1314 1082 1692 1152 desciscunt
1703 1137 1722 1170 ‚
1741 1082 2172 1177 celeriterque
2185 1086 2410 1153 cuncti

250 1212 445 1279 arma
474 1192 787 1282 capiunt,
814 1205 1179 1283 contraque
1206 1214 1434 1283 regem
1464 1189 1682 1259 facere
1710 1214 1845 1257 non
1874 1188 2197 1257 dubitant.
2233 1190 2408 1279 Qui-

192 1312 195 1315 ’
248 1294 383 1389 bus
422 1295 621 1363 rebus
660 1299 978 1390 cognitis,
1020 1297 1229 1381 Juba‚
1272 1296 1598 1365 distentus
1642 1296 1887 1390 triplici
1927 1294 2103 1364 bello
2125 1350 2145 1383 ,
2180 1300 2408 1364 neces-

240 1403 581 1495 :sitateque
618 1418 888 1472 coactus
911 1456 931 1487 ‚
980 1402 1065 1494 de
1109 1405 1241 1471 suis
1292 1404 1537 1495 copiiS‚
1576 1426 1742 1495 quas
1796 1415 2032 1470 contra
2078 1404 2407 1497 Caesarem

245 1506 625 1589 *adduxerat
648 1562 667 1595 ‚
707 1532 819 1577 sex
868 1496 1181 1577 cohortes
1235 1510 1302 1575 in
1349 1508 1517 1577 fines
1569 1510 1760 1603 regni
1817 1510 1919 1577 sui
1963 1510 2166 1580 mittit
2191 1563 2211 1596 ‚
2261 1534 2409 1603 quae

253 1628 475 1702 essent
492 1614 807 1708 ‚praesidio
852 1608 1087 1685 contra
1113 1613 1438 1703 Gaetulos.

365 1722 546 1789 LVI.
604 1722 827 1792 Caesar
853 1775 874 1809 ‚
933 1721 1222 1791 brachiis
1271 1718 1584 1815 perfectis
1610 1774 1630 1807 ,
1686 1723 2143 1817 promotisque
2199 1745 2409 1817 usque

255 1851 381 1927 eo,
408 1825 577 1919 quo‘
604 1826 808 1896 telum
838 1853 919 1897 ex
950 1827 1198 1923 oppido
1226 1827 1421 1920 adjici
1446 1852 1584 1896 non
1614 1842 1874 1923 posset,
1897 1842 2116 1898 castra
2149 1832 2367 1897 munit
2393 1856 2406 1896 :

152 1988 162 2003 .
254 1932 509 2003 balistis
550 1936 1139 2029 scorpionibusque
1201 1934 1451 2003 crebris
1500 1948 1655 2003 ante
1700 1934 1996 2003 frontem
2038 1949 2438 2005 castrorum'

255 2053 625 2134 contraque
662 2041 982 2135 oppidum
1027 2040 1404 2125 collocatiS‚
1438 2040 1821 2109 defensores
1865 2042 2040 2110 muri
2077 2040 2414 2111 deterrere

256 2170 401 2214 non
438 2148 872 2231 intermittit3·
898 2170 1111 2241 eoque
1138 2148 1205 2214 V
1238 2146 1531 2240 legiones
1569 2172 1651 2214 ex
1689 2148 2137 2242 superioribus
2179 2151 2413 2217 castris

256 2251 548 2321 deducit.
607 2254 761 2343 Qua
820 2252 1132 2349 facultate
1184 2250 1405 2321 oblata
1433 2308 1453 2341 ,
1510 2246 1910 2325 illustriores*
1956 2255 2411 2348 notissimique

258 2374 693 2453 conspectum
748 2348 1118 2431 amicorum
1185 2360 1850 2454 propinquorumque
1915 2359 2372 2457 efflagitabant
2396 2414 2415 2448 ‚

258 2480 463 2560 atque
498 2467 672 2534 inter
703 2475 771 2534 se
800 2463 1366 2560 colloquebantur.
1406 2467 1576 2558 Quae
1612 2468 1718 2534 res
1755 2464 1915 2559 quid
1957 2465 2256 2536 utilitatis
2293 2467 2413 2537 ha-

258 2573 487 2659 beret,
514 2575 845 2644 Caesarem
888 2599 1023 2644 non
1061 2572 1347 2644 fallebat.
1390 2560 1698 2665 Namque
1730 2571 1976 2642 Gaetuli
2001 2598 2083 2644 ex
2119 2569 2418 2667 equitatu

259 2681 448 2773 regio
495 2679 903 2762 nobilioreS‚
960 2683 1389 2774 equitumque
1444 2678 1789 2773 praefecti,
1844 2704 2130 2772 quorum
2188 2696 2410 2775 patres

260 2812 419 2856 cum
461 2788 678 2855 Mario
722 2801 874 2855 ante
912 2801 1324 2874 meruerant,
1368 2786 1642 2892 ejusque
1677 2785 2002 2854 beneficio
2046 2787 2220 2880 agris
2259 2787 2407 2854 fini-

260 2893 519 2986 busque
550 2893 815 2978 donati,
843 2909 995 2988 post
1018 2891 1212 2964 Sullae
1239 2894 1588 2962 victoriam
1625 2893 1748 2963 sub
1769 2891 2208 2987 Hiempsalis²
2239 2896 2412 2990 regis

220 3083 225 3086 Ι
262 3013 454 3086 erant
483 3015 809 3093 potestate
830 3000 1003 3087 dati,
1031 3002 1377 3069 occasione
1404 3013 1632 3094 capta,
1655 3014 1882 3085 nocte,
1891 3023 2031 3092 jam
2055 2998 2410 3072 luminibus

218 3187 225 3190 ,
260 3108 559 3176 accensis
573 3161 596 3193 ,¹
626 3131 779 3175 cum
820 3108 1018 3204 equis·
1043 3105 1517 3203 calonibusque
1562 3107 1692 3174 suis
1735 3107 2002 3175 circiter
2039 3106 2216 3178 mille
2260 3107 2414 3203 per«

314 3345 401 3398 ,6.
438 3339 656 3410 Singulis
676 3359 771 3392 non
784 3357 912 3408 amp.
934 3339 1165 3409 singulos.
1182 3337 1289 3392 Alii
1375 3337 1566 3409 Adjici.
1595 3335 1768 3392 codd.
1803 3350 1856 3390 et
1895 3336 2018 3393 edd.
2053 3353 2180 3394 vett.
2213 3338 2362 3410 abjici
2391 3359 2404 3392 ε

256 3421 481 3492 singulos
509 3439 557 3472 n.
590 3440 639 3472 a.
672 3412 875 3488 singulas
914 3419 1093 3472 additis
1124 3439 1227 3470 serv
1203 3422 1285 3470 υ.ιζς
1376 3419 1531 3470 male.
1561 3416 1692 3470 vid.
1725 3420 1787 3472 B.
1821 3419 1888 3472 G.
1917 3439 2000 3484 nr,
2037 3422 2126 3475 23.

255 3502 427 3554 ...1η
445 3504 570 3552 navi.
589 3499 676 3552 Sic
692 3497 870 3566 codd„
884 3499 969 3551 vel
982 3518 1123 3552 nave.
1150 3497 1291 3550 Mihi
1462 3519 1511 3551 2.
1531 3499 1842 3569 Hiempsalis.
1857 3499 1960 3552 Hic
1973 3499 2246 3571 Hiempsal
2261 3502 2318 3553 ΙΙ
2333 3515 2408 3554 est

215 3646 222 3653 ,
254 3580 483 3638 videtur
504 3579 697 3632 lineola
714 3598 873 3652 supra
888 3579 1125 3632 vocalem
1138 3577 1293 3662 omis·
1376 3578 1409 3629 J
1412 3579 1530 3629 ubae
1565 3579 1722 3649 Regis
1750 3591 1918 3649 pater.
1951 3579 2131 3632 Celtar.
2156 3613 2237 3623 --
2258 3582 2407 3633 Pote-

252 3682 333 3718 ω.
348 3659 585 3712 Onam..
1377 3670 1501 3709 state
1514 3657 1642 3720 dati,
1666 3661 1910 3710 occasione
1933 3672 2091 3730 capta.
2112 3659 2264 3715 Leid.
2288 3679 2336 3714 1.
2355 3673 2408 3714 et

340 3741 479 3794 Car.
510 3740 629 3792 LV.
661 3758 709 3792 1.
740 3740 1017 3790 Docuimus.
1040 3736 1169 3807 Cap.
1198 3736 1288 3789 32.
1380 3735 1463 3789 ed.
1488 3737 1631 3789 Flor.
1637 3750 1882 3808 ‚accepta.
1910 3737 2260 3811 Oudendorp.
2281 3761 2410 3794 con-

245 3853 339 3872 ...—
356 3819 424 3876 N
420 3823 781 3890 ccessetateque..
804 3819 891 3871 Sic
924 3815 1082 3870 codd.
1114 3817 1292 3886 Vulgo
1375 3817 1490 3888 jicit
1517 3816 1774 3888 scriptum
1798 3818 1958 3870 fuisse
1985 3819 2104 3870 data
2135 3825 2403 3884 occasione,
2446 3869 2452 3874 .

245 3899 512 3958 enclitica
542 3896 702 3966 deest.
1381 3909 1534 3948 nocte.
1566 3896 1651 3949 Sic
1679 3910 1733 3949 et
1761 3897 2148 3952 Bentleiu3.1n
2178 3901 2406 3954 lectione

340 3981 481 4034 Cn».
510 3979 654 4033 LVI.
686 3998 733 4032 1.
754 3980 857 4040 Eo,
883 3997 993 4050 quc.
1010 3977 1095 4030 Sic
1113 3976 1290 4028 Davis.
1380 3977 1593 4047 vulgata
1620 3975 1907 4047 legendum
1938 3979 2075 4033 foret
2102 3991 2408 4051 potestatem.-

240 4081 281 4115 ο
310 4055 486 4120 codd.
520 4059 626 4114 Alii-
648 4080 705 4112 co
729 4071 819 4120 ut,
849 4059 941 4138 vel*
964 4080 1020 4111 eo
1044 4058 1187 4130 quod.
1209 4089 1289 4105 -ψ-
1386 4057 1493 4114 0⁰8.
1527 4057 1619 4108 Nil
1649 4055 1967 4116 mutandum
2005 4079 2071 4113 ex
2114 4060 2402 4120 codicibus.

366 4171 474 4242 Π..
1768 4264 1771 4267 ¹
1995 4152 2080 4240 ’τι
