3025 5025
593 454 744 526 306
886 457 963 523 C.
1020 456 1304 545 J-ULII
1363 453 1833 521 CAESARIS
1890 452 2443 524 COMMENT.

587 590 818 683 visque
841 586 1132 657 militum.
1150 586 1655 680 infringeretur,
1674 586 1981 679 aciesque
1994 584 2529 687 distenderetur,
2548 600 2735 681 atque

588 697 658 763 in
689 698 824 764 suis
849 694 1193 771 ordinibus
1225 694 1525 787 dispositi
1552 692 1883 787 dispersos
1912 692 2371 761 adorirentur:
2404 692 2739 787 leniusque

589 827 822 871 casura
856 800 992 896 pila
1031 801 1346 895 sperabat
1369 854 1388 887 ,
1426 802 1492 869 in
1533 798 1683 869 loco
1727 800 1999 867 retentis
2045 798 2362 869 militibus
2388 854 2407 886 ,
2451 824 2651 894 quam
2690 804 2741 869 si

585 910 710 1002 ipsi
751 910 1058 977 immissis
1103 906 1248 976 telis
1292 908 1785 975 occurrissent:
1822 904 2017 975 simul
2063 906 2240 993 fore,
2274 922 2380 994 ut,
2405 906 2743 1002 duplicato

585 1040 822 1102 cursu,
852 1017 1130 1083 Caesaris
1167 1012 1406 1083 milites
1445 1010 2043 1111 exanimarentur²,
2070 1027 2137 1082 et
2173 1012 2557 1084 lassitudine
2588 1040 2743 1083 con--

585 1122 966 1191 sinerentur.
1007 1117 1234 1209 Quod
1287 1120 1482 1189 nobis
1533 1120 1803 1213 quidem
1859 1119 2043 1187 nulla
2095 1122 2353 1189 ratione
2410 1120 2665 1189 factum
2706 1148 2743 1191 a

584 1230 904 1325 Pompeio
948 1228 1242 1314 videtur,
1279 1241 1637 1321 propterea
1673 1225 1854 1319 quod
1900 1241 2001 1294 est
2042 1226 2348 1319 quaedam
2390 1228 2597 1295 animi
2638 1230 2743 1297 in-

584 1338 810 1405 citatio
853 1350 1056 1428 atque
1099 1333 1404 1403 alacritas
1447 1318 1875 1423 naturaliter³
1919 1333 2149 1404 innata
2208 1334 2557 1420 omnibus,
2602 1361 2743 1428 quae

585 1442 806 1511 studio
834 1466 1076 1536 pugnae
1104 1440 1500 1511 incenditur.
1534 1444 1727 1509 Hanc
1753 1464 1893 1507 non
1930 1440 2325 1533 reprimere,
2352 1440 2471 1507 sed
2500 1463 2743 1535 augere

584 1550 1021 1642 imperatores
1065 1547 1352 1635 debent;
1401 1572 1619 1639 neque
1658 1547 1906 1615 frustra
1958 1548 2323 1639 antiquitus
2366 1547 2743 1618 institutum

584 1641 743 1741 est4,
765 1669 842 1733 ut
880 1656 1068 1748 signa
1105 1654 1404 1747 undique
1433 1656 1894 1739 concinerent,
1924 1651 2421 1747 clamoremque
2448 1656 2741 1725 universi

584 1760 894 1830 tollerent
925 1786 940 1829 ε
988 1761 1230 1854 quibus
1274 1760 1484 1831 rebus·
1507 1774 1577 1829 et
1620 1760 1847 1829 hostes
1884 1761 2153 1848 terreri,
2185 1774 2253 1829 et
2290 1786 2445 1829 suos
2484 1763 2743 1831 incitari

582 1870 1147 1939 existimaverunt.
1908 1852 1915 1857 ¹

688 1976 945 2041 XCIII.
1003 1973 1133 2041 Sed
1180 1975 1390 2041 nostri
1444 1972 1719 2061 milites,
1766 1974 1923 2042 dato
1970 1975 2189 2068 signo,
2236 1999 2441 2066 quum
2488 1975 2743 2045 infestis

581 2079 727 2174 pilis
789 2080 1405 2173 procucurrissent,
1452 2094 1651 2173 atque
1695 2080 2352 2166 animadvertissent,
2394 2106 2535 2149 non
2578 2108 2743 2151 con·-

582 2188 764 2263 curri
805 2210 846 2253 a
887 2187 1340 2279 Pompeianis3
1385 2211 1514 2254 usu
1564 2186 1817 2281 periti¹,
1868 2211 1945 2255 ac
1998 2186 2453 2281 superioribus
2502 2191 2743 2283 pugnis

583 2418 841 2471 admodum
861 2418 1130 2468 delectabat
1159 2420 1303 2467 etiam
1340 2417 1548 2476 Triarii,
1570 2420 1620 2467 in

1710 2434 1821 2469 esse
1840 2416 2022 2480 nobis,
2041 2417 2097 2467 in
2113 2418 2273 2487 hujus
2286 2419 2492 2488 generis
2509 2420 2749 2490 judiciis,

584 2500 671 2551 illa
711 2511 856 2550 aetate
871 2537 886 2562 ,
917 2498 1066 2568 plena
1109 2498 1337 2548 litteratae
1367 2490 1647 2548 senectutis'

1709 2495 1919 2550 modus.
1954 2498 2067 2550 Nec
2106 2500 2267 2551 etiam
2303 2500 2417 2552 haec
2461 2503 2748 2554 naturaliter

584 2583 760 2631 oratio.
816 2581 1019 2648 Quanta
1071 2582 1295 2628 severitas
1349 2581 1400 2627 ia
1438 2567 1621 2627 ‘vulta-l

590 2661 840 2729 Quantum
877 2658 1070 2728 pondus
1118 2663 1169 2708 in
1221 2657 1381 2708 ‘verbis
1396 2665 1416 2708 !
1459 2657 1623 2725 Quam

586 2739 714 2791 nihil
735 2759 831 2789 non
856 2737 1206 2790 consider-atum
1233 2737 1400 2788 exibat
1423 2757 1482 2787 ex
1507 2754 1589 2787 ore
1602 2744 1623 2787 .'

673 2841 724 2870 2.
751 2819 1184 2870 Exanimarentm·.
1209 2815 1528 2868 Emendatio
1546 2829 1626 2868 est

585 2899 712 2952 Aldi
733 2937 748 2963 ,
777 2912 938 2969 quem
985 2899 1152 2950 secuti
1202 2909 1326 2948 sunt
1373 2894 1621 2948 editores.

589 2978 719 3031 Vid.
749 2979 784 3030 l.
806 2979 918 3040 III,
945 2979 1006 3030 B.
1031 2978 1097 3030 G.
1116 3019 1130 3046 ,
1149 2997 1196 3030 c.
1228 2995 1249 3028 1
1265 2997 1320 3045 9,
1343 2981 1627 3028 exanimati-

591 3080 682 3131 que
693 3071 1028 3129 pervenerunt.
1056 3059 1120 3109 In
1143 3055 1297 3109 Leid.
1320 3075 1376 3128 p.
1401 3069 1454 3108 et
1479 3057 1626 3107 Bon-

591 3159 755 3210 gars.‚
785 3157 814 3190 a
841 3137 1073 3190 secunda
1103 3154 1298 3189 manu:
1322 3139 1626 3188 exinaniren-

591 3235 688 3272 tur.
731 3219 864 3282 Alii,
897 3231 950 3270 et
979 3219 1148 3270 nostri
1191 3216 1301 3269 duo
1333 3235 1346 3268 :
1380 3219 1627 3268 existima-

593 3313 787 3363 rentur,
829 3300 1027 3370 absque
1075 3316 1248 3350 sensu.
1295 3299 1418 3348 Duo
1466 3294 1627 3349 codd.

592 3392 866 3434 oestuarent.

679 3463 731 3514 3.
754 3459 1080 3513 Naturaliter.
1099 3458 1166 3508 In
1185 3458 1290 3510 hoc
1315 3455 1629 3508 adverbium

594 3543 940 3594 vehementer
994 3538 1269 3590 invehitur
1315 3531 1592 3588 'Bentleius
1614 3573 1631 3598 ,

597 3621 744 3692 quod
767 3621 996 3673 latinum
1019 3637 1129 3672 esse
1153 3628 1334 3688 negat3
1365 3633 1428 3668 eo
1453 3629 1631 3668 tamen

589 3703 682 3755 usi
713 3701 837 3754 sun-t
861 3701 1079 3761 Cicero,
1105 3696 1174 3749 de
1197 3696 1366 3748 divin.
1389 3697 1425 3748 l.
1454 3715 1503 3761 1,
1532 3696 1631 3761 503

589 3783 743 3835 ‹VelL
775 3801 854 3846 11,
883 3785 987 3844 603
1015 3779 1157 3830 Plin.
1190 3773 1281 3840 511,
1315 3783 1387 3846 47
1431 3789 1484 3828 et
1526 3783 1631 3841 24,

607 3862 696 3915 25.
723 3863 857 3926 Quae
885 3877 1016 3912 vero
1039 3869 1119 3910 est
1137 3858 1227 3909 illa
1251 3856 1436 3909 infelix
1453 3875 1637 3909 recen-

601 3942 802 3994 tiorum
833 3939 1109 4011 superbia,
1142 3938 1266 4008 qui,
1294 3957 1385 3990 sua
1417 3949 1633 4011 sponte,

603 4023 731 4074 huic
768 4033 859 4073 aut
889 4021 968 4073 illi
1000 4019 1154 4083 voci,
1175 4020 1260 4090 jus
1289 4035 1523 4069 romanae
1556 4017 1633 4068 ci-

1711 2580 1904 2638 itmata,
1934 2577 2305 2647 pleonasmum
2328 2592 2579 2650 reputes3
2606 2603 2746 2635 nam-

1710 2673 1845 2726 que,
1874 2655 2018 2728 apud
2047 2659 2335 2723 Caesarem,
2362 2667 2431 2712 ‘ut
2468 2662 2543 2713 ait
2576 2663 2746 2714 Ober-

1709 2737 1877 2801 linus,
1898 2741 2114 2788 innatum
2136 2751 2241 2802 est,
2260 2739 2408 2810 quod
2429 2741 2488 2792 in
2508 2743 2744 2794 animum

1712 2835 2051 2887 quocumque
2098 2817 2263 2870 modo
2318 2819 2563 2886 illatum;
2606 2821 2745 2894 quod

1712 2897 1890 2948 animo
1904 2916 2238 2968 quacumque
2258 2897 2325 2951 de
2340 2919 2492 2952 causa
2508 2901 2747 2955 inhaeret.

1712 3009 1793 3020 -——
1809 2977 2102 3030 [recenditur.
2123 2976 2230 3042 AL,
2254 2981 2590 3034 incenduntur.

1719 3093 1725 3098 -
1797 3058 2040 3131 43Neque
2054 3059 2251 3124 frustra
2270 3063 2547 3114 institutum
2572 3075 2661 3114 est.
2688 3063 2759 3112 A:

1715 3137 1919 3188 Gellius
1938 3175 1953 3198 ,
1980 3137 2016 3188 l.
2048 3155 2070 3188 1
2087 3175 2103 3202 ,
2122 3157 2127 3166 ·
2146 3137 2386 3190 noctium
2418 3142 2751 3205 Atticarum,

1715 3235 1763 3267 c.
1796 3233 1844 3267 11
1862 3255 1877 3282 ,
1902 3217 2067 3268 multa
2094 3220 2335 3289 exempla
2361 3223 2627 3292 proponit
2656 3241 2752 3293 po·

1714 3296 1969 3366 pulcrum
2033 3315 2327 3368 gracorum
2356 3337 2373 3363 ,
2424 3301 2575 3353 idem
2632 3320 2751 3354 cum

1712 3376 1975 3447 Pompeio
1998 3378 2057 3428 in
2086 3397 2147 3430 ea
2177 3397 2237 3430 re
2268 3381 2645 3447 sentientium3
2672 3383 2751 3452 ip-

1717 3475 1941 3526 sumque
1979 3458 2273 3510 Homerum
2292 3499 2307 3522 ‚
2340 3461 2436 3531 qui
2480 3461 2755 3516 silentium

1718 3537 1919 3588 Graecis
1962 3539 2279 3608 pugnaturis
2328 3541 2608 3608 attribuit,
2646 3541 2753 3596 cla-

1716 3635 1894 3668 mores
1915 3616 2043 3668 vero
2060 3619 2323 3688 TrojaniS.
2345 3619 2451 3672 Sed
2474 3635 2529 3674 et
2546 3641 2753 3674 morem

1719 3709 1895 3748 tamen
1906 3697 2278 3749 'Romanorum
2300 3699 2567 3754 fatebatur
2579 3702 2757 3765 fuisse,

1717 3789 1810 3840 ut,
1845 3795 2043 3854 magno
2094 3779 2321 3848 strepitu
2342 3817 2358 3845 ,
2398 3779 2465 3833 ad
2518 3801 2753 3853 pugnam
2806 3789 2819 3798 '

1718 3855 2088 3926 procederent.
2118 3860 2294 3923 Quem
2313 3861 2430 3932 lege
2460 3861 2577 3914 fuse
2602 3861 2675 3914 de
2698 3879 2755 3914 ea

1716 3953 1778 3988 re
1800 3935 2164 3991 disserentem.
2196 3939 2341 3992 Gon.

1802 4017 1933 4070 Cir.
1962 4019 2165 4070 XCIII.
2194 4037 2243 4072 1.
2272 4017 2375 4072 Usu
2390 4025 2559 4090 periti.
2590 4022 2679 4074 Sic
2708 4035 2759 4074 et

598 4101 778 4156 vitatis
822 4099 1102 4178 auferunt!
1159 4099 1426 4151 Maximus
1474 4096 1638 4150 debet
1722 4095 2005 4164 Phaedrus,
2032 4097 2069 4151 l.
2104 4117 2200 4164 111,
2221 4101 2251 4153 3
2266 4118 2287 4168 3
2318 4099 2523 4154 Hirtius
2543 4141 2560 4170 ,
2584 4103 2651 4154 B.
2674 4101 2754 4153 Al.
