3025 5025
657 382 803 501 144
965 414 1043 482 c.
1098 410 1382 481 JULII
1423 409 1903 486 ,CAESARIS
1957 410 2509 480 COMMENT.

646 560 834 634 sunt,
861 546 1000 615 sine
1027 540 1326 639 periculo
1358 555 1732 638 supportat.
1768 540 2091 612 Celeriter
2120 567 2224 612 res
2254 541 2805 610 administratur:

649 654 946 722 diuturni
993 649 1238 720 laboris
1282 648 1759 718 detrimentum
1814 646 2082 718 solertia
2118 663 2186 717 et
2218 649 2469 728 virtute
2498 646 2807 738 'militum

649 759 839 828 brevi
891 740 1491 828 reconcinnatur³:
1549 768 1797 852 portae,
1834 753 2075 849 quibus
2108 754 2270 824 locis
2307 754 2612 843 videtur,
2657 778 2807 836 eru-

650 867 897 960 ptionis
933 887 1134 935 causa
1167 866 1236 934 in
1281 887 1477 931 muro
1518 861 2003 955 relinquuntur.

755 973 946 1041 XVI.
1004 969 1208 1059 Quod
1249 969 1365 1038 ubi
1405 969 1633 1038 hostes
1662 967 1974 1038 viderunt
1994 966 2040 1056 ¹,
2068 992 2148 1036 ea
2172 1020 2191 1055 ,
2233 992 2381 1061 quae
2421 965 2536 1036 diu
2578 965 2810 1061 longo-

653 1102 780 1174 que
815 1079 1034 1172 spatio
1067 1075 1252 1145 refici
1281 1100 1418 1143 non
1454 1099 1649 1170 posse
1688 1088 2091 1170 sperassent,
2125 1098 2496 1168 paucorum
2542 1073 2812 1146 dierum

651 1208 858 1280 opera
893 1198 960 1252 et
995 1183 1222 1253 labore
1265 1183 1360 1251 ita
1391 1182 1676 1270 refecta,
1706 1196 1783 1250 ut
1806 1179 2027 1250 nullus
2071 1179 2365 1275 perfidiae
2404 1205 2622 1275 neque
2664 1205 2810 1248 eru-

651 1291 865 1386 ptioni
905 1289 1094 1360 locus
1139 1287 1312 1358 esset
1339 1339 1358 1372 ,
1401 1312 1619 1383 neque
1664 1287 2033 1382 quidquam
2076 1289 2349 1357 omnino
2392 1285 2806 1381 relinquere-

654 1411 802 1485 tur,
845 1421 980 1492 quo
1016 1411 1134 1464 aut
1169 1398 1236 1463 vi
1272 1395 1589 1464 militibus
1611 1448 1630 1483 ‚
1668 1409 1784 1463 aut
1822 1396 1957 1488 igni
1996 1394 2341 1491 operibuS‚
2372 1395 2600 1463 noceri
2653 1418 2805 1488 pos·

654 1517 788 1592 set3
831 1502 1200 1596 eodemque
1245 1501 1553 1596 exemplo
1598 1501 1928 1585 sentiunt,
1978 1515 2187 1570 totam
2223 1501 2496 1588 urbem,
2537 1525 2675 1594 qua
2728 1501 2807 1570 sit

655 1610 872 1680 aditus
907 1609 993 1678 ab
1037 1605 1270 1697 terra²,
1301 1634 1496 1677 muro
1535 1607 1961 1701 turribusque
2013 1609 2348 1676 circumiri
2390 1631 2583 1702 posse
2603 1660 2626 1694 ‚
2680 1608 2805 1693 sic,

647 1730 731 1784 ‘ut
767 1717 924 1810 ipsis
969 1715 1372 1784 consistendi
1417 1717 1486 1782 in
1532 1716 1667 1784 suis
1703 1713 2187 1783 munitionibus
2224 1712 2409 1782 locus
2441 1739 2581 1781 non
2607 1728 2805 1800 esset,

654 1847 862 1916 quum
902 1846 1089 1916 paene
1127 1820 1523 1889 inaedificata
1564 1822 1633 1889 in
1665 1823 1873 1889 muris
1916 1821 1999 1889 ab
2041 1821 2335 1890 exercitu
2370 1834 2602 1888 nostro
2644 1846 2802 1889 moe-

653 1929 766 1996 nia
806 1927 1194 1995 viderentur
1216 1981 1237 2016 ‚
1275 1950 1354 1997 ac
1399 1926 1531 1996 tela
1568 1952 1775 1995 manu
1830 1927 2319 2021 conjicerentur
2338 1979 2357 2014 ,
2400 1951 2805 2020 suorumque

657 2047 1149 2102 tormentorum
1179 2059 1369 2102 usum
1393 2087 1412 2121 ‚
1436 2033 1677 2126 quibus
1712 2035 1837 2130 ipsi
1871 2058 2114 2128 magna
2154 2035 2625 2129 speravissent,
2660 2057 2803 2127 spa-

654 2140 749 2207 tio
804 2141 1316 2235 propinquitatis
1371 2141 1674 2225 interire;
1728 2143 2007 2236 parique
2056 2140 2448 2210 conditione
2487 2163 2569 2208 ex
2612 2165 2802 2208 muro

701 2355 706 2360 ’
739 2341 795 2395 3.
821 2342 1221 2395 Reconcinnatur.
1248 2339 1473 2395 Codices
1501 2359 1687 2396 omnes

653 2421 854 2474 habent
884 2423 1232 2474 reconciliatur.
1250 2423 1444 2474 Noster
1467 2419 1588 2473 cod.
1620 2423 1685 2474 R.

1860 2343 1993 2397 Car.
2018 2344 2172 2396 XVI.
2206 2361 2253 2396 1.
2282 2342 2434 2412 Quod
2449 2342 2535 2395 ubi
2552 2343 2711 2394 hostes
2731 2343 2805 2392 vi-

1775 2423 1963 2476 derunt.
1990 2421 2143 2475 Leid.
2178 2441 2308 2487 sec.‚
2346 2421 2449 2476 Sed
2486 2423 2585 2475 ubi.
2620 2421 2802 2474 Nostri

661 2501 730 2573 57
741 2505 812 2557 68
827 2521 840 2555 ε
855 2501 1065 2555 breviore
1081 2502 1385 2566 conciliatur,
1403 2499 1687 2568 mendose;

654 2581 801 2635 unde
837 2583 1066 2654 conjicio
1093 2582 1378 2654 genuinam
1405 2582 1691 2634 lectionem

657 2662 818 2715 fuisse
838 2664 969 2715 brevi
983 2662 1271 2714 conciliatur
1285 2674 1341 2715 et
1361 2661 1436 2714 sic
1455 2662 1687 2733 explico:

657 2742 986 2793 detrimentum
1023 2754 1298 2813 acceptum
1325 2741 1478 2795 brevi
1519 2760 1690 2795 resar-

658 2824 799 2874 citur
817 2858 833 2886 ,
862 2835 1170 2893 reparatur,
1200 2821 1351 2892 quasi
1381 2822 1440 2873 in
1465 2822 1691 2891 gratiam

657 2914 712 2954 et
754 2902 1018 2955 honorem
1055 2901 1347 2971 pristinum
1379 2897 1553 2965 redit3
1577 2918 1691 2953 me-

658 2981 883 3051 taphora
922 2978 1095 3033 audax
1137 2981 1302 3051 petita
1347 2982 1413 3033 ab
1458 2980 1692 3033 amicitia

659 3078 777 3131 quae
818 3060 1142 3132 suspiciones
1180 3072 1234 3113 et
1263 3061 1503 3131 querelas
1546 3059 1691 3113 inter

659 3140 856 3193 amicos
883 3152 1024 3191 ortas
1047 3151 1274 3210 reparat.
1296 3138 1497 3193 Eadem
1524 3138 1691 3209 expli-

659 3220 798 3273 catio
851 3217 1068 3273 dabitur
1121 3220 1272 3273 verbi
1327 3220 1690 3284 reconciliatur,

655 3298 804 3372 quod
842 3298 1042 3352 habent
1082 3299 1259 3352 caeteri
1299 3318 1484 3351 omnes
1524 3296 1687 3351 codd.

658 3382 729 3432 At
763 3379 962 3444 critici,
989 3378 1090 3433 hac
1125 3379 1437 3450 metaphora
1470 3378 1690 3443 offensi,

655 3472 1012 3531 reposuerunt
1063 3463 1440 3513 reconcinnarier.
1479 3458 1689 3511 Concin-

657 3559 774 3592 nare
807 3553 885 3593 est
916 3552 1037 3611 apte
1067 3557 1387 3609 componere
1402 3576 1419 3605 ,
1451 3540 1655 3591 εὐταθέω
1672 3578 1686 3591 .

657 3622 912 3689 συντίθημι
929 3657 946 3684 ,
962 3621 1274 3683 συσκευαζω,
1293 3637 1404 3691 quo
1423 3619 1592 3675 verbo
1606 3618 1690 3671 usi

654 3714 782 3753 sunt
811 3700 1116 3771 frequenter
1137 3698 1373 3762 Plautus,
1391 3710 1446 3751 et
1471 3698 1689 3762 Cicer0‚

657 3780 826 3851 Epist.
850 3778 918 3832 ad
935 3778 1200 3846 Quintum
1225 3779 1446 3830 fratrem
1469 3777 1506 3828 l.
1529 3795 1575 3829 11
1589 3815 1604 3843 ‚
1624 3782 1686 3831 6:

658 3865 990 3911 reconcinnave
1033 3858 1196 3929 igitur
1250 3877 1432 3911 rursus
1447 3894 1464 3923 ‚
1507 3855 1689 3909 denuo

659 3957 978 4009 componere
994 3976 1011 4003 ,
1033 3937 1262 4009 ideoque
1301 3956 1573 4010 reparare,
1602 3956 1688 3991 re·

658 4018 816 4071 ficere
827 4056 843 4082 ,
861 4018 1121 4071 resarciri.
1140 4019 1192 4071 N
1194 4038 1264 4071 on
1276 4020 1414 4072 male
1427 4056 1444 4084 ,
1461 4016 1557 4071 sed
1572 4018 1689 4071 sine

659 4098 987 4151 auctoritate.

1774 2501 1955 2569 codd.,
1970 2503 2131 2572 Quod.
2156 2505 2244 2568 At,
2255 2517 2315 2557 ut
2326 2504 2677 2557 observarunt
2692 2502 2800 2554 Ma-

1775 2596 1892 2635 nut.
1921 2597 1976 2636 et
2005 2583 2280 2648 Ciaecon.,
2305 2584 2437 2656 quod
2455 2584 2515 2635 in
2538 2584 2799 2653 composi-

1776 2664 1923 2715 tione
1946 2661 2189 2716 eamdem
2214 2664 2329 2716 vim
2354 2664 2578 2716 obtinet.

1862 2763 1913 2796 π.
1946 2743 2060 2813 Qua
2088 2747 2157 2794 sit
2193 2743 2354 2795 aditus
2392 2743 2454 2793 ab
2494 2754 2640 2795 terr-a.
2667 2743 2801 2795 Male

1778 2822 2008 2893 Vulgata
2042 2820 2441 2875 distinctionem
2478 2823 2661 2893 posuit
2687 2834 2802 2893 post

1776 2919 1964 2955 vocem
2012 2902 2191 2954 aditus.
2220 2925 2303 2937 —
2332 2901 2605 2954 Circumiri.
2654 2901 2799 2954 Idem

1776 2993 1856 3035 est
1880 2980 2029 3052 quod
2058 2986 2381 3051 circumcingi.
2402 2983 2487 3035 Ita
2514 2979 2677 3035 codd.
2698 3000 2802 3032 om-

1776 3080 1899 3115 nes:
1924 3073 1977 3114 at
2018 3062 2288 3115 Hotmano
2324 3062 2525 3133 placuit
2552 3066 2799 3113 circumve-

1777 3145 1899 3203 uiri,
1928 3140 2078 3212 quod
2110 3142 2355 3196 Clarkius
2384 3142 2588 3211 recepit
2616 3142 2676 3193 in
2714 3160 2801 3193 sua

1777 3220 2030 3275 editione.
2061 3222 2361 3275 Auctoritas
2390 3220 2549 3274 codd.
2574 3230 2801 3293 praestat.

1776 3332 1859 3345 --
1873 3302 2026 3353 Poene
2048 3301 2307 3371 oedificata.
2320 3341 2335 3355 .
2348 3341 2363 3355 .
2396 3306 2583 3354 moenia.
2609 3301 2807 3353 Moenia

1774 3380 2139 3434 Romanorum
2174 3382 2424 3447 lateritia,
2462 3393 2523 3433 ut
2554 3379 2805 3446 vidimus,

1776 3479 1891 3531 cap.
1934 3459 2286 3532 praecedenti‚
2316 3462 2390 3513 ita
2418 3480 2589 3532 prope
2624 3479 2805 3513 muros

1775 3542 1926 3594 urbis
1950 3554 2149 3595 structa
2170 3554 2321 3595 erant
2334 3578 2351 3607 ,
2372 3553 2435 3593 ut
2456 3560 2545 3593 eos
2560 3540 2673 3593 fere
2695 3552 2805 3591 tan·

1776 3622 2143 3692 gerent.Vulg.
2157 3660 2174 3685 ,
2186 3620 2565 3691 inoedficata.-
2580 3620 2803 3673 Sum-um-

1777 3721 1867 3768 que
1892 3713 2230 3753 tormentorum
2249 3720 2384 3753 usum
2396 3739 2411 3762 ‚
2430 3712 2519 3753 etc.
2541 3699 2609 3753 Id
2630 3701 2799 3771 ipsum

1775 3780 1975 3834 Lucan.
2012 3781 2088 3835 sic
2115 3779 2387 3845 describit,
2406 3781 2442 3833 1.
2470 3797 2541 3832 111
2558 3820 2572 3843 ,
2592 3799 2643 3833 v.
2670 3786 2797 3850 477:

1778 3865 1879 3917 Qua
1896 3868 2006 3919 prius
2022 3865 2196 3919 exlongo
2218 3876 2443 3905 nocuerunt
2463 3866 2583 3905 misna
2601 3878 2751 3904 recessu
2762 3891 2773 3909 ,

1776 3926 1803 3965 J
1805 3940 1868 3965 am
1903 3936 1994 3979 post
2026 3936 2134 3979 terga
2162 3927 2307 3965 cadunt
2328 3954 2340 3973 ,
2376 3940 2449 3965 nec
2486 3926 2619 3965 Graiis
2651 3923 2795 3963 flectere

1776 4050 1857 4088 Aut
1866 3997 2131 4089 fncssblffass
2142 4016 2203 4086 est
2224 4045 2441 4101 longinqua
2457 4048 2508 4085 ad
2522 4046 2599 4087 tela
2616 4048 2736 4101 parati

1774 4110 1982 4151 Tormenti
2001 4120 2151 4151 mutare
2172 4112 2336 4149 modum
2345 4136 2491 4151 ......
