3025 5025
610 469 758 539 260

926 470 1001 535 G.
1059 465 1343 558 JULII
1400 459 1869 530 CAESARIS
1925 455 2479 526 COMMENT.

598 601 1103 685 vulneraretur3
1153 610 1572 690 quatuorque
1636 615 1719 660 ex
1786 614 1923 657 una
1988 588 2265 656 cohorte
2328 588 2745 656 centuriones

597 707 828 777 oculos
875 707 1256 773 amiserunt.
1298 704 1387 769 Et
1429 724 1637 792 quum
1680 695 1925 765 laboris
1970 696 2068 763 sui
2113 693 2521 808 periculique
2565 695 2739 760 testi-

597 817 899 883 monium
939 811 1148 879 affere
1190 807 1474 894 vellent,
1514 803 1721 873 millia
1748 803 2137 896 sagittarum
2183 802 2461 868 circiter
2486 784 2745 884 XXX3,

595 924 665 988 in
711 917 1052 989 castellum
1095 915 1430 1008 conjecta,
1472 911 1718 1002 Caesari
1755 921 2384 994 renumeraverunt3
2428 915 2747 999 scutoque

597 1028 682 1094 ad
723 1051 876 1094 eum
916 1023 1124 1092 relato
1163 1024 1408 1090 Scaevae
1444 1017 1884 1102 centurionis,
1912 1016 2187 1082 inventa
2224 1027 2379 1082 sunt
2413 1014 2482 1079 in
2524 1037 2607 1080 eo
2652 1012 2747 1079 fo-

598 1134 854 1200 ramina
891 1133 1104 1198 CXX.
1137 1129 1359 1216 Quem
1405 1128 1669 1211 Caesar,
1698 1137 1773 1190 ut
1808 1135 1953 1189 erat
1988 1120 2071 1188 de
2110 1145 2178 1188 se
2216 1122 2532 1205 meritus,
2561 1134 2632 1187 et
2670 1119 2749 1186 de

589 1238 979 1334 republica,
1019 1235 1341 1303 donatum
1395 1229 1685 1299 millibus
1736 1228 2073 1314 ducentis3
2114 1241 2313 1319 atque
2364 1226 2449 1292 ab
2497 1227 2751 1294 octavis

599 1344 944 1414 oidinibus
983 1341 1068 1410 ad
1097 1342 1390 1436 primum
1429 1337 1639 1432 pilum
1670 1361 1738 1405 se
1779 1333 2209 1402 tiansducere
2246 1333 2752 1426 pronuntiavit:

683 1548 714 1599 3
723 1587 736 1598 .
749 1544 916 1598 Millia
926 1545 1216 1614 sagittarum
1229 1544 1420 1592 circiter
1427 1539 1627 1590 XXX.

599 1626 910 1689 Suetonius,
939 1624 996 1675 in
1029 1624 1182 1687 Caes„
1207 1639 1324 1693 cap.
1356 1623 1461 1684 68,
1493 1637 1629 1671 cxxx

599 1707 731 1760 mill.
751 1744 766 1770 ,
793 1703 943 1776 quod
985 1703 1250 1774 probabat
1279 1700 1529 1752 Ursinus.
1548 1730 1631 1740 --

599 1785 780 1838 Scoevoe
815 1785 1120 1836 centurionis,
1150 1781 1323 1852 Hujus
1356 1777 1631 1831 fortitudi-

599 1883 725 1918 nem
743 1866 990 1916 Lucanus
1005 1881 1128 1914 cum
1140 1879 1329 1930 magna
1349 1859 1404 1912 vi
1423 1857 1633 1930 poetica

601 1945 908 2014 descripsit,
933 1943 1025 1994 lib.
1056 1958 1142 2004 vi,
1171 1959 1200 1990 a
1231 1958 1368 1992 vers.
1413 1944 1523 2002 144
1564 1935 1633 1996 ad

607 2026 738 2077 263.
782 2023 862 2076 De
899 2023 1004 2073 hoc
1048 2021 1256 2084 Scaeva,
1293 2019 1418 2090 qui,
1461 2030 1522 2069 ut
1562 2017 1635 2069 ait

600 2107 848 2156 Lucanus
864 2141 878 2167 ‚
911 2099 1102 2152 eodem
1128 2101 1248 2151 loco
1278 2099 1438 2150 citato
1455 2137 1471 2162 ,

989 2215 1105 2225 .....
1121 2185 1320 2236 Sanguine
1337 2184 1463 2222 multo

602 2259 832 2300 Promotus,
851 2255 1003 2292 Latiam
1027 2253 1144 2305 longo
1167 2253 1268 2305 gerit
1295 2252 1432 2290 ordine
1452 2251 1595 2300 vitem,

607 2350 660 2390 et
713 2335 782 2388 de
823 2333 986 2386 modo
1026 2330 1383 2404 promovendi
1427 2328 1495 2382 ad
1541 2330 1639 2382 ho-

543 2431 548 2437 ‘
605 2435 764 2470 nores
776 2413 972 2486 plebeii
985 2413 1170 2464 militis
1185 2410 1328 2483 apud
1338 2413 1609 2463 Romanos
1619 2449 1634 2476 ,

605 2493 731 2551 vide
761 2493 831 2549 ad
855 2495 1002 2547 bunc
1043 2495 1224 2545 locum
1259 2492 1343 2544 Cl.
1373 2491 1636 2543 Burman·

607 2596 758 2641 num,
773 2577 830 2628 in
859 2572 1260 2627 Commentario
1276 2570 1344 2623 ad
1359 2572 1560 2624 Lucan.
1578 2590 1651 2643 p.-

614 2659 838 2725 396.--
855 2655 1123 2707 Foramina
1149 2652 1330 2704 CXX.
1360 2653 1441 2703 Ita
1464 2651 1643 2703 emen·

610 2737 759 2789 davi-t
777 2735 1036 2788 Cellarius
1057 2752 1120 2785 ex
1143 2731 1400 2783 Suetonio
1418 2770 1432 2795 ‚
1449 2744 1504 2783 et
1517 2730 1636 2783 val.

611 2818 754 2869 Max.
781 2834 854 2866 111
869 2852 886 2879 ‚
907 2834 956 2865 2.
986 2812 1436 2865 Plutarchrhabet
1455 2830 1637 2864 ccxxx.

613 2894 789 2949 codd.
807 2892 1060 2946 eumdem
1075 2909 1362 2943 numerum
1381 2891 1639 2943 offerunt.

613 2976 771 3027 Prior
810 2978 938 3025 v'ero
981 2972 1141 3024 lectio
1180 2972 1404 3042 propius
1439 2969 1643 3023 accedit

613 3054 858 3117 veritati,
880 3065 933 3105 et
956 3052 1200 3104 firmatur
1220 3050 1534 3103 auctoritate
1556 3068 1645 3103 ve-

613 3148 789 3187 terum
805 3132 1152 3202 scriptorum,
1171 3131 1264 3201 qui
1283 3130 1482 3183 factum
1499 3127 1645 3181 idem

614 3225 983 3267 narraverunt.
1018 3210 1334 3263 Plutarchus
1381 3221 1559 3261 autem
1592 3222 1648 3261 et

617 3292 902 3347 Suetonius
915 3330 932 3356 ‚
953 3292 1074 3342 loco
1099 3291 1260 3342 citato
1275 3328 1292 3353 ,
1316 3288 1523 3341 addunt
1553 3308 1644 3341 ex-

618 3381 832 3427 cussum
859 3372 1048 3423 Scaevae
1091 3370 1250 3423 fuisse
1293 3370 1535 3433 oculum,
1568 3370 1647 3421 fe-

617 3460 848 3523 murque
869 3465 922 3504 et
934 3451 1220 3503 humerum
1243 3448 1543 3501 transfixos.
1560 3448 1645 3501 Id.

617 3534 819 3585 Lucan.
849 3544 903 3584 et
917 3530 1041 3582 val.
1067 3530 1649 3593 Max.‚4.--Donacum

622 3612 830 3663 millibus
843 3612 1058 3662 ducentis
1073 3630 1092 3670 ,·
1109 3620 1250 3680 atque
1267 3608 1328 3659 ab
1347 3612 1528 3660 octavis
1542 3608 1646 3660 ord.

618 3693 764 3745 Lect.
794 3688 954 3743 codd.
981 3690 1224 3740 omnium
1247 3689 1512 3755 revocavi,
1532 3707 1651 3760 quae

622 3769 888 3823 medicina
910 3768 1222 3821 criticorum
1237 3786 1348 3819 non
1363 3780 1496 3839 eget.
1514 3768 1651 3820 Vul-

622 3870 690 3921 go
728 3851 924 3921 legitur
953 3848 1167 3900 ducentis
1207 3852 1344 3910 oet-is,-
1381 3848 1444 3899 ab
1473 3851 1654 3901 octavis

623 3930 750 3990 ord„
775 3940 865 3981 etc.
885 3930 951 3980 In
973 3940 1160 3981 nostro
1189 3926 1311 3981 cod.
1335 3945 1447 3997 reg.
1473 3926 1653 3997 5768,

622 4028 726 4063 vox
761 4012 871 4060 (εντ’-ς
901 4024 1060 4079 supra
1089 4008 1370 4071 scribitur,
1387 4005 1480 4059 sed
1509 4026 1539 4059 a
1570 4026 1655 4059 re·

627 4088 862 4183 cynici-e
885 4106 1066 4139 manu.
1088 4085 1338 4141 Notanda
1355 4100 1537 4139 autem
1554 4088 1657 4139 lec-

1716 1537 1794 1588 tio
1820 1535 1993 1588 nostri
2022 1533 2141 1586 cod.
2167 1537 2230 1586 R.
2266 1533 2415 1604 5764
2439 1551 2615 1607 :quem
2640 1535 2752 1588 Cae-

1692 1635 1819 1676 usar,
1852 1627 1907 1666 ut
1935 1626 2115 1667 eran...
2138 1615 2367 1664 donatum
2398 1615 2633 1666 militibus
2658 1615 2748 1666 du-

1718 1699 1865 1747 centis
1879 1733 1894 1762 ,
1912 1706 2057 1768 atque
2083 1695 2145 1745 ab
2168 1699 2347 1746 octavis
2369 1695 2643 1757 ordinibus,
2662 1709 2749 1747 etc.

1720 1777 1859 1828 Nam
1902 1793 2098 1846 quum,
2137 1787 2199 1826 ut
2232 1776 2343 1845 jam
2384 1772 2656 1841 diximus,
2698 1775 2750 1826 in

1717 1855 1925 1926 legione
1948 1871 2158 1925 quaque
2187 1858 2441 1924 sexaginta
2452 1857 2631 1921 forent
2652 1875 2753 1906 cen·

1723 1939 1892 1998 turice,
1912 1938 2115 2003 triginta
2138 1935 2394 2004 manipuli,
2432 1935 2654 1986 cohortes
2680 1935 2754 1986 de-

1722 2033 1819 2066 cem
1834 2053 1847 2074 ,
1884 2014 2078 2086 cuique
2115 2025 2293 2066 autem
2332 2015 2613 2086 manipulo
2646 2015 2751 2067 duo

1722 2095 2061 2148 centuriones
2098 2105 2421 2164 praeessent;
2459 2096 2752 2166 scripsisset

1724 2175 1924 2236 Caesar,
1950 2193 2005 2226 se
2018 2212 2034 2238 ,
2054 2185 2117 2224 ut
2139 2173 2327 2226 Scaevae
2348 2174 2608 2227 virtutem
2628 2194 2757 2246 prae·

1722 2255 1835 2306 mio
1884 2265 2299 2324 prosequeretur
2318 2291 2335 2315 ‚
2377 2272 2501 2306 eum
2550 2253 2755 2307 duabus

1724 2333 2003 2398 centuriis,
2030 2345 2123 2386 aut
2151 2334 2248 2385 uni
2278 2335 2558 2404 manipulo
2582 2336 2752 2386 solum

1724 2413 2034 2484 praefecisse.
2058 2413 2128 2465 Et
2162 2432 2280 2466 eam
2310 2414 2599 2466 lectionem
2634 2417 2755 2466 mili-

1726 2493 1849 2545 tibus
1875 2512 1939 2547 eo
1966 2493 2218 2547 libentius
2240 2513 2587 2565 reponerem,
2612 2494 2753 2567 quod

1726 2592 1861 2627 asses
1902 2592 1963 2626 cc
1992 2574 2127 2633 mill.
2144 2616 2157 2638 ,
2186 2592 2516 2645 unoquoque
2557 2578 2589 2629 8
2636 2594 2753 2628 cen-

1726 2667 1820 2705 tes.
1850 2665 2157 2719 constante,
2196 2652 2391 2706 darent
2426 2659 2622 2709 16000
2661 2656 2754 2715 fr.‚

1726 2752 1845 2805 quae
1882 2752 2089 2785 summa
2138 2746 2419 2805 exsuperat
2462 2732 2650 2787 fidem.
2682 2768 2757 2777 -

1726 2814 1822 2865 Ad
1862 2817 2070 2883 primum
2110 2814 2281 2883 pilum.
2314 2814 2624 2884 Legionarii
2664 2816 2757 2867 mi-

1727 2894 1847 2947 lites
1888 2894 1947 2945 in
2004 2894 2107 2945 tria
2147 2912 2337 2964 genera
2384 2907 2539 2947 erant
2580 2894 2757 2947 distri-

1728 2974 1885 3036 buti,
1914 2973 2146 3037 scilicet,
2192 2974 2431 3034 hastatos,
2486 2979 2753 3045 principes,

1733 3057 1963 3113 mar-ios,-
1984 3066 2039 3104 et
2083 3070 2250 3123 quum
2295 3072 2524 3125 quaeque
2568 3056 2759 3107 cohors

1730 3133 1903 3185 tribus
1952 3132 2238 3203 manipulis
2288 3146 2590 3200 constaret,
2626 3152 2759 3186 unus

1732 3223 1845 3265 erat
1869 3210 2241 3278 Hastatorum,
2258 3231 2396 3265 unus
2420 3214 2758 3285 Principum,

1732 3310 1873 3344 unus
1890 3290 2257 3343 Triariorum:
2276 3295 2469 3365 cuique
2488 3295 2760 3385 'manipulo

1734 3372 1899 3442 igitur
1912 3367 2021 3422 duo
2039 3373 2378 3425 centuriones
2389 3411 2404 3438 ,
2415 3392 2650 3445 quorum
2661 3374 2761 3445 pri-

1734 3470 1853 3503 mus
1889 3450 2155 3515 hastatus,
2194 3450 2457 3507 secundus
2498 3456 2759 3519 hastatus,

1736 3544 1789 3583 et
1808 3532 1883 3583 ita
1906 3528 1975 3582 de
1992 3529 2202 3583 duobus
2224 3532 2339 3584 aliis
2365 3526 2667 3587 ordinibus,
2687 3534 2759 3586 Ex

1734 3612 1821 3663 his
1840 3623 2017 3662 autem
2044 3612 2309 3681 sexaginta
2330 3613 2733 3665 centurionibus
2746 3652 2761 3675 ‚

1737 3690 1930 3761 viginti
1974 3690 2144 3742 triarii
2186 3706 2336 3744 erant
2353 3731 2368 3759 ‚
2399 3706 2454 3745 et
2498 3706 2650 3748 aetate
2671 3733 2687 3758 ,
2712 3705 2761 3745 et

1738 3766 1929 3821 ordine
1946 3808 1961 3835 ,
1994 3782 2049 3822 et
2074 3770 2283 3823 honore
2310 3773 2506 3843 primi;
2538 3792 2761 3844 quorum

1740 3851 1835 3921 qui
1866 3850 1923 3902 in
1954 3850 2129 3920 prima
2148 3852 2408 3903 electione
2424 3854 2631 3924 primus
2652 3854 2760 3904 fue-

1738 3942 1824 3981 rat
1850 3930 2144 4000 appellatus
2160 3968 2176 3994 ‚
2198 3950 2395 3985 nomen
2416 3934 2646 3985 habebat
2667 3936 2763 4003 pri-

1741 4026 1843 4061 mus
1859 4010 1991 4079 picus
2008 4048 2022 4071 ,
2046 4010 2131 4061 vel
2156 4013 2429 4082 primipilus
2442 4050 2461 4079 ,
2482 4014 2567 4065 vel
2588 4016 2763 4083 primo-

1737 4090 1897 4159 pilus,
1932 4089 2057 4159 quia
2099 4091 2269 4143 triarii
2298 4092 2412 4162 pilo
2450 4094 2762 4157 utebantur,
