3025 5025
1028 481 1619 552 AFRICANO.
2247 474 2396 550 505

256 639 449 686 suum
488 614 889 702 observare3
930 637 1065 709 quo
1102 617 1290 711 signo
1342 614 1501 684 dato
1517 667 1538 700 ,
1581 612 1800 682 subito
1844 610 2134 680 clamore
2182 611 2361 682 facto
2382 663 2404 699 ,

256 748 337 791 ex
392 724 757 818 improviso
815 721 1119 792 hostibus
1181 723 1430 804 aversis
1484 723 1862 789 incuterent
1905 733 2229 788 terrorem
2251 773 2271 805 ,
2327 733 2406 788 ut

255 829 626 922 perturbati
664 853 743 898 ac
776 830 1111 923 perterriti
1145 829 1477 922 respicere
1512 841 1666 922 post
1705 840 1890 921 terga
1931 839 2348 920 cogerentur.

362 928 684 1004 LXXXI.
742 936 857 1024 Qu
944 949 1297 1030 postquam
1349 935 1577 1002 Caesar
1617 935 1956 1028 pervenit,
2001 947 2070 1002 et
2107 932 2406 1000 animad-

254 1045 459 1110 vertit
500 1043 711 1110 aciem
763 1065 888 1137 pro
944 1041 1121 1111 vallo
1175 1041 1499 1135 Scipionis
1517 1039 1562 1128 ¹,
1607 1039 2127 1135 elephantosque
2171 1037 2408 1106 dextro

254 1150 651 1241 sinistroque
694 1173 905 1217 cornu
941 1147 1331 1234 colloca-tos,
1364 1161 1432 1216 et
1466 1146 1894 1217 nihilominus
1937 1159 2195 1241 partem
2235 1144 2404 1212 mili-

255 1269 401 1323 tum
446 1269 665 1323 castra
712 1279 849 1323 non
886 1257 1211 1348 ignaviter
1252 1255 1555 1342 munire3
1597 1255 1768 1349 ipse,
1805 1256 1946 1324 acie
1981 1251 2223 1346 triplici
2262 1249 2406 1320 col-

252 1360 473 1430 locata
493 1415 511 1448 ‚
568 1359 829 1454 legione
873 1362 1129 1431 decima
1180 1361 1602 1454 secundaque
1659 1360 1894 1430 dextro
1949 1385 2196 1445 cornu,
2233 1359 2407 1426 VIII

194 1461 217 1500 ”
252 1482 325 1537 et
359 1471 461 1536 IX
496 1468 759 1568 sinistro
779 1521 798 1554 ,
825 1471 1146 1563 oppositis
1168 1469 1461 1562 quinque
1488 1467 1859 1562 legionibus
1879 1470 1948 1536 in
1971 1480 2208 1562 quarta
2236 1466 2408 1551 acie,

252 1588 411 1644 ante
456 1578 600 1669 ipsa
650 1597 903 1643 cornua
944 1577 1159 1668 quinis
1201 1574 1590 1644 cohortibus
1633 1590 1868 1644 contra
1911 1575 2151 1643 bestias
2195 1569 2408 1640 collo-

254 1683 455 1766 catiS,
496 1681 877 1773 sagittariis,
900 1681 1357 1750 funditoribus
1398 1683 1468 1750 in
1506 1683 1801 1775 utrisque
1839 1681 2152 1750 cornibus
2189 1678 2408 1772 dispo-

256 1790 434 1876 sitis,
471 1787 729 1881 levique
774 1804 1127 1862 armatura.
1145 1789 1319 1856 inter
1358 1790 1612 1881 equites
1649 1789 2024 1882 interjecta,
2051 1785 2409 1881 ipsepedi-

254 1895 385 1963 bus
428 1897 678 1964 circum
720 1892 957 1964 milites
1001 1919 1405 1964 concursans
1420 1949 1440 1982 ,
1485 1897 1898 1989 virtutesque
1939 1909 2410 1962 veteranorum

257 2000 616 2096 praeliaque
648 2004 991 2095 superiora
1028 2025 1596 2088 commemorans,
1625 2001 2002 2096 blandeque
2037 1997 2411 2095 appellanS,

260 2109 522 2178 animos
556 2133 791 2178 eorum
828 2109 1175 2178 excitabat.
1215 2110 1493 2178 Tirones
1528 2123 1784 2194 autem,
1813 2111 1926 2202 qui
1963 2119 2306 2201 nunquam
2342 2107 2410 2173 in

256 2217 404 2284 acie
447 2214 900 2300 dimicassent,
934 2215 1363 2302 hortabatur,
1412 2243 1447 2280 α
1479 2229 1558 2283 ut
1592 2230 2060 2286 veteranorum
2096 2216 2411 2283 virtutem

257 2321 766 2407 aemularentur,
804 2345 1169 2415 eorumque
1209 2321 1489 2418 famam,
1531 2345 1808 2406 nomen,
1844 2319 2198 2414 locumque
2223 2373 2242 2407 ,
2274 2321 2410 2388 vic-

255 2429 433 2496 toria
466 2443 692 2524 parta,
734 2441 1057 2522 cuperent
1094 2426 1447 2523 possidere.
1488 2457 1525 2493 ι)

370 2537 727 2605 LXXXII.
787 2537 1023 2628 Itaque
1070 2536 1139 2602 in
1184 2534 1660 2603 circumeundo
1709 2537 2074 2619 exercitum
2119 2532 2412 2603 animad-

259 2644 498 2728 vertit,
523 2642 749 2711 hostes
786 2642 960 2710 circa
992 2640 1241 2709 vallum
1272 2641 1640 2735 trepidare,
1668 2656 1867 2735 atque
1901 2641 2080 2710 ultro
2115 2643 2418 2733 citroque

257 2749 539 2843 pavidos
596 2772 995 2817 concursare
1022 2803 1067 2836 ,¹
1092 2763 1159 2817 et
1206 2747 1409 2817 modo
1465 2774 1536 2817 se
1585 2750 1760 2817 intra
1812 2762 2040 2842 portas
2081 2749 2379 2840 recipere
2398 2801 2416 2834 ,

258 2854 467 2923 modo
486 2857 939 2925 inconstanter
962 2853 1527 2949 immoderateque
1545 2854 1816 2949 prodire
1839 2880 2210 2948 :quumque
2239 2853 2414 2921 idem

262 2986 304 3029 a
340 2960 643 3056 pluribus
700 2962 1137 3055 animadverti
1173 2976 1467 3055 coeptum
1506 2975 1722 3048 esset;
1769 2961 1987 3031 subito
2024 2960 2222 3055 legati
2259 2984 2414 3028 evo·

262 3070 527 3161 catique
571 3069 921 3137 obsecrare
956 3072 1319 3156 Caesarem,
1363 3098 1397 3133 t<
1429 3094 1515 3137 ne
1551 3068 1888 3146 dubitaret
1917 3070 2178 3163 signum
2209 3067 2368 3135 dare
2399 3093 2412 3133 :

261 3176 617 3245 victoriam
634 3174 652 3197 ¹
680 3174 803 3244 sibi
842 3178 1181 3270 propriam
1220 3200 1261 3243 a
1302 3177 1449 3244 Diis
1483 3174 1972 3244 immortalibus
2015 3174 2342 3269 portendi.
2371 3204 2408 3240 »

349 3376 481 3429 Cn.
503 3376 755 3430 LXXXI.
786 3395 835 3429 1.
855 3378 1028 3429 Aciem
1046 3397 1141 3449 pro
1158 3378 1301 3430 vallo
1386 3376 1498 3430 vid.
1533 3377 1789 3430 Me'moires
1818 3381 1924 3429 crit.
1957 3389 2010 3427 et
2030 3378 2163 3442 hist„
2191 3378 2334 3439 Tiri,
2357 3396 2410 3447 p.

266 3456 397 3527 Scip.
417 3456 663 3511 Clarkius
681 3476 802 3511 cum
822 3456 1157 3529 Glandorpio
1168 3456 1297 3510 addi
1394 3458 1525 3512 238.
1544 3452 1718 3519 (Vide
1747 3474 1963 3528 quoque
1991 3455 2414 3510 dissertationem

266 3536 383 3589 vult
404 3541 683 3589 instructam
689 3558 710 3599 ,-
737 3535 829 3589 sed
844 3536 1176 3591 subauditur.
1189 3538 1299 3589 Alii

267 3616 368 3668 alia
380 3635 411 3669 e
424 3616 677 3669 varietate
694 3614 942 3669 codicum
965 3616 1296 3689 exsculpunt.

270 3698 503 3767 Vulgata
539 3696 699 3749 lectio
725 3697 863 3748 bene
892 3696 1071 3749 habet.
1099 3729 1181 3739 —
1208 3698 1298 3751 Se-

268 3776 537 3849 cundaque.
552 3777 586 3829 J
588 3776 729 3829 urin.
744 3774 837 3829 dat
846 3781 1157 3849 septimaque,
1175 3778 1301 3847 quia

268 3856 477 3908 secunda
506 3875 619 3908 non
645 3868 759 3909 erat
782 3856 837 3907 in
870 3857 1068 3909 Africa.
1084 3888 1167 3899 -—
1198 3856 1301 3927 Op-

262 3940 438 4006 positaels
468 3941 674 4008 quinque
704 3936 983 4007 legionibus.
1014 3937 1067 3988 N
1068 3938 1183 3989 unc'
1206 3935 1299 3989 ad-

271 4013 513 4068 dendum
557 4035 668 4070 esse
695 4021 747 4069 in
782 4016 939 4069 media
976 4020 1079 4069 acie
1095 4057 1111 4079 ,
1146 4017 1300 4071 etsie

270 4094 605 4167 pergendum
620 4134 635 4161 ,
658 4102 707 4148 in
728 4109 905 4169 quarta
938 4100 1041 4149 acie
1059 4109 1171 4149 ante
1196 4100 1299 4168 ipsa

368 4176 615 4227 collocatis
630 4216 647 4240 ‚
677 4176 912 4231 ostendit
944 4176 1298 4245 Guischard.;

1388 3536 1456 3589 ad
1486 3551 1740 3611 quartum
1778 3539 2030 3604 volumen
2065 3550 2260 3591 nostrae
2303 3536 2413 3589 edi·

1387 3614 1600 3682 tionis.)
1643 3618 1835 3671 Caeteri
1875 3618 2191 3688 interpretes
2229 3636 2414 3669 omnes

1385 3699 1744 3769 neglexerant.
1791 3699 1868 3751 M.
1916 3695 2156 3749 Discedit
2195 3698 2260 3749 ab
2313 3698 2414 3749 hae

1386 3778 1650 3831 sententia
1665 3779 1865 3831 Roesclz.
1887 3778 1960 3830 ait
1989 3776 2172 3829 Oberl.
2200 3778 2258 3829 in
2283 3795 2412 3848 ope-

1384 3876 1445 3910 re
1461 3856 1626 3923 laud„
1641 3876 1695 3929 p.
1731 3877 1754 3911 1
1770 3865 1834 3921 14
1851 3898 1866 3925 ‚
1887 3870 1948 3909 ut
1967 3858 2144 3909 verbis
2167 3862 2217 3908 in
2239 3869 2414 3929 quarta

1388 3941 1517 4001 acie,
1547 3956 1665 4009 quoe
1695 3938 1874 4009 inepte
1887 3938 1977 3991 hic
2005 3938 2174 4009 posita
2205 3950 2412 4001 censet,

1385 4018 1660 4071 substituit
1697 4020 1759 4069 In
1794 4020 1950 4070 media
1975 4022 2092 4069 acae'e.

1468 4098 1598 4153 CAP.
1620 4098 1902 4151 LXXXII.
1923 4116 1972 4150 1.
2002 4098 2060 4149 V
2054 4096 2268 4149 ictor-lam
2293 4117 2413 4168 pro·-

1382 4181 1562 4249 priam.
1582 4177 1742 4232 Vide.
1776 4196 1890 4250 cap.
1929 4178 2022 4230 32.
2054 4176 2130 4232 Μ.
