3025 5025
881 462 1022 531 AD
1087 461 1718 530 LECTOREM.
2130 502 2137 505 -
2226 458 2375 533 353

140 596 150 617 ⁸
258 591 399 687 quin
436 590 586 662 libri
627 594 766 663 VII
814 593 898 663 de
955 597 1026 663 Β.
1066 596 1149 663 G.
1201 608 1270 663 et
1308 607 1442 680 tres
1495 593 1579 663 de
1619 591 1802 663 Bello
1854 593 2048 663 Civili
2101 595 2186 664 ab
2234 596 2379 691 ipsa

258 700 510 769 Caesaris
545 723 750 771 manu
785 701 918 769 sint
950 700 1268 795 profecta.
1307 702 1414 771 De
1440 698 1613 771 libro
1652 714 1891 771 octavo
1922 704 1995 770 Β.
2026 702 2109 771 G.
2140 715 2207 789 et
2236 700 2377 771 aliis

257 802 420 876 libris
435 860 454 895 ,
475 806 624 876 vide
651 804 980 877 Dodwelli
1007 805 1594 877 luculentissimam
1622 807 2149 877 dissertationem
2176 833 2378 903 quam

257 909 452 983 denuo
485 915 661 1009 typis
701 913 1200 1003 mandavimus,
1233 929 1281 983 t.
1331 916 1400 1003 I,
1440 928 1685 983 nostrae
1728 913 2031 984 editionis
2050 967 2069 999 ‚
2114 941 2178 1010 p.
2224 912 2373 1011 398

256 1030 312 1085 et
339 1043 461 1114 seq.

347 1128 448 1195 De
488 1126 660 1195 libro
697 1140 918 1196 autem
950 1125 1114 1197 Belli
1146 1125 1608 1215 Alexandrini,
1646 1127 1789 1199 haec
1820 1141 2081 1197 tantum
2112 1126 2375 1197 addam.

258 1232 510 1301 Minime
552 1232 753 1303 credo
797 1234 980 1303 hunc
1031 1233 1273 1303 librum
1337 1234 1541 1302 tribui
1591 1259 1786 1328 posse
1838 1236 2061 1303 Hirtio
2117 1236 2384 1321 Pansae,
2470 1220 2477 1235 ¹

257 1338 380 1406 viro
411 1338 646 1429 docte,
679 1354 746 1408 et
778 1340 850 1420 in
882 1364 954 1409 re
989 1338 1255 1409 militari
1281 1341 1697 1436 peritissimo·
1734 1344 1983 1410 Praeter
2018 1338 2169 1435 styli
2194 1364 2381 1436 aspe-

255 1445 492 1519 ritatem
511 1500 530 1535 ,
571 1470 718 1541 quae
763 1445 948 1515 nullo
1003 1445 1205 1515 modo
1253 1448 1644 1541 scriptorem
1704 1448 1939 1542 optimi
1992 1449 2114 1516 aevi
2170 1448 2341 1540 sapit
2367 1500 2386 1534 ,

257 1549 456 1622 multis
479 1554 549 1621 in
576 1552 739 1622 locis
754 1606 774 1635 ‚
790 1577 868 1623 ac
893 1554 1259 1648 praesertim
1273 1553 1599 1648 capitibus
1616 1554 1788 1622 XVI
1806 1606 1825 1639 ,
1851 1554 2053 1624 XXV
2068 1608 2088 1641 ,
2108 1550 2349 1621 XXIX
2368 1606 2385 1639 ,

256 1650 475 1749 XXX,
509 1662 670 1748 XL,
706 1662 968 1749 XLVI,
1006 1661 1338 1747 LXXIII,
1377 1674 1499 1729 etc.
1520 1712 1539 1747 ,
1578 1658 1897 1728 nonnulla
1942 1661 2014 1727 in
2060 1662 2384 1754 scriptore

255 1760 368 1833 hoc
402 1765 993 1861 deprehenduntur
1019 1767 1401 1861 imperitiae,
1437 1780 1505 1835 et
1536 1768 1926 1859 ignorantiae
1960 1767 2057 1835 rei
2087 1766 2388 1835 militaris

257 1868 476 1941 indicia
490 1926 522 1963 ,q
543 1896 691 1967 quae
724 1874 1004 1943 Caesaris
1033 1872 1368 1943 assiduum
1402 1874 1714 1943 comitem
1745 1874 1815 1941 in
1852 1874 1985 1941 suis
2028 1872 2389 1967 expeditio-

247 1976 463 2066 nibuS,
499 2004 763 2049 necnon
803 1978 1181 2069 consulem,
1213 1981 1373 2074 quin
1419 1994 1487 2049 et
1536 1971 2008 2074 imperatorem
2032 2032 2053 2067 ,
2092 1980 2206 2074 qui
2250 1980 2391 2073 ipse

258 2086 635 2155 exercitibus
665 2085 959 2181 praefuit,
985 2087 1254 2156 minime
1297 2085 1551 2157 decent.
1583 2088 1685 2154 Ea
1718 2085 1928 2155 fusius
1963 2085 2391 2155 discutiemus

258 2188 316 2255 in
357 2190 821 2288 supplemento
862 2207 1174 2263 notarum
1209 2192 1398 2286 quod
1432 2196 1501 2261 in
1560 2194 1889 2288 principio
1932 2194 2149 2286 quarti
2202 2190 2391 2260 volu·

86 2362 92 2421 Ῐ
257 2297 436 2367 minis
465 2315 617 2395 post
653 2298 1027 2395 fragmenta
1065 2302 1122 2368 J.
1155 2300 1434 2369 Caesaris
1471 2297 1795 2367 dabimus.
1825 2299 2003 2368 Nam
2033 2298 2232 2367 hodie
2266 2324 2390 2367 nec

86 2422 92 2546 fi}
260 2397 458 2495 locus,
495 2431 619 2475 nec
656 2420 917 2501 tempus
953 2404 1037 2475 de
1073 2406 1211 2475 istis
1247 2404 1432 2474 bellis
1462 2404 1783 2475 disserere
1818 2430 1943 2474 nos
1986 2406 2229 2474 sinunt.

239 4205 245 4212 ⁵
361 4234 447 4298 Π.
1071 4217 1077 4225 ’
1922 4224 2017 4294 23
