<?xml version="1.0" encoding="UTF-8"?>
<!DOCTYPE html PUBLIC "-//W3C//DTD XHTML 1.0 Transitional//EN"
    "http://www.w3.org/TR/xhtml1/DTD/xhtml1-transitional.dtd">
<html xmlns="http://www.w3.org/1999/xhtml" xml:lang="en" lang="en">
 <head>
  <title>
</title>
<meta http-equiv="Content-Type" content="text/html;charset=utf-8" />
  <meta name='ocr-system' content='tesseract 3.04.00' />
  <meta name='ocr-capabilities' content='ocr_page ocr_carea ocr_par ocr_line ocrx_word'/>
</head>
<body>
  <div class='ocr_page' id='page_1' title='image "./caiusjuliuscsar00plutgoog_0557.png"; bbox 0 0 3025 5025; ppageno 0'>
   <div class='ocr_carea' id='block_1_1' title="bbox 597 434 1944 537">
    <p class='ocr_par' dir='ltr' id='par_1_1' title="bbox 597 434 1944 537">
     <span class='ocr_line' id='line_1_1' title="bbox 597 434 1944 537; baseline -0.004 -22"><span class='ocrx_word' id='word_1_1' title='bbox 597 434 746 529; x_wconf 75' lang='lat'><strong>534</strong></span> <span class='ocrx_word' id='word_1_2' title='bbox 1006 531 1015 537; x_wconf 42' lang='grc'>,</span> <span class='ocrx_word' id='word_1_3' title='bbox 1361 440 1539 511; x_wconf 72' lang='grc' dir='ltr'><strong>-ΒΕ</strong></span> <span class='ocrx_word' id='word_1_4' title='bbox 1594 438 1944 511; x_wconf 85' lang='lat' dir='ltr'><strong>BELLO</strong></span> 
     </span>
    </p>
   </div>
   <div class='ocr_carea' id='block_1_2' title="bbox 583 568 2743 3444">
    <p class='ocr_par' dir='ltr' id='par_1_2' title="bbox 584 568 2739 1845">
     <span class='ocr_line' id='line_1_2' title="bbox 593 568 2719 671; baseline -0.002 -26"><span class='ocrx_word' id='word_1_5' title='bbox 593 591 774 646; x_wconf 85' lang='lat' dir='ltr'><strong>recta</strong></span> <span class='ocrx_word' id='word_1_6' title='bbox 801 600 924 671; x_wconf 84' lang='lat' dir='ltr'><strong>per</strong></span> <span class='ocrx_word' id='word_1_7' title='bbox 949 568 1480 645; x_wconf 77' lang='lat' dir='ltr'><strong>adversariorum</strong></span> <span class='ocrx_word' id='word_1_8' title='bbox 1509 575 1817 670; x_wconf 87' lang='lat' dir='ltr'><strong>praesidia</strong></span> <span class='ocrx_word' id='word_1_9' title='bbox 1832 573 1920 643; x_wconf 89' lang='lat' dir='ltr'><strong>ad</strong></span> <span class='ocrx_word' id='word_1_10' title='bbox 1946 573 2268 667; x_wconf 85' lang='lat' dir='ltr'><strong>oppidum</strong></span> <span class='ocrx_word' id='word_1_11' title='bbox 2296 572 2719 641; x_wconf 83' lang='lat' dir='ltr'><strong>contendere:</strong></span> 
     </span>
     <span class='ocr_line' id='line_1_3' title="bbox 591 677 2727 777; baseline -0.002 -26"><span class='ocrx_word' id='word_1_12' title='bbox 591 682 958 777; x_wconf 80' lang='lat' dir='ltr'>mediisque</span> <span class='ocrx_word' id='word_1_13' title='bbox 993 707 1226 751; x_wconf 90' lang='lat' dir='ltr'><strong>eorum</strong></span> <span class='ocrx_word' id='word_1_14' title='bbox 1255 681 1573 777; x_wconf 82' lang='lat' dir='ltr'><strong>praesidiis</strong></span> <span class='ocrx_word' id='word_1_15' title='bbox 1600 708 1807 776; x_wconf 91' lang='lat' dir='ltr'><strong>quum</strong></span> <span class='ocrx_word' id='word_1_16' title='bbox 1843 694 2252 775; x_wconf 76' lang='lat' dir='ltr'><strong>quaereretur</strong></span> <span class='ocrx_word' id='word_1_17' title='bbox 2280 705 2295 747; x_wconf 72' lang='grc' dir='ltr'><strong><em>ε</em></strong></span> <span class='ocrx_word' id='word_1_18' title='bbox 2332 681 2451 773; x_wconf 88' lang='lat' dir='ltr'><strong>qui</strong></span> <span class='ocrx_word' id='word_1_19' title='bbox 2481 677 2727 749; x_wconf 80' lang='lat' dir='ltr'><strong>essent?</strong></span> 
     </span>
     <span class='ocr_line' id='line_1_4' title="bbox 590 785 2727 884; baseline -0.001 -27"><span class='ocrx_word' id='word_1_20' title='bbox 590 814 764 859; x_wconf 88' lang='lat' dir='ltr'><strong>unus</strong></span> <span class='ocrx_word' id='word_1_21' title='bbox 795 814 876 857; x_wconf 82' lang='lat' dir='ltr'><strong>ex</strong></span> <span class='ocrx_word' id='word_1_22' title='bbox 901 791 1144 858; x_wconf 90' lang='lat' dir='ltr'><strong>nostris</strong></span> <span class='ocrx_word' id='word_1_23' title='bbox 1164 788 1506 884; x_wconf 73' lang='lat' dir='ltr'><strong>respondit</strong></span> <span class='ocrx_word' id='word_1_24' title='bbox 1526 844 1545 876; x_wconf 89' lang='lat'><strong>,</strong></span> <span class='ocrx_word' id='word_1_25' title='bbox 1582 818 1617 855; x_wconf 86' lang='lat'>«</span> <span class='ocrx_word' id='word_1_26' title='bbox 1648 798 1729 857; x_wconf 80' lang='lat' dir='ltr'><strong>ut&#39;</strong></span> <span class='ocrx_word' id='word_1_27' title='bbox 1746 785 1935 857; x_wconf 82' lang='lat' dir='ltr'><strong>sileat</strong></span> <span class='ocrx_word' id='word_1_28' title='bbox 1964 788 2244 855; x_wconf 85' lang='lat' dir='ltr'><strong>verbum</strong></span> <span class='ocrx_word' id='word_1_29' title='bbox 2279 786 2499 855; x_wconf 63' lang='lat' dir='ltr'><strong>iacere</strong></span> <span class='ocrx_word' id='word_1_30' title='bbox 2536 812 2551 855; x_wconf 77' lang='grc' dir='ltr'><strong><em>ε</em></strong></span> <span class='ocrx_word' id='word_1_31' title='bbox 2584 811 2727 854; x_wconf 89' lang='lat' dir='ltr'><strong>nam</strong></span> 
     </span>
     <span class='ocr_line' id='line_1_5' title="bbox 589 893 2729 991; baseline -0 -28"><span class='ocrx_word' id='word_1_32' title='bbox 589 896 656 964; x_wconf 85' lang='lat' dir='ltr'><strong>id</strong></span> <span class='ocrx_word' id='word_1_33' title='bbox 693 899 1011 991; x_wconf 88' lang='lat' dir='ltr'><strong>temporis</strong></span> <span class='ocrx_word' id='word_1_34' title='bbox 1056 898 1286 965; x_wconf 86' lang='lat' dir='ltr'><strong>conari</strong></span> <span class='ocrx_word' id='word_1_35' title='bbox 1321 896 1406 965; x_wconf 88' lang='lat' dir='ltr'><strong>ad</strong></span> <span class='ocrx_word' id='word_1_36' title='bbox 1441 902 1711 965; x_wconf 84' lang='lat' dir='ltr'><strong>mur‘um</strong></span> <span class='ocrx_word' id='word_1_37' title='bbox 1750 893 2066 964; x_wconf 82' lang='lat' dir='ltr'><strong>accedere</strong></span> <span class='ocrx_word' id='word_1_38' title='bbox 2087 947 2106 982; x_wconf 91' lang='lat'><strong>,</strong></span> <span class='ocrx_word' id='word_1_39' title='bbox 2144 909 2220 963; x_wconf 92' lang='lat' dir='ltr'><strong>ut</strong></span> <span class='ocrx_word' id='word_1_40' title='bbox 2253 894 2582 988; x_wconf 81' lang='lat' dir='ltr'><strong>oppidum</strong></span> <span class='ocrx_word' id='word_1_41' title='bbox 2621 917 2729 962; x_wconf 87' lang='lat' dir='ltr'><strong>ca·-</strong></span> 
     </span>
     <span class='ocr_line' id='line_1_6' title="bbox 589 1000 2735 1097; baseline 0 -28"><span class='ocrx_word' id='word_1_42' title='bbox 589 1003 814 1096; x_wconf 81' lang='lat' dir='ltr'><strong>piant3</strong></span> <span class='ocrx_word' id='word_1_43' title='bbox 861 1032 898 1067; x_wconf 72' lang='lat'><strong>³&gt;</strong></span> <span class='ocrx_word' id='word_1_44' title='bbox 933 1018 1000 1071; x_wconf 88' lang='lat' dir='ltr'><strong>et</strong></span> <span class='ocrx_word' id='word_1_45' title='bbox 1031 1004 1274 1097; x_wconf 87' lang='lat' dir='ltr'><strong>partim</strong></span> <span class='ocrx_word' id='word_1_46' title='bbox 1319 1016 1717 1097; x_wconf 83' lang='lat' dir='ltr'><strong>tempestate</strong></span> <span class='ocrx_word' id='word_1_47' title='bbox 1759 1000 2056 1097; x_wconf 86' lang='lat' dir='ltr'><strong>impediti</strong></span> <span class='ocrx_word' id='word_1_48' title='bbox 2102 1000 2334 1096; x_wconf 72' lang='lat' dir='ltr'><strong>vigiles</strong></span> <span class='ocrx_word' id='word_1_49' title='bbox 2376 1024 2518 1069; x_wconf 89' lang='lat' dir='ltr'><strong>non</strong></span> <span class='ocrx_word' id='word_1_50' title='bbox 2554 1016 2735 1095; x_wconf 81' lang='lat' dir='ltr'><strong>&#39;potc-</strong></span> 
     </span>
     <span class='ocr_line' id='line_1_7' title="bbox 591 1106 2735 1204; baseline -0.001 -25"><span class='ocrx_word' id='word_1_51' title='bbox 591 1123 743 1179; x_wconf 87' lang='lat' dir='ltr'><strong>rant</strong></span> <span class='ocrx_word' id='word_1_52' title='bbox 780 1107 1187 1204; x_wconf 82' lang='lat' dir='ltr'><strong>diligentiam</strong></span> <span class='ocrx_word' id='word_1_53' title='bbox 1218 1124 1570 1203; x_wconf 84' lang='lat' dir='ltr'><strong>praestare,</strong></span> <span class='ocrx_word' id='word_1_54' title='bbox 1621 1110 1869 1203; x_wconf 80' lang='lat' dir='ltr'><strong>partim</strong></span> <span class='ocrx_word' id='word_1_55' title='bbox 1914 1106 2031 1176; x_wconf 88' lang='lat' dir='ltr'><strong>illo</strong></span> <span class='ocrx_word' id='word_1_56' title='bbox 2074 1132 2395 1202; x_wconf 82' lang='lat' dir='ltr'><strong>responso</strong></span> <span class='ocrx_word' id='word_1_57' title='bbox 2441 1107 2735 1177; x_wconf 85' lang='lat' dir='ltr'><strong>deterre-</strong></span> 
     </span>
     <span class='ocr_line' id='line_1_8' title="bbox 589 1214 2735 1312; baseline -0 -29"><span class='ocrx_word' id='word_1_58' title='bbox 589 1216 850 1285; x_wconf 84' lang='lat' dir='ltr'><strong>bantur.</strong></span> <span class='ocrx_word' id='word_1_59' title='bbox 892 1216 1124 1305; x_wconf 87' lang='lat' dir='ltr'><strong>Quum</strong></span> <span class='ocrx_word' id='word_1_60' title='bbox 1157 1215 1246 1284; x_wconf 88' lang='lat' dir='ltr'><strong>ad</strong></span> <span class='ocrx_word' id='word_1_61' title='bbox 1285 1230 1553 1312; x_wconf 87' lang='lat' dir='ltr'><strong>portam</strong></span> <span class='ocrx_word' id='word_1_62' title='bbox 1590 1216 2269 1311; x_wconf 76' lang='lat' dir='ltr'><strong>appropinquassent,</strong></span> <span class='ocrx_word' id='word_1_63' title='bbox 2314 1215 2509 1308; x_wconf 77' lang='lat' dir='ltr'><strong>sig-no</strong></span> <span class='ocrx_word' id='word_1_64' title='bbox 2554 1214 2735 1302; x_wconf 90' lang='lat' dir='ltr'><strong>dato,</strong></span> 
     </span>
     <span class='ocr_line' id='line_1_9' title="bbox 592 1320 2738 1417; baseline -0.001 -26"><span class='ocrx_word' id='word_1_65' title='bbox 592 1322 677 1391; x_wconf 77' lang='lat' dir='ltr'><strong>ab</strong></span> <span class='ocrx_word' id='word_1_66' title='bbox 715 1322 1064 1417; x_wconf 78' lang='lat' dir='ltr'><strong>oppidanis</strong></span> <span class='ocrx_word' id='word_1_67' title='bbox 1095 1336 1252 1392; x_wconf 89' lang='lat' dir='ltr'><strong>sunt</strong></span> <span class='ocrx_word' id='word_1_68' title='bbox 1279 1325 1564 1417; x_wconf 86' lang='lat' dir='ltr'><strong>recepti,</strong></span> <span class='ocrx_word' id='word_1_69' title='bbox 1601 1336 1671 1391; x_wconf 87' lang='lat' dir='ltr'><strong>et</strong></span> <span class='ocrx_word' id='word_1_70' title='bbox 1703 1321 1961 1417; x_wconf 87' lang='lat' dir='ltr'><strong>pedites</strong></span> <span class='ocrx_word' id='word_1_71' title='bbox 1994 1323 2407 1416; x_wconf 76' lang='lat' dir='ltr'><strong>equitesque,</strong></span> <span class='ocrx_word' id='word_1_72' title='bbox 2450 1320 2738 1390; x_wconf 77' lang='lat' dir='ltr'><strong>clamore</strong></span> 
     </span>
     <span class='ocr_line' id='line_1_10' title="bbox 587 1413 2739 1525; baseline 0 -28"><span class='ocrx_word' id='word_1_73' title='bbox 587 1428 802 1515; x_wconf 86' lang='lat' dir='ltr'><strong>facto,</strong></span> <span class='ocrx_word' id='word_1_74' title='bbox 845 1428 1176 1524; x_wconf 79' lang='lat' dir='ltr'><strong>dispositis</strong></span> <span class='ocrx_word' id='word_1_75' title='bbox 1217 1430 1310 1497; x_wconf 90' lang='lat' dir='ltr'><strong>ibi</strong></span> <span class='ocrx_word' id='word_1_76' title='bbox 1343 1432 1593 1525; x_wconf 84' lang='lat' dir='ltr'><strong>partim</strong></span> <span class='ocrx_word' id='word_1_77' title='bbox 1614 1481 1634 1517; x_wconf 88' lang='lat'><strong>,</strong></span> <span class='ocrx_word' id='word_1_78' title='bbox 1678 1430 1795 1523; x_wconf 90' lang='lat' dir='ltr'><strong>qui</strong></span> <span class='ocrx_word' id='word_1_79' title='bbox 1833 1446 2212 1498; x_wconf 84' lang='lat' dir='ltr'><strong>remansere</strong></span> <span class='ocrx_word' id='word_1_80' title='bbox 2228 1413 2278 1515; x_wconf 77' lang='lat'><strong>⁶,</strong></span> <span class='ocrx_word' id='word_1_81' title='bbox 2320 1432 2739 1522; x_wconf 80' lang='lat' dir='ltr'><strong>eruptionem</strong></span> 
     </span>
     <span class='ocr_line' id='line_1_11' title="bbox 587 1534 2737 1628; baseline -0 -25"><span class='ocrx_word' id='word_1_82' title='bbox 587 1538 656 1605; x_wconf 80' lang='lat' dir='ltr'><strong>in</strong></span> <span class='ocrx_word' id='word_1_83' title='bbox 679 1535 1210 1621; x_wconf 81' lang='lat' dir='ltr'><strong>adversariorum</strong></span> <span class='ocrx_word' id='word_1_84' title='bbox 1240 1551 1460 1607; x_wconf 81' lang='lat' dir='ltr'><strong>castra</strong></span> <span class='ocrx_word' id='word_1_85' title='bbox 1485 1537 1809 1606; x_wconf 82' lang='lat' dir='ltr'><strong>fecerunt.</strong></span> <span class='ocrx_word' id='word_1_86' title='bbox 1844 1537 1951 1605; x_wconf 87' lang='lat' dir='ltr'><strong>Sic</strong></span> <span class='ocrx_word' id='word_1_87' title='bbox 1979 1534 2141 1603; x_wconf 87' lang='lat' dir='ltr'><strong>illud</strong></span> <span class='ocrx_word' id='word_1_88' title='bbox 2168 1560 2375 1628; x_wconf 87' lang='lat' dir='ltr'><strong>quum</strong></span> <span class='ocrx_word' id='word_1_89' title='bbox 2404 1536 2737 1604; x_wconf 82' lang='lat' dir='ltr'><strong>inscienti·</strong></span> 
     </span>
     <span class='ocr_line' id='line_1_12' title="bbox 586 1636 2739 1738; baseline -0.001 -27"><span class='ocrx_word' id='word_1_90' title='bbox 586 1636 713 1711; x_wconf 82' lang='lat' dir='ltr'><strong>bus</strong></span> <span class='ocrx_word' id='word_1_91' title='bbox 751 1642 1581 1730; x_wconf 73' lang='lat' dir='ltr'><strong>accidisset,existimabat-</strong></span> <span class='ocrx_word' id='word_1_92' title='bbox 1604 1662 1849 1738; x_wconf 83' lang='lat' dir='ltr'><strong>magna</strong></span> <span class='ocrx_word' id='word_1_93' title='bbox 1892 1664 2047 1737; x_wconf 85' lang='lat' dir='ltr'><strong>pars</strong></span> <span class='ocrx_word' id='word_1_94' title='bbox 2088 1642 2475 1730; x_wconf 86' lang='lat' dir='ltr'><strong>hominum,</strong></span> <span class='ocrx_word' id='word_1_95' title='bbox 2516 1644 2631 1735; x_wconf 88' lang='lat' dir='ltr'><strong>qui</strong></span> <span class='ocrx_word' id='word_1_96' title='bbox 2671 1644 2739 1710; x_wconf 88' lang='lat' dir='ltr'><strong>in</strong></span> 
     </span>
     <span class='ocr_line' id='line_1_13' title="bbox 584 1750 2085 1845; baseline 0 -28"><span class='ocrx_word' id='word_1_97' title='bbox 584 1750 663 1817; x_wconf 83' lang='lat' dir='ltr'><strong>iis</strong></span> <span class='ocrx_word' id='word_1_98' title='bbox 702 1751 934 1819; x_wconf 87' lang='lat' dir='ltr'><strong>castris</strong></span> <span class='ocrx_word' id='word_1_99' title='bbox 969 1750 1280 1835; x_wconf 78' lang='lat' dir='ltr'><strong>fuissent,</strong></span> <span class='ocrx_word' id='word_1_100' title='bbox 1311 1756 1386 1818; x_wconf 80' lang='lat' dir='ltr'><strong>&#39;se</strong></span> <span class='ocrx_word' id='word_1_101' title='bbox 1414 1775 1627 1845; x_wconf 89' lang='lat' dir='ltr'><strong>prope</strong></span> <span class='ocrx_word' id='word_1_102' title='bbox 1650 1763 1887 1845; x_wconf 62' lang='lat' dir='ltr'><strong>‘captos</strong></span> <span class='ocrx_word' id='word_1_103' title='bbox 1924 1769 2085 1818; x_wconf 84' lang='lat' dir='ltr'><strong>esse.</strong></span> 
     </span>
    </p>

    <p class='ocr_par' dir='ltr' id='par_1_3' title="bbox 583 1855 2743 3444">
     <span class='ocr_line' id='line_1_14' title="bbox 683 1855 2737 1951; baseline 0 -28"><span class='ocrx_word' id='word_1_104' title='bbox 683 1858 810 1924; x_wconf 90' lang='lat' dir='ltr'><strong>IV.</strong></span> <span class='ocrx_word' id='word_1_105' title='bbox 867 1859 1016 1926; x_wconf 91' lang='lat' dir='ltr'><strong>Hoc</strong></span> <span class='ocrx_word' id='word_1_106' title='bbox 1065 1858 1265 1926; x_wconf 84' lang='lat' dir='ltr'><strong>misso</strong></span> <span class='ocrx_word' id='word_1_107' title='bbox 1297 1856 1396 1925; x_wconf 75' lang='lat' dir='ltr'><strong>nd</strong></span> <span class='ocrx_word' id='word_1_108' title='bbox 1438 1856 1663 1925; x_wconf 75' lang='lat' dir='ltr'><strong>Uliain</strong></span> <span class='ocrx_word' id='word_1_109' title='bbox 1706 1855 2051 1951; x_wconf 68' lang='lat' dir='ltr'><strong>praesidio,</strong></span> <span class='ocrx_word' id='word_1_110' title='bbox 2094 1858 2359 1943; x_wconf 74' lang='lat' dir='ltr'><strong>Caesar,</strong></span> <span class='ocrx_word' id='word_1_111' title='bbox 2396 1868 2479 1922; x_wconf 90' lang='lat' dir='ltr'><strong>ut</strong></span> <span class='ocrx_word' id='word_1_112' title='bbox 2522 1857 2737 1923; x_wconf 87' lang='lat' dir='ltr'><strong>Pom-</strong></span> 
     </span>
     <span class='ocr_line' id='line_1_15' title="bbox 583 1960 2737 2057; baseline 0 -28"><span class='ocrx_word' id='word_1_113' title='bbox 583 1963 808 2055; x_wconf 84' lang='lat' dir='ltr'><strong>peium</strong></span> <span class='ocrx_word' id='word_1_114' title='bbox 845 1962 930 2031; x_wconf 88' lang='lat' dir='ltr'><strong>ab</strong></span> <span class='ocrx_word' id='word_1_115' title='bbox 968 1988 1048 2031; x_wconf 90' lang='lat' dir='ltr'><strong>ea</strong></span> <span class='ocrx_word' id='word_1_116' title='bbox 1076 1966 1579 2057; x_wconf 82' lang='lat' dir='ltr'><strong>oppugnatione</strong></span> <span class='ocrx_word' id='word_1_117' title='bbox 1606 1962 1967 2033; x_wconf 84' lang='lat' dir='ltr'><strong>deduceret</strong></span> <span class='ocrx_word' id='word_1_118' title='bbox 1987 2016 2007 2050; x_wconf 91' lang='lat'><strong>,</strong></span> <span class='ocrx_word' id='word_1_119' title='bbox 2043 1962 2126 2029; x_wconf 88' lang='lat' dir='ltr'><strong>ad</strong></span> <span class='ocrx_word' id='word_1_120' title='bbox 2158 1960 2550 2031; x_wconf 83' lang='lat' dir='ltr'><strong>Cordubam</strong></span> <span class='ocrx_word' id='word_1_121' title='bbox 2580 1984 2737 2029; x_wconf 91' lang='lat' dir='ltr'><strong>con-</strong></span> 
     </span>
     <span class='ocr_line' id='line_1_16' title="bbox 588 2068 2741 2163; baseline -0.001 -26"><span class='ocrx_word' id='word_1_122' title='bbox 588 2068 836 2152; x_wconf 82' lang='lat' dir='ltr'><strong>tendit3</strong></span> <span class='ocrx_word' id='word_1_123' title='bbox 883 2094 966 2136; x_wconf 83' lang='lat' dir='ltr'><strong>ex</strong></span> <span class='ocrx_word' id='word_1_124' title='bbox 989 2094 1140 2163; x_wconf 82' lang='lat' dir='ltr'><strong>quo</strong></span> <span class='ocrx_word' id='word_1_125' title='bbox 1167 2071 1406 2139; x_wconf 85' lang='lat' dir='ltr'><strong>itinere</strong></span> <span class='ocrx_word' id='word_1_126' title='bbox 1432 2069 1747 2139; x_wconf 82' lang='lat' dir='ltr'><strong>loricatos</strong></span> <span class='ocrx_word' id='word_1_127' title='bbox 1786 2070 1965 2138; x_wconf 73' lang='lat' dir='ltr'><strong>viros</strong></span> <span class='ocrx_word' id='word_1_128' title='bbox 2007 2069 2213 2137; x_wconf 81' lang='lat' dir='ltr'><strong>fortes</strong></span> <span class='ocrx_word' id='word_1_129' title='bbox 2250 2090 2405 2137; x_wconf 89' lang='lat' dir='ltr'><strong>cum</strong></span> <span class='ocrx_word' id='word_1_130' title='bbox 2428 2069 2741 2160; x_wconf 73' lang='lat' dir='ltr'><strong>‘equitatu</strong></span> 
     </span>
     <span class='ocr_line' id='line_1_17' title="bbox 588 2174 2740 2271; baseline 0 -29"><span class='ocrx_word' id='word_1_131' title='bbox 588 2188 744 2243; x_wconf 76' lang='lat' dir='ltr'><strong>antte</strong></span> <span class='ocrx_word' id='word_1_132' title='bbox 761 2177 1085 2269; x_wconf 79' lang='lat' dir='ltr'><strong>praemisit</strong></span> <span class='ocrx_word' id='word_1_133' title='bbox 1100 2202 1114 2243; x_wconf 72' lang='grc' dir='ltr'><em>τ</em></span> <span class='ocrx_word' id='word_1_134' title='bbox 1127 2175 1469 2271; x_wconf 74' lang='lat' dir='ltr'><strong>quisimnl:</strong></span> <span class='ocrx_word' id='word_1_135' title='bbox 1479 2177 2008 2271; x_wconf 64' lang='lat' dir='ltr'><strong>inconspectum</strong></span> <span class='ocrx_word' id='word_1_136' title='bbox 2034 2175 2263 2270; x_wconf 84' lang='lat' dir='ltr'><strong>oppidi</strong></span> <span class='ocrx_word' id='word_1_137' title='bbox 2290 2200 2362 2243; x_wconf 79' lang='lat' dir='ltr'><strong>se</strong></span> <span class='ocrx_word' id='word_1_138' title='bbox 2376 2174 2740 2262; x_wconf 76' lang='lat' dir='ltr'><strong>‘tl-ederunt,</strong></span> 
     </span>
     <span class='ocr_line' id='line_1_18' title="bbox 586 2282 2741 2377; baseline -0 -28"><span class='ocrx_word' id='word_1_139' title='bbox 586 2283 656 2349; x_wconf 82' lang='lat' dir='ltr'><strong>in</strong></span> <span class='ocrx_word' id='word_1_140' title='bbox 675 2282 876 2375; x_wconf 71' lang='lat' dir='ltr'><strong>equis</strong></span> <span class='ocrx_word' id='word_1_141' title='bbox 913 2282 1400 2377; x_wconf 80' lang='lat' dir='ltr'><strong>recipiuntur¹.·</strong></span> <span class='ocrx_word' id='word_1_142' title='bbox 1429 2286 1579 2352; x_wconf 88' lang='lat' dir='ltr'><strong>Hoc</strong></span> <span class='ocrx_word' id='word_1_143' title='bbox 1623 2308 1665 2351; x_wconf 89' lang='lat' dir='ltr'><strong>a</strong></span> <span class='ocrx_word' id='word_1_144' title='bbox 1698 2282 2255 2353; x_wconf 83' lang='lat' dir='ltr'><strong>Cordubensibus·</strong></span> <span class='ocrx_word' id='word_1_145' title='bbox 2316 2296 2741 2375; x_wconf 76' lang='lat' dir='ltr'><strong>nequaquam</strong></span> 
     </span>
     <span class='ocr_line' id='line_1_19' title="bbox 586 2388 2741 2485; baseline -0.001 -28"><span class='ocrx_word' id='word_1_146' title='bbox 586 2402 852 2481; x_wconf 87' lang='lat' dir='ltr'><strong>poterat</strong></span> <span class='ocrx_word' id='word_1_147' title='bbox 893 2388 1348 2458; x_wconf 76' lang='lat' dir='ltr'><strong>animadverti.</strong></span> <span class='ocrx_word' id='word_1_148' title='bbox 1379 2389 2129 2485; x_wconf 78' lang='lat' dir='ltr'><strong>Appropinquantibus,</strong></span> <span class='ocrx_word' id='word_1_149' title='bbox 2158 2413 2240 2457; x_wconf 82' lang='lat' dir='ltr'><strong>ex</strong></span> <span class='ocrx_word' id='word_1_150' title='bbox 2276 2388 2531 2483; x_wconf 82' lang='lat' dir='ltr'><strong>oppido</strong></span> <span class='ocrx_word' id='word_1_151' title='bbox 2570 2388 2741 2457; x_wconf 87' lang='lat' dir='ltr'><strong>bene</strong></span> 
     </span>
     <span class='ocr_line' id='line_1_20' title="bbox 592 2493 2743 2592; baseline 0 -28"><span class='ocrx_word' id='word_1_152' title='bbox 592 2507 838 2592; x_wconf 73' lang='lat' dir='ltr'><strong>inagna</strong></span> <span class='ocrx_word' id='word_1_153' title='bbox 867 2493 1228 2566; x_wconf 82' lang='lat' dir='ltr'><strong>multitudo</strong></span> <span class='ocrx_word' id='word_1_154' title='bbox 1271 2496 1356 2565; x_wconf 87' lang='lat' dir='ltr'><strong>ad</strong></span> <span class='ocrx_word' id='word_1_155' title='bbox 1391 2498 1763 2590; x_wconf 82' lang='lat' dir='ltr'><strong>equitatum</strong></span> <span class='ocrx_word' id='word_1_156' title='bbox 1799 2495 2287 2566; x_wconf 81' lang='lat' dir='ltr'><strong>concidendum</strong></span> <span class='ocrx_word' id='word_1_157' title='bbox 2315 2519 2540 2589; x_wconf 62' lang='lat' dir='ltr'><strong>‘quum</strong></span> <span class='ocrx_word' id='word_1_158' title='bbox 2586 2497 2743 2564; x_wconf 84' lang='lat' dir='ltr'><strong>exis·</strong></span> 
     </span>
     <span class='ocr_line' id='line_1_21' title="bbox 590 2599 2740 2698; baseline 0 -28"><span class='ocrx_word' id='word_1_159' title='bbox 590 2617 770 2690; x_wconf 81' lang='lat' dir='ltr'><strong>sent3</strong></span> <span class='ocrx_word' id='word_1_160' title='bbox 795 2599 1079 2691; x_wconf 80' lang='lat' dir='ltr'><strong>loricati,</strong></span> <span class='ocrx_word' id='word_1_161' title='bbox 1106 2617 1407 2698; x_wconf 82' lang='lat' dir='ltr'><strong>utsupra</strong></span> <span class='ocrx_word' id='word_1_162' title='bbox 1443 2605 1866 2698; x_wconf 78' lang='lat' dir='ltr'><strong>scripsimus,</strong></span> <span class='ocrx_word' id='word_1_163' title='bbox 1894 2627 1974 2672; x_wconf 84' lang='lat' dir='ltr'><strong>ex</strong></span> <span class='ocrx_word' id='word_1_164' title='bbox 2006 2603 2189 2696; x_wconf 86' lang='lat' dir='ltr'><strong>equis</strong></span> <span class='ocrx_word' id='word_1_165' title='bbox 2219 2601 2740 2689; x_wconf 81' lang='lat' dir='ltr'><strong>descenderunt,</strong></span> 
     </span>
     <span class='ocr_line' id='line_1_22' title="bbox 588 2697 2739 2804; baseline 0 -28"><span class='ocrx_word' id='word_1_166' title='bbox 588 2723 655 2776; x_wconf 92' lang='lat' dir='ltr'><strong>et</strong></span> <span class='ocrx_word' id='word_1_167' title='bbox 683 2729 1001 2804; x_wconf 88' lang='lat' dir='ltr'><strong>magnum</strong></span> <span class='ocrx_word' id='word_1_168' title='bbox 1037 2707 1341 2804; x_wconf 78' lang='lat' dir='ltr'><strong>praelium</strong></span> <span class='ocrx_word' id='word_1_169' title='bbox 1377 2708 1715 2798; x_wconf 86' lang='lat' dir='ltr'><strong>fecerunt,</strong></span> <span class='ocrx_word' id='word_1_170' title='bbox 1747 2711 1839 2780; x_wconf 79' lang='lat' dir='ltr'><strong>sic</strong></span> <span class='ocrx_word' id='word_1_171' title='bbox 1871 2697 1969 2778; x_wconf 82' lang='lat' dir='ltr'><strong>uti</strong></span> <span class='ocrx_word' id='word_1_172' title='bbox 1995 2733 2077 2779; x_wconf 78' lang='lat' dir='ltr'><strong>ex</strong></span> <span class='ocrx_word' id='word_1_173' title='bbox 2104 2708 2365 2778; x_wconf 88' lang='lat' dir='ltr'><strong>infinita</strong></span> <span class='ocrx_word' id='word_1_174' title='bbox 2390 2708 2739 2777; x_wconf 89' lang='lat' dir='ltr'><strong>hominum</strong></span> 
     </span>
     <span class='ocr_line' id='line_1_23' title="bbox 589 2813 2741 2913; baseline 0.001 -31"><span class='ocrx_word' id='word_1_175' title='bbox 589 2813 1012 2884; x_wconf 83' lang='lat' dir='ltr'><strong>multitudine</strong></span> <span class='ocrx_word' id='word_1_176' title='bbox 1047 2818 1243 2910; x_wconf 89' lang='lat' dir='ltr'><strong>pauci</strong></span> <span class='ocrx_word' id='word_1_177' title='bbox 1290 2818 1361 2884; x_wconf 89' lang='lat' dir='ltr'><strong>in</strong></span> <span class='ocrx_word' id='word_1_178' title='bbox 1401 2817 1721 2913; x_wconf 88' lang='lat' dir='ltr'><strong>oppidum</strong></span> <span class='ocrx_word' id='word_1_179' title='bbox 1766 2835 1839 2886; x_wconf 86' lang='lat' dir='ltr'><strong>se</strong></span> <span class='ocrx_word' id='word_1_180' title='bbox 1872 2817 2264 2910; x_wconf 84' lang='lat' dir='ltr'><strong>reciperent.</strong></span> <span class='ocrx_word' id='word_1_181' title='bbox 2308 2815 2461 2883; x_wconf 88' lang='lat' dir='ltr'><strong>&#39;Hoc</strong></span> <span class='ocrx_word' id='word_1_182' title='bbox 2500 2817 2741 2884; x_wconf 82' lang='lat' dir='ltr'><strong>timore</strong></span> 
     </span>
     <span class='ocr_line' id='line_1_24' title="bbox 591 2911 2743 3019; baseline 0.001 -31"><span class='ocrx_word' id='word_1_183' title='bbox 591 2921 918 2991; x_wconf 83' lang='lat' dir='ltr'><strong>adductus</strong></span> <span class='ocrx_word' id='word_1_184' title='bbox 954 2923 1098 2990; x_wconf 85' lang='lat' dir='ltr'><strong>Sex.</strong></span> <span class='ocrx_word' id='word_1_185' title='bbox 1144 2911 1500 3019; x_wconf 73' lang='lat' dir='ltr'><strong>Pompeius</strong></span> <span class='ocrx_word' id='word_1_186' title='bbox 1544 2921 1767 2992; x_wconf 88' lang='lat' dir='ltr'><strong>literas</strong></span> <span class='ocrx_word' id='word_1_187' title='bbox 1811 2923 2011 2994; x_wconf 78' lang='lat' dir='ltr'><strong>fratri.</strong></span> <span class='ocrx_word' id='word_1_188' title='bbox 2051 2923 2265 3008; x_wconf 85' lang='lat' dir='ltr'><strong>misit,</strong></span> <span class='ocrx_word' id='word_1_189' title='bbox 2317 2936 2394 2989; x_wconf 90' lang='lat' dir='ltr'><strong>ut</strong></span> <span class='ocrx_word' id='word_1_190' title='bbox 2442 2919 2743 2990; x_wconf 86' lang='lat' dir='ltr'><strong>celeriter</strong></span> 
     </span>
     <span class='ocr_line' id='line_1_25' title="bbox 591 3027 2743 3124; baseline 0 -28"><span class='ocrx_word' id='word_1_191' title='bbox 591 3027 714 3096; x_wconf 89' lang='lat' dir='ltr'><strong>sibi</strong></span> <span class='ocrx_word' id='word_1_192' title='bbox 751 3028 1044 3098; x_wconf 83' lang='lat' dir='ltr'><strong>subsidio</strong></span> <span class='ocrx_word' id='word_1_193' title='bbox 1081 3031 1368 3118; x_wconf 86' lang='lat' dir='ltr'><strong>veniret,</strong></span> <span class='ocrx_word' id='word_1_194' title='bbox 1404 3055 1489 3098; x_wconf 92' lang='lat' dir='ltr'><strong>ne</strong></span> <span class='ocrx_word' id='word_1_195' title='bbox 1520 3031 1706 3124; x_wconf 86' lang='lat' dir='ltr'><strong>prius</strong></span> <span class='ocrx_word' id='word_1_196' title='bbox 1738 3032 1969 3100; x_wconf 74' lang='lat' dir='ltr'><strong>Caesar</strong></span> <span class='ocrx_word' id='word_1_197' title='bbox 2010 3028 2397 3097; x_wconf 85' lang='lat' dir='ltr'><strong>Cordubam</strong></span> <span class='ocrx_word' id='word_1_198' title='bbox 2438 3043 2743 3122; x_wconf 84' lang='lat' dir='ltr'><strong>caperet,</strong></span> 
     </span>
     <span class='ocr_line' id='line_1_26' title="bbox 588 3132 2743 3230; baseline 0 -28"><span class='ocrx_word' id='word_1_199' title='bbox 588 3149 791 3227; x_wconf 76' lang='lat' dir='ltr'><strong>quain</strong></span> <span class='ocrx_word' id='word_1_200' title='bbox 837 3136 976 3230; x_wconf 88' lang='lat' dir='ltr'><strong>ipse</strong></span> <span class='ocrx_word' id='word_1_201' title='bbox 1025 3133 1141 3204; x_wconf 90' lang='lat' dir='ltr'><strong>illo</strong></span> <span class='ocrx_word' id='word_1_202' title='bbox 1185 3138 1488 3206; x_wconf 78' lang='lat' dir='ltr'><strong>venisset.</strong></span> <span class='ocrx_word' id='word_1_203' title='bbox 1540 3137 1646 3204; x_wconf 86' lang='lat' dir='ltr'><strong>Ita</strong></span> <span class='ocrx_word' id='word_1_204' title='bbox 1692 3138 1814 3206; x_wconf 91' lang='lat' dir='ltr'><strong>Cn.</strong></span> <span class='ocrx_word' id='word_1_205' title='bbox 1867 3137 2224 3229; x_wconf 81' lang='lat' dir='ltr'><strong>Pompeius</strong></span> <span class='ocrx_word' id='word_1_206' title='bbox 2251 3187 2270 3222; x_wconf 86' lang='lat'><strong>,</strong></span> <span class='ocrx_word' id='word_1_207' title='bbox 2324 3132 2481 3203; x_wconf 88' lang='lat' dir='ltr'><strong>Ulia</strong></span> <span class='ocrx_word' id='word_1_208' title='bbox 2530 3156 2743 3230; x_wconf 88' lang='lat' dir='ltr'><strong>prope</strong></span> 
     </span>
     <span class='ocr_line' id='line_1_27' title="bbox 588 3239 2743 3337; baseline 0.001 -29"><span class='ocrx_word' id='word_1_209' title='bbox 588 3256 784 3335; x_wconf 89' lang='lat' dir='ltr'><strong>capta</strong></span> <span class='ocrx_word' id='word_1_210' title='bbox 812 3295 832 3329; x_wconf 92' lang='lat'><strong>,</strong></span> <span class='ocrx_word' id='word_1_211' title='bbox 890 3239 1091 3311; x_wconf 89' lang='lat' dir='ltr'><strong>literis</strong></span> <span class='ocrx_word' id='word_1_212' title='bbox 1143 3241 1364 3312; x_wconf 87' lang='lat' dir='ltr'><strong>fratris</strong></span> <span class='ocrx_word' id='word_1_213' title='bbox 1401 3243 1689 3332; x_wconf 80' lang='lat' dir='ltr'><strong>excituS‚</strong></span> <span class='ocrx_word' id='word_1_214' title='bbox 1748 3255 1901 3312; x_wconf 89' lang='lat' dir='ltr'><strong>cum</strong></span> <span class='ocrx_word' id='word_1_215' title='bbox 1954 3243 2161 3337; x_wconf 88' lang='lat' dir='ltr'><strong>copiis</strong></span> <span class='ocrx_word' id='word_1_216' title='bbox 2207 3239 2292 3310; x_wconf 85' lang='lat' dir='ltr'><strong>ad</strong></span> <span class='ocrx_word' id='word_1_217' title='bbox 2354 3240 2743 3310; x_wconf 85' lang='lat' dir='ltr'><strong>Cordubam</strong></span> 
     </span>
     <span class='ocr_line' id='line_1_28' title="bbox 587 3347 1234 3444; baseline 0.002 -29"><span class='ocrx_word' id='word_1_218' title='bbox 587 3347 716 3416; x_wconf 82' lang='lat' dir='ltr'><strong>iter</strong></span> <span class='ocrx_word' id='word_1_219' title='bbox 750 3347 972 3417; x_wconf 85' lang='lat' dir='ltr'><strong>facere</strong></span> <span class='ocrx_word' id='word_1_220' title='bbox 1011 3350 1234 3444; x_wconf 88' lang='lat' dir='ltr'><strong>coepit.</strong></span> 
     </span>
    </p>
   </div>
   <div class='ocr_carea' id='block_1_3' title="bbox 587 3519 2747 4158">
    <p class='ocr_par' dir='ltr' id='par_1_4' title="bbox 587 3519 2747 3756">
     <span class='ocr_line' id='line_1_29' title="bbox 587 3519 2747 3602; baseline 0 -25"><span class='ocrx_word' id='word_1_221' title='bbox 587 3520 991 3602; x_wconf 54' lang='lat' dir='ltr'><strong>-peditefiquum</strong></span> <span class='ocrx_word' id='word_1_222' title='bbox 1009 3525 1419 3602; x_wconf 50' lang='lat' dir='ltr'><strong>conscendet-erut</strong></span> <span class='ocrx_word' id='word_1_223' title='bbox 1431 3541 1548 3596; x_wconf 78' lang='lat' dir='ltr'><strong>cap.</strong></span> <span class='ocrx_word' id='word_1_224' title='bbox 1570 3531 1626 3588; x_wconf 77' lang='grc'><strong>4.</strong></span> <span class='ocrx_word' id='word_1_225' title='bbox 1766 3547 1775 3557; x_wconf 86' lang='grc'><em>·</em></span> <span class='ocrx_word' id='word_1_226' title='bbox 1803 3525 1934 3579; x_wconf 66' lang='lat' dir='ltr'><strong>Cn.</strong></span> <span class='ocrx_word' id='word_1_227' title='bbox 1950 3525 2055 3578; x_wconf 83' lang='lat' dir='ltr'><strong>IV.</strong></span> <span class='ocrx_word' id='word_1_228' title='bbox 2090 3543 2140 3578; x_wconf 71' lang='lat' dir='ltr'><strong>n</strong></span> <span class='ocrx_word' id='word_1_229' title='bbox 2178 3525 2243 3578; x_wconf 79' lang='lat' dir='ltr'><strong>In</strong></span> <span class='ocrx_word' id='word_1_230' title='bbox 2270 3527 2403 3597; x_wconf 66' lang='lat' dir='ltr'><strong>eqta‘s</strong></span> <span class='ocrx_word' id='word_1_231' title='bbox 2428 3527 2575 3595; x_wconf 65' lang='lat' dir='ltr'><strong>neap.</strong></span> <span class='ocrx_word' id='word_1_232' title='bbox 2604 3519 2747 3596; x_wconf 72' lang='lat' dir='ltr'><strong>Iiege</strong></span> 
     </span>
     <span class='ocr_line' id='line_1_30' title="bbox 596 3603 2745 3677; baseline -0 -20"><span class='ocrx_word' id='word_1_233' title='bbox 596 3603 674 3657; x_wconf 84' lang='grc' dir='ltr'><strong>Μ.</strong></span> <span class='ocrx_word' id='word_1_234' title='bbox 693 3635 776 3648; x_wconf 82' lang='grc'><strong>--·</strong></span> <span class='ocrx_word' id='word_1_235' title='bbox 789 3603 1056 3675; x_wconf 67' lang='lat' dir='ltr'><strong>Respondit</strong></span> <span class='ocrx_word' id='word_1_236' title='bbox 1073 3625 1091 3657; x_wconf 90' lang='lat'><strong>.·</strong></span> <span class='ocrx_word' id='word_1_237' title='bbox 1111 3616 1219 3658; x_wconf 73' lang='lat' dir='ltr'><strong>ut...</strong></span> <span class='ocrx_word' id='word_1_238' title='bbox 1235 3605 1436 3658; x_wconf 70' lang='lat' dir='ltr'><strong>Mirum</strong></span> <span class='ocrx_word' id='word_1_239' title='bbox 1455 3605 1631 3660; x_wconf 67' lang='lat' dir='ltr'><strong>latini·</strong></span> <span class='ocrx_word' id='word_1_240' title='bbox 1718 3609 1771 3656; x_wconf 77' lang='lat' dir='ltr'><strong>in</strong></span> <span class='ocrx_word' id='word_1_241' title='bbox 1798 3625 1943 3677; x_wconf 77' lang='lat' dir='ltr'><strong>equos</strong></span> <span class='ocrx_word' id='word_1_242' title='bbox 1982 3608 2130 3675; x_wconf 77' lang='lat' dir='ltr'><strong>reeip.</strong></span> <span class='ocrx_word' id='word_1_243' title='bbox 2166 3605 2391 3675; x_wconf 76' lang='lat' dir='ltr'><strong>Equites</strong></span> <span class='ocrx_word' id='word_1_244' title='bbox 2426 3617 2745 3675; x_wconf 73' lang='lat' dir='ltr'><strong>receperunt</strong></span> 
     </span>
     <span class='ocr_line' id='line_1_31' title="bbox 591 3684 2743 3756; baseline -0.001 -18"><span class='ocrx_word' id='word_1_245' title='bbox 591 3685 791 3738; x_wconf 75' lang='lat' dir='ltr'><strong>tatem!</strong></span> <span class='ocrx_word' id='word_1_246' title='bbox 815 3684 895 3737; x_wconf 82' lang='lat' dir='ltr'><strong>M.</strong></span> <span class='ocrx_word' id='word_1_247' title='bbox 915 3685 1202 3739; x_wconf 76' lang='lat' dir='ltr'><strong>Barbaries</strong></span> <span class='ocrx_word' id='word_1_248' title='bbox 1233 3700 1410 3738; x_wconf 84' lang='lat' dir='ltr'><strong>mera..</strong></span> <span class='ocrx_word' id='word_1_249' title='bbox 1614 3733 1619 3736; x_wconf 84' lang='lat'><strong>.</strong></span> <span class='ocrx_word' id='word_1_250' title='bbox 1718 3686 1863 3738; x_wconf 52' lang='lat' dir='ltr'><strong>rix-os</strong></span> <span class='ocrx_word' id='word_1_251' title='bbox 1890 3685 2140 3738; x_wconf 75' lang='lat' dir='ltr'><strong>loricatos</strong></span> <span class='ocrx_word' id='word_1_252' title='bbox 2168 3684 2225 3738; x_wconf 84' lang='lat' dir='ltr'><strong>in</strong></span> <span class='ocrx_word' id='word_1_253' title='bbox 2252 3703 2419 3755; x_wconf 73' lang='lat' dir='ltr'><strong>equos</strong></span> <span class='ocrx_word' id='word_1_254' title='bbox 2440 3703 2581 3738; x_wconf 75' lang='lat' dir='ltr'><strong>suos.</strong></span> <span class='ocrx_word' id='word_1_255' title='bbox 2602 3685 2743 3756; x_wconf 74' lang='lat' dir='ltr'><strong>Lege</strong></span> 
     </span>
    </p>

    <p class='ocr_par' dir='ltr' id='par_1_5' title="bbox 589 3764 2745 4158">
     <span class='ocr_line' id='line_1_32' title="bbox 681 3764 2741 3837; baseline -0.001 -19"><span class='ocrx_word' id='word_1_256' title='bbox 681 3770 740 3818; x_wconf 88' lang='grc'><strong>6.</strong></span> <span class='ocrx_word' id='word_1_257' title='bbox 755 3766 972 3826; x_wconf 70' lang='lat' dir='ltr'><strong>Partim,</strong></span> <span class='ocrx_word' id='word_1_258' title='bbox 991 3769 1077 3836; x_wconf 79' lang='lat' dir='ltr'><strong>qui</strong></span> <span class='ocrx_word' id='word_1_259' title='bbox 1089 3771 1370 3818; x_wconf 64' lang='lat' dir='ltr'><strong>masere.</strong></span> <span class='ocrx_word' id='word_1_260' title='bbox 1389 3766 1474 3817; x_wconf 80' lang='lat' dir='ltr'><strong>An</strong></span> <span class='ocrx_word' id='word_1_261' title='bbox 1491 3783 1633 3835; x_wconf 67' lang='lat' dir='ltr'><strong>,pa-s-</strong></span> <span class='ocrx_word' id='word_1_262' title='bbox 1717 3765 1883 3817; x_wconf 87' lang='lat' dir='ltr'><strong>modo</strong></span> <span class='ocrx_word' id='word_1_263' title='bbox 1912 3781 2002 3830; x_wconf 79' lang='lat' dir='ltr'><strong>ea,</strong></span> <span class='ocrx_word' id='word_1_264' title='bbox 2020 3784 2145 3837; x_wconf 63' lang='grc' dir='ltr'><strong>(με</strong></span> <span class='ocrx_word' id='word_1_265' title='bbox 2172 3775 2487 3836; x_wconf 75' lang='lat' dir='ltr'><strong>sequnntur.</strong></span> <span class='ocrx_word' id='word_1_266' title='bbox 2512 3764 2741 3836; x_wconf 80' lang='lat' dir='ltr'><strong>Propter</strong></span> 
     </span>
     <span class='ocr_line' id='line_1_33' title="bbox 601 3843 2739 3916; baseline 0 -20"><span class='ocrx_word' id='word_1_267' title='bbox 601 3848 716 3907; x_wconf 77' lang='lat' dir='ltr'><strong>sim,</strong></span> <span class='ocrx_word' id='word_1_268' title='bbox 749 3847 834 3916; x_wconf 76' lang='lat' dir='ltr'><strong>qui</strong></span> <span class='ocrx_word' id='word_1_269' title='bbox 861 3851 1201 3898; x_wconf 64' lang='lat' dir='ltr'><strong>remanet-ent?</strong></span> <span class='ocrx_word' id='word_1_270' title='bbox 1217 3845 1322 3899; x_wconf 85' lang='lat' dir='ltr'><strong>Sed</strong></span> <span class='ocrx_word' id='word_1_271' title='bbox 1348 3845 1486 3898; x_wconf 82' lang='lat' dir='ltr'><strong>nihil</strong></span> <span class='ocrx_word' id='word_1_272' title='bbox 1518 3846 1631 3898; x_wconf 80' lang='lat' dir='ltr'><strong>effi·</strong></span> <span class='ocrx_word' id='word_1_273' title='bbox 1712 3846 2027 3898; x_wconf 51' lang='lat' dir='ltr'><strong>varietatem</strong></span> <span class='ocrx_word' id='word_1_274' title='bbox 2054 3845 2299 3899; x_wconf 71' lang='lat' dir='ltr'><strong>lectionis</strong></span> <span class='ocrx_word' id='word_1_275' title='bbox 2328 3843 2537 3916; x_wconf 82' lang='lat' dir='ltr'><strong>poterit</strong></span> <span class='ocrx_word' id='word_1_276' title='bbox 2556 3843 2739 3906; x_wconf 75' lang='lat' dir='ltr'><strong>etiam,</strong></span> 
     </span>
     <span class='ocr_line' id='line_1_34' title="bbox 598 3922 2745 3997; baseline -0 -20"><span class='ocrx_word' id='word_1_277' title='bbox 598 3924 741 3978; x_wconf 66' lang='lat' dir='ltr'><strong>citur</strong></span> <span class='ocrx_word' id='word_1_278' title='bbox 781 3924 1170 3980; x_wconf 78' lang='lat' dir='ltr'><strong>emendatione.</strong></span> <span class='ocrx_word' id='word_1_279' title='bbox 1204 3927 1376 3978; x_wconf 72' lang='lat' dir='ltr'><strong>Tanta</strong></span> <span class='ocrx_word' id='word_1_280' title='bbox 1421 3939 1502 3979; x_wconf 79' lang='lat' dir='ltr'><strong>est</strong></span> <span class='ocrx_word' id='word_1_281' title='bbox 1535 3945 1629 3978; x_wconf 76' lang='lat' dir='ltr'><strong>va·</strong></span> <span class='ocrx_word' id='word_1_282' title='bbox 1716 3930 1853 3997; x_wconf 71' lang='lat' dir='ltr'><strong>equis</strong></span> <span class='ocrx_word' id='word_1_283' title='bbox 1882 3930 2199 3997; x_wconf 50' lang='lat' dir='ltr'><strong>nominantur,</strong></span> <span class='ocrx_word' id='word_1_284' title='bbox 2232 3925 2363 3996; x_wconf 77' lang='lat' dir='ltr'><strong>legi,</strong></span> <span class='ocrx_word' id='word_1_285' title='bbox 2393 3922 2561 3976; x_wconf 81' lang='lat' dir='ltr'><strong>modo</strong></span> <span class='ocrx_word' id='word_1_286' title='bbox 2588 3939 2745 3976; x_wconf 70' lang='lat' dir='ltr'><strong>sensu</strong></span> 
     </span>
     <span class='ocr_line' id='line_1_35' title="bbox 589 4003 2743 4078; baseline -0.001 -20"><span class='ocrx_word' id='word_1_287' title='bbox 589 4004 761 4058; x_wconf 63' lang='lat' dir='ltr'><strong>‘fictas</strong></span> <span class='ocrx_word' id='word_1_288' title='bbox 795 4007 1090 4058; x_wconf 79' lang='lat' dir='ltr'><strong>verborum</strong></span> <span class='ocrx_word' id='word_1_289' title='bbox 1112 4017 1225 4058; x_wconf 74' lang='lat' dir='ltr'><strong>sunt</strong></span> <span class='ocrx_word' id='word_1_290' title='bbox 1253 4010 1498 4078; x_wconf 77' lang='lat' dir='ltr'><strong>recepti...</strong></span> <span class='ocrx_word' id='word_1_291' title='bbox 1518 4024 1628 4058; x_wconf 79' lang='lat' dir='ltr'><strong>eru-</strong></span> <span class='ocrx_word' id='word_1_292' title='bbox 1706 4005 1855 4072; x_wconf 74' lang='lat' dir='ltr'><strong>hoc,</strong></span> <span class='ocrx_word' id='word_1_293' title='bbox 1894 4017 1957 4058; x_wconf 87' lang='lat' dir='ltr'><strong>ut</strong></span> <span class='ocrx_word' id='word_1_294' title='bbox 1984 4006 2087 4070; x_wconf 74' lang='lat' dir='ltr'><strong>sit,</strong></span> <span class='ocrx_word' id='word_1_295' title='bbox 2116 4009 2171 4057; x_wconf 73' lang='lat' dir='ltr'><strong>in</strong></span> <span class='ocrx_word' id='word_1_296' title='bbox 2212 4023 2371 4078; x_wconf 61' lang='lat' dir='ltr'><strong>equor.</strong></span> <span class='ocrx_word' id='word_1_297' title='bbox 2412 4005 2493 4058; x_wconf 78' lang='lat' dir='ltr'><strong>M.</strong></span> <span class='ocrx_word' id='word_1_298' title='bbox 2530 4003 2743 4056; x_wconf 65' lang='lat' dir='ltr'><strong>Rectius</strong></span> 
     </span>
     <span class='ocr_line' id='line_1_36' title="bbox 595 4083 2745 4158; baseline -0 -21"><span class='ocrx_word' id='word_1_299' title='bbox 595 4089 917 4156; x_wconf 63' lang='lat' dir='ltr'><strong>ptqbnem;ut</strong></span> <span class='ocrx_word' id='word_1_300' title='bbox 933 4085 1076 4138; x_wconf 81' lang='lat' dir='ltr'><strong>nihil</strong></span> <span class='ocrx_word' id='word_1_301' title='bbox 1106 4084 1320 4140; x_wconf 69' lang='lat' dir='ltr'><strong>definiri</strong></span> <span class='ocrx_word' id='word_1_302' title='bbox 1347 4087 1533 4158; x_wconf 72' lang='lat' dir='ltr'><strong>possit.</strong></span> <span class='ocrx_word' id='word_1_303' title='bbox 1548 4087 1626 4140; x_wconf 80' lang='lat' dir='ltr'><strong>M.</strong></span> <span class='ocrx_word' id='word_1_304' title='bbox 1704 4085 1823 4139; x_wconf 75' lang='lat' dir='ltr'><strong>-hoc</strong></span> <span class='ocrx_word' id='word_1_305' title='bbox 1841 4101 2037 4157; x_wconf 71' lang='lat' dir='ltr'><strong>,quain</strong></span> <span class='ocrx_word' id='word_1_306' title='bbox 2062 4083 2211 4158; x_wconf 85' lang='lat' dir='ltr'><strong>quod</strong></span> <span class='ocrx_word' id='word_1_307' title='bbox 2222 4083 2671 4150; x_wconf 74' lang='lat' dir='ltr'><strong>vuhGoduium,</strong></span> <span class='ocrx_word' id='word_1_308' title='bbox 2686 4101 2745 4136; x_wconf 73' lang='lat' dir='ltr'><strong>es</strong></span> 
     </span>
    </p>
   </div>
  </div>
 </body>
</html>
