3025 5025
972 520 1722 591 HISPANIENSI.
2246 519 2397 620 569·

242 674 380 745 que
417 651 670 721 circum
707 675 848 721 sese
890 650 1263 741 interclusi,
1286 655 1460 721 inter
1498 679 1568 722 se
1612 654 1999 742 decernere,
2017 654 2195 725 facta
2218 657 2399 727 caede

239 756 420 825 b'ene
447 782 692 852 magna
704 749 801 845 ⁴⁴,
827 761 1241 853 eruptionem
1280 759 1549 829 faciunt.
1578 762 1807 830 Nostri
1830 760 1915 829 ad
1940 762 2263 856 oppidum
2293 789 2395 832 re·

241 864 706 958 cuper-andum
767 867 1184 935 occasionem
1227 891 1365 934 non
1409 869 1924 961 praetermittunt
1944 921 1963 955 ,
2000 882 2069 935 et
2110 867 2396 964 reliquos

243 970 452 1039 vivos‘
495 973 772 1065 capiunt
798 1025 818 1061 ‚
857 973 1027 1039 XIV
1065 971 1313 1060 millia,
1359 998 1436 1042 ac
1477 972 1716 1042 deinde
1760 977 2139 1043 Ursaonem
2163 973 2185 999 ²
2231 1002 2394 1070 pro-

241 1074 676 1145 ficiscuntur.
662 1077 878 1171 ·quod
900 1078 1221 1173 oppidum
1245 1104 1486 1174 magna
1509 1082 1877 1149 munitione
1901 1082 2399 1170 continebatur,

245 1184 380 1270 sic,
398 1197 474 1252 ut
497 1186 636 1277 ipse
659 1182 846 1254 locus
864 1209 1001 1253 non
1023 1182 1237 1255 solum
1261 1211 1496 1280 opere,
1522 1166 1638 1255 sed
1662 1188 1859 1255 etiam
1885 1202 2123 1257 natura
2150 1188 2398 1277 edituS‚

243 1289 334 1357 ab
363 1291 816 1410 oppugnando
831 1276 1120 1361 hostem³
1135 1307 1482 1362 averteret.
1505 1296 1658 1362 Huc
1686 1294 2077 1382 accedebat,
2093 1310 2169 1363 ut
2188 1320 2355 1389 aqua
2377 1349 2397 1382 ‚

245 1410 692 1491 praeterquam
727 1399 796 1465 in
822 1400 966 1516 ipso
1005 1397 1254 1492 oppido
1285 1399 1545 1467 Munda
1564 1401 2032 1486 ,circumcirca
2069 1426 2397 1495 nusquam

243 1504 654 1597 reperiretur
682 1506 958 1599 propius
990 1503 1192 1573 millia
1222 1530 1537 1599 passuum
1566 1493 1817 1575 V111⁴:
1848 1533 1995 1601 quae
2019 1533 2122 1577 res
2151 1533 2399 1603 magno

243 1623 394 1677 erat
429 1609 813 1703 adjumento
868 1610 1236 1706 oppidanis.
1287 1615 1460 1681 Tum
1513 1625 1837 1707 praeterea
1876 1613 2279 1699 accedebat,
2324 1630 2401 1684 ut

244 1738 454 1809 agger
507 1720 983 1811 materiesque,
1011 1717 1188 1786 unde
1225 1716 1432 1788 solitae
1471 1733 1627 1786 sunt
1668 1733 1777 1788 tui
1779 1744 1883 1788 res
1920 1706 2084 1815 agi⁵,
2120 1723 2401 1815 propius

244 1820 454 1891 millia
489 1847 804 1917 passuum
843 1826 942 1893 VI
988 1849 1125 1894 non
1174 1824 1695 1919 reperiebantur.
1744 1827 1841 1896 Ac
1886 1828 2277 1931 Pompeius,
2320 1842 2397 1897 ut

247 1928 499 2050 oppidi
525 1916 1132 2026 oppugnationem⁶
1164 1934 1479 2000 tutiorem
1524 1931 1853 2021 efficeret,
1883 1959 2151 2003 omnem
2189 1950 2395 2003 mate-

247 2035 416 2103 riem
441 2037 694 2105 circum
729 2037 1053 2132 oppidum
1087 2040 1410 2109 succisam
1446 2040 1625 2107 intro
1656 2042 2004 2133 congessit.
2032 2042 2139 2109 Ita
2172 2066 2399 2110 neces·

247 2142 422 2211 sario
465 2142 980 2213 deducebantur.
1000 2145 1209 2213 nostri
1237 2196 1257 2231 ‚
1298 2159 1376 2213 ut
1409 2170 1449 2213 a
1491 2146 1748 2215 Munda
1767 2200 1786 2234 ,
1842 2171 2040 2239 quam
2097 2149 2399 2242 proxime

247 2264 598 2344 ceperant,
634 2254 978 2321 materiem
1014 2249 1128 2319 illo
1161 2250 1611 2345 deportarent.

351 2358 570 2425 XLII.
627 2358 812 2425 Dum
853 2357 999 2427 haec
1033 2356 1120 2425 ad
1150 2355 1478 2425 Mundam
1526 2372 1850 2451 geruntur
1893 2374 1959 2427 et
1990 2361 2397 2480 Ursaonem,

247 2463 508 2549 Caesar,
546 2487 754 2558 quum
788 2487 826 2532 a
863 2462 1162 2534 Gadibus
1199 2462 1286 2532 ad
1323 2462 1650 2558 Hispalim
1692 2490 1761 2533 se
1803 2466 2195 2560 recepisset,
2224 2468 2395 2536 inse·
2402 2496 2405 2499 ⁴

245 2571 474 2664 quenti
529 2569 684 2657 die,
741 2572 1062 2640 concione
1119 2570 1444 2640 advocata
1499 2587 2043 2640 commemorat.
2108 2601 2142 2636 «
2195 2575 2399 2642 Initio

244 2691 594 2771 quaesturae
647 2675 822 2746 suae'
877 2701 1026 2746 eam
1074 2677 1485 2772 provinciam
1536 2684 1618 2746 ex
1664 2679 1976 2747 omnibus
2036 2681 2399 2772 provinciis
2503 2694 2508 2698 '

245 2886 486 2947 Mundam
525 2887 598 2940 ad
619 2909 769 2960 proes.
795 2887 942 2962 quod
971 2890 1044 2943 ita
1075 2890 1270 2962 recepi.
1352 2903 1679 2963 proeterquam
1704 2895 1753 2943 in
1774 2894 1879 2962 ipso
1898 2892 2075 2962 oppido
2088 2931 2103 2954 ,
2135 2912 2229 2944 non
2254 2907 2394 2956 erat;

233 2968 344 3021 *Ad
366 2969 606 3021 Mundam
635 2968 798 3023 habet
829 2969 980 3023 Leid.
1010 2971 1172 3042 prim.
1189 3001 1272 3013 --
1358 2990 1472 3022 nam
1499 2974 1806 3024 circumcirca
1838 2975 1965 3023 rivus
1996 2990 2226 3044 nusquam
2259 2993 2393 3044 repe-

247 3047 573 3121 Hostesque...
609 3051 824 3116 faciunt.
863 3051 1108 3104 Mutilata
1148 3061 1273 3102 sunt
1361 3051 1650 3104 abbatum...
1667 3052 1743 3103 M.
1758 3049 1901 3104 Oud.
1918 3065 2129 3104 secutus
2142 3065 2221 3105 est
2233 3051 2391 3106 codd.

246 3129 364 3181 haec
390 3129 587 3182 omnia.
607 3129 684 3182 M.
709 3129 792 3182 Ita
821 3148 1037 3201 quoque
1059 3131 1118 3182 in
1147 3148 1272 3184 nos·
1361 3129 1529 3183 Norv,
1576 3143 1629 3186 et
1659 3130 1840 3183 Petav.
1870 3131 1940 3183 Ut
1968 3133 2070 3203 pro
2100 3131 2238 3204 quod
2256 3152 2393 3186 'mox

246 3209 348 3261 tris
389 3207 548 3262 codd.
595 3223 649 3262 ct
698 3208 798 3262 hos
838 3210 984 3262 locos
1028 3209 1274 3262 barbarie
1361 3209 1557 3263 iterum
1601 3211 1837 3263 occurrit
1854 3249 1868 3277 ,
1907 3222 1962 3263 et
2009 3210 2227 3282 quidem
2268 3231 2393 3266 cum

247 3289 544 3342 scribarum
561 3286 888 3344 deformatos
905 3289 1161 3344 resarcire
1189 3289 1272 3342 in·
1361 3288 1672 3343 indicativo.
1689 3291 1838 3344 Rivus
1856 3291 2001 3344 abest
2024 3292 2091 3343 ab
2116 3290 2238 3344 edd.
2260 3305 2391 3346 vett.
2438 3305 2443 3316 ·

245 3381 428 3440 gratus
458 3369 598 3422 forte
625 3369 764 3422 foret
786 3369 956 3422 labor.
1446 3370 1497 3422 5.
1528 3369 1655 3440 Age.
1680 3369 1914 3448 Resfieri
1931 3371 2181 3442 postulat.
2207 3371 2285 3424 Μ.
2309 3405 2387 3414 -

335 3470 387 3504 2.
423 3449 704 3502 Ursaonem.
741 3447 879 3502 cod.
921 3451 1087 3504 Dorv.
1123 3449 1276 3502 Urso·
1361 3450 1755 3521 Reperiebantur.
1780 3450 1953 3522 Hujus
1974 3464 2255 3523 syntaxeos
2282 3452 2391 3504 cul-

247 3549 371 3583 nem.
396 3527 524 3582 vid.
557 3541 670 3582 not.
697 3526 764 3582 ad
791 3547 838 3582 c.
876 3533 968 3584 ωδ.
1360 3549 1486 3600 pam
1518 3529 1767 3602 scriptori
1796 3530 1901 3602 ipsi
1933 3549 2094 3582 nemo
2116 3568 2133 3596 ,
2160 3531 2355 3602 opinor
2371 3571 2391 3597 ‚

333 3610 384 3663 3.
405 3608 501 3661 Ad
521 3608 895 3680 oppugnandum
909 3610 1116 3672 ,ho-rtem.
1147 3609 1272 3680 ch.
1363 3610 1581 3662 tribuet.
1618 3611 1767 3662 Mon.

246 3709 372 3742 cum
395 3687 652 3742 Goduino
683 3701 736 3740 et
755 3689 987 3742 Cellario
1001 3727 1018 3753 ‚
1037 3689 1101 3740 ab
1122 3708 1276 3758 oppu—
1446 3693 1500 3743 6.
1540 3689 1727 3761 Oppida·
1756 3702 2019 3760 oppugnat.
2049 3689 2246 3743 Saltem
2267 3709 2389 3760 pro-

243 3769 462 3839 gnando.
477 3768 586 3820 Pro
599 3780 864 3840 appeteret,
882 3768 1029 3840 quod
1043 3769 1099 3820 in
1114 3766 1272 3821 codd.
1352 3774 1702 3839 pugnationem
1724 3768 1929 3840 legetur
1942 3807 1959 3834 ,
1988 3781 2051 3821 ut
2071 3769 2225 3823 multi
2246 3768 2391 3824 dixe-

245 3861 352 3914 est,
379 3849 517 3902 bene
557 3847 790 3902 editores
817 3860 1053 3904 averteret
1081 3867 1274 3920 posue·
1363 3860 1505 3915 runt.
1541 3850 1617 3902 M.
1660 3845 1832 3901 codd.
1870 3867 2053 3902 omnes
2091 3848 2289 3903 hahent
2322 3852 2396 3902 ad

248 3940 395 3982 runt.
439 3929 516 3980 M.
539 3928 832 3999 vulgatum
868 3930 1005 3981 male
1035 3925 1277 3981 defendit
1362 3929 1610 3999 oppidum.
1619 3929 1809 3981 Latere
1822 3927 1955 4000 quid
1968 3941 2121 4000 putat
2134 3927 2389 3984 Oudend.

247 4007 512 4062 Clarkius.
537 4007 978 4062 Emendationem
1003 4008 1196 4079 recepi.
1362 4007 1523 4062 Forte
1540 4028 1642 4080 pro
1665 4013 1885 4060 tutiorem
1906 4007 2191 4080 legendum
2216 4009 2391 4062 lentio-

331 4094 386 4151 4.
418 4088 488 4141 Ut
508 4107 636 4160 aqua
757 4101 880 4142 octo.
907 4089 994 4142 Sic
1021 4086 1272 4141 Oudend.
1363 4107 1489 4150 rem,
1533 4089 1894 4141 diuturniorem.
1939 4089 2041 4140 ΟΒ.

247 4165 342 4222 sed
386 4169 474 4221 alii
520 4168 900 4222 exhibuerant:
946 4169 1078 4240 quod
1108 4187 1269 4241 aqua,
1443 4167 1573 4222 Cu’.
1622 4169 1792 4223 XLII.
1849 4186 1897 4222 1.
1949 4169 2221 4239 Quoesturoe
2268 4189 2385 4220 suae.
