3025 5025
947 435 1025 504 C.
1081 432 1369 502 JULII
1438 427 1913 499 CAESARIS
1981 423 2534 498 COMMENT.

664 568 991 639 tidianum
1017 565 1266 635 itineris
1299 562 1597 632 officium
1640 562 2037 630 revertitur:
2068 574 2407 655 pugnatur
2450 561 2695 629 acriter
2738 561 2827 631 ad

667 675 1100 745 novissimum
1128 695 1404 767 agmen,
1429 669 1599 738 adeo
1615 723 1635 757 ‚
1667 683 1745 736 ut
1772 691 1945 763 pene
1971 682 2161 762 terga
2186 681 2618 754 convertant3
2646 693 2830 738 eom·

666 781 1024 878 pluresque
1055 777 1294 848 milites
1316 831 1335 867 ‚
1363 777 1565 846 etiam
1600 773 1904 844 nonnulli
1936 775 2393 862 centurioneS‚
2422 773 2833 844 interficiun-

667 903 798 958 tur.
825 886 1128 956 Instabat
1161 907 1402 980 agmen
1433 883 1715 953 Caesaris
1730 931 1751 970 ‚
1777 895 1977 975 atque
2004 882 2388 949 universum
2414 881 2827 950 imminebat.

777 995 1094 1064 LXXXI.
1121 994 1295 1060 Tum
1321 993 1485 1060 vero
1515 1009 1733 1083 neque·
1756 989 1843 1056 ad
1872 987 2354 1082 explorandum
2382 988 2701 1057 idoneum
2734 987 2827 1058 lo-

671 1126 826 1172 cum
849 1101 1084 1170 castris
1099 1151 1119 1187 ‚
1148 1121 1364 1192 neque
1391 1096 1478 1166 ad
1503 1095 2067 1192 progrediendum
2096 1093 2252 1162 data
2280 1093 2594 1164 facultate
2611 1149 2631 1180 ‚
2664 1119 2827 1164 con-

667 1209 912 1278 sistunt
957 1207 1328 1275 necessario
1347 1259 1368 1293 ,
1407 1218 1480 1272 et
1517 1201 1754 1298 procul
1806 1201 1895 1270 ab
1944 1225 2118 1296 aqua
2137 1255 2158 1290 ‚
2194 1215 2264 1270 et
2303 1215 2543 1270 natura
2596 1203 2829 1300 iniquo

667 1314 818 1384 loco
854 1327 1073 1383 castra
1107 1325 1385 1406 ponunt.
1411 1309 1543 1380 Sed
1568 1309 1799 1379 iisdem
1822 1308 1907 1378 de
1928 1309 2142 1378 causis
2166 1309 2392 1377 Caesar
2407 1363 2425 1396 ,
2448 1329 2596 1403 quae
2623 1332 2832 1403 supra

670 1435 829 1492 sunt
862 1420 1364 1504 demonstratae,
1394 1415 1623 1513 praelio
1660 1414 1945 1511 amplius
1978 1439 2117 1484 non
2146 1413 2465 1503 lacessit‘‚
2490 1427 2560 1483 et
2594 1439 2681 1484 eo
2724 1415 2830 1484 die

668 1525 1101 1597 tabernacula
1130 1526 1329 1595 statui
1355 1538 1592 1619 passus·
1616 1543 1756 1591 non
1782 1537 1917 1609 est,
1942 1547 2079 1616 quo
2106 1523 2471 1616 paratiores
2496 1537 2724 1592 essent
2748 1521 2831 1590 ad

669 1633 1150 1728 insequendum
1181 1655 1448 1718 omnes,
1475 1633 1615 1699 sive
1638 1644 1845 1698 noctu
1860 1677 1881 1714 ,
1905 1631 2046 1698 sive⁴
2068 1627 2359 1696 interdiu
2380 1643 2828 1722 erumperent.

670 1739 774 1809 Illi
804 1742 1017 1826 enim,
1046 1738 1328 1807 adverso
1355 1739 1517 1806 vitio
1546 1751 1919 1806 castrorum
1938 1733 1984 1824 ²,
2022 1748 2163 1803 tota
2199 1748 2396 1803 nocte
2430 1736 2832 1805 munitiones

669 1846 1056 1942 proferunt,
1084 1859 1431 1938 castraque
1475 1844 1709 1913 eastris
1750 1827 2211 1917 convertunt³.
2239 1843 2389 1909 Hoc
2418 1841 2594 1911 idem
2618 1844 2836 1937 proxi-

677 459 822 506 110

755 2065 886 2117 Cn.
915 2064 1167 2116 LXXXI.
1205 2081 1253 2115 1.
1282 2061 1509 2133 Amplius
1533 2061 1709 2131 pra-lio
1796 2060 1913 2132 ipsa
1940 2072 2241 2132 repugnem
2272 2073 2351 2126 et,
2378 2062 2427 2114 si
2456 2061 2591 2132 qnid
2613 2062 2831 2134 judico,

674 2163 771 2196 non
786 2145 992 2196 lacessit.
1013 2145 1094 2196 Ex
1120 2141 1280 2194 codd.
1300 2142 1422 2206 alii,
1440 2153 1502 2192 ut
1528 2153 1711 2194 noster
1799 2152 1969 2194 castra
2006 2141 2259 2194 Afranius
2294 2159 2475 2194 aversa
2504 2155 2659 2214 parte
2672 2180 2689 2208 ,
2718 2161 2833 2214 quae

677 2225 744 2278 R.
781 2223 932 2293 5764
951 2261 968 2289 ‚
999 2223 1200 2276 habent
1216 2223 1422 2292 :proelio
1441 2241 1539 2272 non
1558 2221 1709 2272 laces·

673 2308 770 2369 sit,
789 2303 986 2356 omisso
1013 2309 1086 2372 τῷ
1115 2303 1320 2372 anplius
1333 2322 1355 2363 ;
1376 2301 1496 2366 alii,
1511 2312 1574 2352 ut
1597 2319 1708 2372 reg.

681 2385 711 2438 5
720 2403 752 2454 7
761 2386 834 2438 68
845 2422 864 2448 ,
879 2383 1082 2453 amplius
1097 2401 1192 2433 non
1205 2382 1421 2442 lacessit,
1443 2399 1575 2433 voce
1583 2400 1714 2450 proe·

675 2465 744 2521 lio
769 2461 1069 2517 subaudita.
1090 2462 1168 2515 Ex
1190 2461 1276 2514 his
1291 2459 1530 2526 duobus,
1547 2479 1713 2515 unam

673 2544 960 2599 lectionem
980 2543 1160 2597 effecit
1175 2540 1530 2612 Oudendorp.
1550 2560 1713 2612 quam

673 2626 982 2679 retinemus.

761 2724 809 2757 a.
825 2704 914 2757 Illi
931 2708 1054 2755 enim
1073 2701 1271 2754 adverso
1286 2704 1414 2753 vitio
1427 2712 1710 2752 castrorum.

675 2783 744 2837 Id
767 2798 844 2837 est
858 2822 874 2849 ‚
894 2802 1060 2854 quum
1079 2782 1354 2834 Afraniani
1377 2779 1715 2835 animadver-

679 2865 865 2917 tissent
901 2864 1264 2917 Caesareorum
1301 2874 1598 2914 castrorum
1632 2860 1714 2913 vi-

680 2945 834 2996 tium.
850 2943 934 2994 Ita
948 2940 1066 2994 cod.
1081 2954 1262 2993 noster
1279 2940 1454 3011 57645
1470 2953 1549 2993 ast
1564 2941 1630 2993 al.
1644 2940 1717 2992 le-

681 3036 817 3095 gunt
837 3023 914 3073 illi
928 3021 1259 3073 animadverso
1273 3024 1415 3073 vitio.
1446 3018 1601 3073 Idem
1618 3031 1713 3073 est.

736 3100 744 3119 “
766 3103 820 3155 3.
839 3102 1108 3173 Castraque
1130 3104 1300 3153 castris
1318 3112 1612 3154 convertunt.
1628 3098 1717 3154 Sic

683 3181 841 3235 codd.
862 3182 1106 3253 plerique
1130 3200 1339 3247 omneS,
1357 3194 1412 3234 et
1432 3179 1583 3233 MSS.
1600 3180 1715 3231 Pet.

683 3275 737 3315 et
756 3263 946 3333 Bong„
963 3260 1057 3315 sed
1083 3260 1174 3315 hic
1201 3280 1231 3315 a
1251 3280 1414 3313 manu
1439 3257 1672 3313 secunda
1700 3277 1715 3313 :

681 3362 712 3397 a
729 3343 904 3414 prima
923 3360 1087 3394 manu
1111 3354 1255 3407 erat,
1279 3352 1541 3412 quantum
1566 3336 1717 3392 vide-

682 3436 774 3476 tur
792 3462 809 3489 ,
840 3433 1158 3475 convenerunt
1171 3460 1188 3487 ,
1228 3433 1280 3473 et
1319 3419 1464 3473 idem
1503 3437 1721 3491 quoque

681 3504 741 3557 in
773 3503 1020 3557 Palatino
1054 3502 1252 3573 legitur
1277 3496 1368 3563 (in
1407 3512 1595 3553 nostro
1624 3518 1719 3552 au-

683 3596 794 3637 tem
821 3585 887 3637 R.
925 3584 1078 3653 5768
1109 3578 1480 3645 conuexerant).
1497 3580 1719 3633 Cineco-

683 3664 806 3717 nius
835 3661 1125 3735 legendum
1154 3663 1376 3733 putabat
1415 3662 1671 3728 conferunt
1698 3680 1719 3713 .-

683 3763 806 3816 quae
832 3744 1041 3815 phrasis
1065 3742 1260 3795 usitata
1290 3741 1486 3795 Caesari
1502 3779 1521 3806 ,
1540 3754 1593 3794 at
1613 3740 1719 3793 hoc

681 3824 804 3877 loco
845 3821 1167 3877 damnanda.
1201 3822 1340 3875 Nam
1379 3821 1612 3875 conferri
1638 3820 1721 3874 di-

685 3916 884 3957 cuntur
899 3917 1068 3957 castra
1083 3942 1099 3969 ‚
1115 3902 1329 3975 quando
1343 3902 1587 3974 proxime
1600 3901 1723 3955 hos-

684 3997 794 4036 tem
817 3997 1110 4055 ponuntur.
1127 3985 1262 4050 Quis
1279 3983 1385 4037 hoe
1411 3984 1480 4035 ab
1496 3982 1721 4035 Afranio

685 4064 1002 4135 Petreioque
1033 4066 1234 4119 factum
1257 4063 1366 4117 ait?
1385 4063 1551 4117 immo
1578 4061 1719 4117 ratio

1796 2220 2105 2292 longissime
2122 2239 2153 2272 a
2176 2221 2381 2274 Caesare
2408 2223 2617 2288 aberat,
2638 2235 2830 2293 protu-

1797 2300 1878 2352 lit.
1911 2301 2091 2365 Quare
2114 2300 2323 2354 retineo
2350 2300 2488 2354 illud
2515 2313 2826 2366 convertunt,

1799 2378 1947 2451 quod
1971 2380 2064 2434 hio
2088 2380 2463 2452 exponendum
2477 2419 2495 2446 ,
2518 2393 2827 2436 commutant.

1800 2460 1938 2514 Nam
1955 2499 1974 2527 ,
1989 2474 2052 2515 ut
2066 2473 2257 2513 vertere
2278 2461 2431 2514 solum
2448 2473 2527 2515 est
2548 2475 2739 2515 mutare
2758 2480 2831 2515 so·

1800 2542 1903 2594 lum
1916 2541 2001 2594 vel
2023 2542 2247 2594 excedere
2282 2560 2379 2607 θος
2402 2556 2463 2595 nt
2474 2544 2687 2610 fortuna
2717 2564 2829 2596 con·

1802 2641 1935 2675 versa
1964 2633 2020 2674 et
2048 2634 2339 2675 commutata
2364 2622 2512 2675 idem
2540 2637 2670 2677 sunt
2702 2642 2717 2677 ε
2759 2626 2830 2677 sic

1800 2713 1963 2752 castra
2004 2714 2271 2757 convertere
2306 2707 2505 2764 eastris,
2525 2703 2617 2755 hic
2658 2705 2832 2757 Casu·

1800 2781 1983 2853 posuit
2018 2800 2120 2853 pro
2146 2783 2330 2835 eastris
2367 2782 2643 2855 prioribus
2678 2786 2831 2838 relic-

1801 2860 1871 2913 tis
1890 2898 1913 2926 ,
1943 2878 2083 2913 nova
2116 2862 2315 2915 habere
2352 2874 2537 2916 eastra.
2570 2865 2731 2917 Voss
2763 2867 2831 2917 At

1801 2940 1980 2993 Davis.
1992 2942 2187 2994 Vossio
2202 2955 2463 3014 repugnat
2474 2981 2491 3007 ‚
2505 2943 2831 2997 contendens

1802 3020 2261 3091 propinquitatem
2304 3034 2600 3075 castrorum
2625 3024 2833 3077 Afranii

1804 3112 1857 3153 et
1876 3100 2096 3153 Caesaris
2120 3120 2229 3155 esse
2252 3115 2451 3155 certam
2471 3120 2535 3155 ex
2556 3102 2719 3155 initio
2736 3105 2834 3157 hu-

1800 3182 1887 3253 jus
1917 3198 2054 3252 cap„
2080 3193 2134 3234 et
2161 3200 2225 3233 ex
2254 3200 2369 3253 cap.
2405 3182 2479 3235 83
2500 3220 2515 3247 ‚
2546 3182 2649 3234 uhi
2674 3185 2833 3237 breve

1804 3260 2035 3331 spatium
2064 3261 2206 3315 inter
2228 3276 2453 3333 utraque
2477 3275 2650 3315 castra
2680 3264 2835 3317 fuisse

1804 3352 2011 3393 constat
2040 3358 2054 3393 ε
2086 3339 2231 3393 unde
2272 3337 2509 3414 praetulit
2546 3342 2832 3397 lectionem

1806 3421 2072 3487 conferunt.
2094 3424 2165 3474 At
2176 3440 2240 3473 ex
2254 3440 2319 3474 eo
2336 3419 2487 3493 quod
2504 3435 2677 3477 castra
2694 3438 2835 3477 utra·

1805 3518 1909 3573 que
1948 3501 2253 3573 propinqua
2294 3498 2526 3568 fuerint,
2552 3520 2670 3555 non
2714 3502 2835 3556 inde

1804 3581 2047 3652 sequitur
2059 3580 2117 3633 id
2128 3600 2191 3634 ex
2202 3580 2408 3634 Afranii
2420 3594 2601 3635 mente
2618 3584 2834 3649 factunm

1806 3662 2051 3733 quinimo
2084 3662 2258 3715 Cesar
2283 3664 2429 3716 solus
2444 3700 2460 3728 ,
2487 3663 2663 3715 invito
2692 3665 2835 3717 Afra·

1806 3742 1901 3793 nio
1919 3779 1938 3806 ,
1966 3741 2038 3793 ita
2080 3755 2250 3794 castra
2290 3742 2577 3796 ordinavit.-
2622 3742 2725 3797 His
2768 3740 2835 3795 de

1808 3822 1979 3873 causis
1996 3859 2015 3887 ,
2036 3818 2391 3895 Oudendorp.
2419 3835 2473 3875 et
2500 3823 2759 3877 Cellarius
2778 3835 2835 3875 et

1805 3918 1993 3955 onmes
2018 3916 2201 3974 postea
2222 3903 2394 3957 critici
2412 3904 2608 3956 Vossio
2635 3922 2835 3957 morem

1806 3995 2098 4053 gesserunt.-
2123 3982 2249 4035 Non
2275 3995 2453 4037 tamen
2482 3984 2709 4037 omnino
2735 3986 2835 4035 Da·

1807 4062 1930 4116 visii
1940 4062 2099 4116 lectio
2112 4062 2700 4135 contemnenda,quum
2712 4081 2839 4137 prae-
