3025 5025
589 441 730 510 DE
795 418 1134 510 BELLo
1201 441 1575 511 c1v1L1.
1635 443 1827 512 LIB.
1884 445 1986 513 11.
2193 445 2327 518 131

227 569 475 666 projecti
506 573 861 643 victoriam
899 573 984 641 ab
1021 574 1172 642 Diis
1205 588 1707 668 exsposeerent:
1740 601 1955 669 neque
1991 592 2136 647 erat
2169 581 2347 674 quis·-

228 701 401 771 quam
447 681 752 748 omnium
774 729 794 766 ‚
829 682 994 773 quin
1031 681 1100 747 in
1142 681 1284 773 ejus
1329 679 1459 748 diei
1503 667 1702 750 casu⁴
1738 707 2010 752 suarum
2043 689 2347 757 omnium

229 783 624 856 fortunarum
659 800 976 855 eventum
1021 787 1380 856 consistere
1421 788 1847 857 existimaret.
1892 792 2069 859 Nam
2106 807 2175 861 et
2215 793 2353 862 ho-

225 895 370 960 nesti
388 878 410 916 ⁵
439 917 524 962 ex
552 893 906 986 juventute
926 947 946 980 ‚
969 877 1037 962 et
1071 893 1392 988 cujusque
1421 896 1630 964 aetatis
1678 894 2096 991 amplissimi,
2140 902 2349 969 nomi-

227 1000 406 1068 natim
449 1001 715 1070 evocati
759 1015 958 1094 atque
995 1000 1356 1089 obsecrati,
1400 1025 1602 1070 naves
1648 1002 2211 1090 conscenderant3
2242 1021 2351 1095 ut,

227 1105 451 1200 siquid
487 1107 755 1176 adversi
798 1107 1178 1195 accidisset,
1223 1132 1310 1176 ne
1347 1108 1432 1178 ad
1497 1109 1878 1178 conandum
1920 1111 2189 1204 quidem
2226 1113 2351 1180 sibi

228 1212 566 1307 quidquam
603 1213 842 1308 reliqui
885 1213 1030 1284 fore
1066 1213 1398 1301 viderent3
1427 1216 1480 1284 si
1505 1217 1997 1310 superavissent
2012 1199 2062 1306 ⁶,
2096 1216 2197 1285 vel
2230 1218 2349 1286 do-
2398 1234 2410 1248 '

227 1321 482 1390 mesticis
505 1320 789 1415 opibus,
815 1319 921 1390 vel
959 1322 1247 1390 externis
1285 1320 1573 1410 auxiliis,
1603 1322 1687 1391 de
1723 1322 1931 1394 salute
1960 1323 2144 1394 urhis
2188 1349 2351 1393 con-

227 1423 498 1495 fiderent.

311 1534 420 1602 VI.
479 1533 861 1604 Commisso
915 1531 1172 1628 -praelio
1195 1587 1218 1622 ,
1277 1533 1801 1604 Massiliensibus
1858 1559 1983 1604 res·
2024 1535 2206 1606 nulla
2262 1537 2351 1607 ad

229 1639 520 1708 virtutem
563 1639 822 1708 defuit:
847 1639 964 1710 sed
1005 1665 1334 1710 memores
1377 1665 1612 1710 eorum
1650 1656 2171 1735 praeceptorum‚
2201 1669 2349 1738 quae

227 1743 400 1837 paulo
436 1761 599 1816 ante
635 1747 722 1815 ab
769 1749 904 1816 suis
957 1761 1388 1842 acceperant,
1443 1747 1577 1815 hoc
1620 1748 1849 1816 animo
1884 1747 2351 1839 decertabant,

226 1863 286 1918 ut
303 1851 559 1922 nullum
589 1851 769 1922 aliud
791 1867 1054 1948 tempus
1080 1852 1165 1921 ad
1189 1853 1571 1922 conandum
1606 1853 1897 1922 habituri
1932 1854 2353 1944 viderentur,

226 1971 310 2045 et,
349 1960 592 2054 quibus
643 1961 713 2028 in
770 1982 998 2055 pugna
1053 1961 1206 2030 vitae
1259 1959 1631 2054 periculum
1672 1960 2035 2046 accideret,
2079 1987 2216 2031 non
2259 1965 2354 2032 ita

223 2063 404 2134 multo
441 2091 516 2136 se
557 2064 971 2160 reliquorum
1009 2068 1254 2135 civium
1306 2066 1519 2135 fatum
1575 2065 1968 2136 antecedere
2012 2071 2353 2138 existima-

223 2185 380 2259 rent,
420 2172 670 2267 quibus
692 2223 710 2256 ,
751 2173 920 2240 urbe
963 2187 1194 2268 capta,
1237 2173 1472 2241 eadem
1503 2188 1679 2242 esset
1721 2172 1876 2242 belli
1913 2174 2182 2244 fortuna
2226 2200 2349 2270 pa·-

223 2277 438 2348 tienda.
489 2277 966 2372 Diductisque¹
993 2281 1237 2348 nostris
1271 2279 1591 2372 paulatim
1620 2279 1933 2366 navibus,
1962 2294 2031 2348 et
2072 2281 2354 2350 artificio

224 2383 732 2476 gubernatorum
789 2384 1138 2453 mobilitati
1195 2385 1466 2460 navium
1521 2384 1707 2456 locus
1770 2383 2055 2454 dabatur
2076 2441 2096 2474 ‚
2142 2400 2209 2455 et
2236 2439 2255 2470 ‚
2303 2391 2356 2456 si

221 2491 470 2585 quando
503 2493 719 2561 nostri
761 2489 1146 2561 facultatem
1182 2492 1395 2574 nacti,
1442 2490 1675 2559 ferreis
1714 2491 2022 2559 manibus
2064 2493 2355 2585 injectis,

221 2621 441 2668 navem
489 2599 971 2693 religaverant,
1017 2597 1310 2692 undique
1335 2598 1488 2665 ‘suis
1533 2596 1989 2671 laborantibus
2037 2622 2351 2667 sucurre-

221 2702 378 2773 bant.
437 2706 682 2799 Neque
721 2730 885 2773 vero
928 2703 1267 2797 conjuncti
1325 2701 1577 2771 Albicis
1633 2704 1934 2770 cominus
1992 2704 2355 2797 pugnando

224 2808 647 2899 deficiebant3
683 2835 900 2904 neque
945 2810 1232 2878 multum
1277 2807 1602 2878 cedebant
1644 2809 1894 2877 virtute
1930 2811 2223 2878 nostris:
2263 2814 2355 2879 si-

225 2916 343 2986 mul
381 2943 466 2988 ex
501 2916 872 2986 minoribus
917 2917 1197 2985 navibus
1231 2938 1480 3011 magna
1512 2916 1615 2983 vis
1656 2916 1913 2983 eminus
1950 2918 2150 2985 missa
2185 2915 2347 2986 telo-

295 3134 360 3192 4.,
373 3130 436 3181 Ῑη
453 3130 557 3199 ejus
573 3126 672 3180 diei
695 3146 828 3179 casu.
860 3126 928 3181 H.
955 3146 1002 3179 e.
1029 3138 1242 3190 eventu,

227 3207 424 3263 fortuna
443 3247 460 3274 ,
494 3220 558 3261 ut
587 3208 662 3259 ait
683 3207 826 3259 infra
847 3224 962 3277 cap.
989 3224 1010 3259 1
1025 3214 1077 3270 4.
1101 3207 1244 3259 Male

227 3287 382 3343 Ciaoe.
403 3286 712 3341 emendavit
737 3290 789 3338 in
819 3290 920 3357 ejus
938 3286 1038 3339 diei
1057 3298 1241 3340 eventu.

191 3414 204 3425 ,
299 3368 348 3421 5.
378 3370 606 3421 Honesti.
624 3366 750 3419 Non
773 3367 978 3420 nobiles
994 3402 1012 3432 ‚
1037 3379 1100 3418 ut
1127 3366 1246 3419 vult

226 3444 396 3501 Morus
409 3486 426 3514 ,
447 3446 544 3501 sed
569 3446 768 3518 plebeii
795 3446 1018 3499 honesta
1043 3446 1246 3523 ‘familia

227 3528 321 3579 orti
333 3546 346 3580 ε
358 3530 430 3581 les
445 3530 678 3599 premiers
690 3527 750 3578 de
769 3526 822 3577 la
846 3526 1247 3595 bourgeoisie.—

231 3606 460 3679 Cujusque
471 3610 632 3659 aetatis
659 3605 953 3677 amplissimi.
971 3606 1086 3658 Hoc
1099 3606 1246 3670 loco,

228 3688 383 3740 nobili
409 3688 612 3745 familia
635 3684 856 3739 oriundi
879 3699 932 3739 et
951 3686 1247 3740 honoribus

230 3765 404 3822 functi.

303 3852 349 3901 6.
373 3848 433 3901 Si
458 3850 821 3917 superaviksent.
847 3844 1090 3898 Davisius
1119 3861 1248 3915 pro·

231 3927 396 3995 posuit
415 3931 507 3981 sin.
537 3928 608 3979 At
629 3944 742 3979 non
763 3942 974 3978 necesse
989 3938 1100 3977 est:
1121 3941 1248 3975 nos·

231 4016 306 4057 ter
319 4008 462 4059 enim
473 4007 602 4060 alibi
629 4008 686 4058 τὸ
705 4004 837 4057 sisic
862 4016 1106 4075 usurpat3
1124 4020 1248 4055 raro

232 4098 393 4139 autem
421 4104 552 4139 voce
582 4090 660 4139 sin
683 4084 871 4139 utitur.
904 4082 1032 4139 Vid.
1061 4082 1246 4136 Horat.

1331 3145 1414 3197 ep.
1448 3144 1498 3191 1,
1532 3125 1593 3190 5,
1626 3128 1687 3190 6,
1714 3122 1842 3178 edit.
1874 3126 2080 3192 Bentl.;
2108 3127 2256 3182 Cort.
2291 3128 2359 3182 ad

1330 3206 1471 3261 Plin.
1520 3206 1671 3277 epist.
1721 3224 1747 3258 ι
1764 3244 1780 3271 ,
1822 3206 1888 3272 33
1922 3218 1979 3261 et
2030 3206 2098 3259 ad
2146 3208 2357 3262 Sallust.

1332 3286 1446 3339 Cat.
1480 3286 1547 3339 52
1568 3324 1585 3353 ‚
1607 3286 1701 3351 58,
1724 3285 1848 3357 Jug.
1882 3304 1971 3351 103
1997 3288 2267 3341 Drakenb.
2290 3287 2359 3341 ad

1330 3365 1447 3419 Liv.
1476 3384 1563 3431 lv,
1594 3368 1644 3418 5.
1677 3366 1804 3418 Haec
1834 3385 1957 3437 pars
1980 3368 2187 3439 phrasis
2210 3366 2357 3420 deest

1331 3445 1389 3497 in
1421 3458 1606 3498 nostro
1632 3445 1752 3499 cod.
1786 3446 1955 3515 5768.

1413 3527 1545 3578 Cu».
1576 3525 1678 3578 VI.
1715 3546 1763 3579 ι.
1800 3526 2045 3577 Diductis.
2085 3526 2169 3577 Ita
2200 3523 2357 3579 oodd.

1332 3606 1503 3657 nostri
1528 3642 1544 3669 ,
1588 3617 1641 3657 et
1691 3616 1827 3677 optt.
1875 3602 2316 3675 Oudendorpiani
2341 3622 2359 3671 3

1333 3685 1566 3755 Vulgata
1579 3684 1741 3746 habet
1764 3684 1995 3736 deductis.
2022 3682 2127 3736 Sed
2151 3698 2363 3753 praestat

1333 3776 1514 3819 nostra
1530 3763 1689 3817 lectio
1700 3802 1715 3826 ,
1750 3777 1811 3815 ut
1839 3764 2084 3815 observat
2102 3762 2246 3815 idem
2264 3765 2363 3817 cri·

1335 3844 1504 3896 ticus:
1528 3862 1653 3895 nam
1682 3845 1881 3895 Brutus
1908 3855 2037 3895 tunc
2066 3862 2177 3895 non
2208 3845 2365 3897 habe·-

1335 3924 1427 3977 bat
1449 3937 1611 3975 naves
1627 3922 1883 3975 subductas
1904 3922 1961 3974 in
1984 3923 2191 3981 littore,
2220 3924 2363 3977 unde

1337 4020 1423 4055 eas
1446 4002 1712 4055 deduceret.
1734 4004 1801 4055 Tb
1826 4002 2036 4055 diductis
2050 4040 2067 4070 ‚
2094 4005 2365 4075 explicatis

1337 4082 1619 4155 separatim
1635 4119 1649 4139 ‚
1686 4083 1859 4154 aptius
1891 4081 1959 4135 ad
1986 4102 2119 4138 rem.

1848 4190 2002 4285 .9,
