<?xml version="1.0" encoding="UTF-8"?>
<!DOCTYPE html PUBLIC "-//W3C//DTD XHTML 1.0 Transitional//EN"
    "http://www.w3.org/TR/xhtml1/DTD/xhtml1-transitional.dtd">
<html xmlns="http://www.w3.org/1999/xhtml" xml:lang="en" lang="en">
 <head>
  <title>
</title>
<meta http-equiv="Content-Type" content="text/html;charset=utf-8" />
  <meta name='ocr-system' content='tesseract 3.04.00' />
  <meta name='ocr-capabilities' content='ocr_page ocr_carea ocr_par ocr_line ocrx_word'/>
</head>
<body>
  <div class='ocr_page' id='page_1' title='image "./caiusjuliuscsar00plutgoog_0049.png"; bbox 0 0 3025 5025; ppageno 0'>
   <div class='ocr_carea' id='block_1_1' title="bbox 535 451 2443 564">
    <p class='ocr_par' dir='ltr' id='par_1_1' title="bbox 535 451 2443 564">
     <span class='ocr_line' id='line_1_1' title="bbox 535 451 2443 564; baseline -0.003 -15"><span class='ocrx_word' id='word_1_1' title='bbox 535 451 674 564; x_wconf 74' lang='grc'><strong>’34</strong></span> <span class='ocrx_word' id='word_1_2' title='bbox 863 481 941 546; x_wconf 87' lang='lat' dir='ltr'><strong>c.</strong></span> <span class='ocrx_word' id='word_1_3' title='bbox 997 479 1286 547; x_wconf 85' lang='lat' dir='ltr'><strong>JULII</strong></span> <span class='ocrx_word' id='word_1_4' title='bbox 1346 463 1827 545; x_wconf 77' lang='lat' dir='ltr'><strong>cAEsAius</strong></span> <span class='ocrx_word' id='word_1_5' title='bbox 1882 475 2443 546; x_wconf 82' lang='lat' dir='ltr'><strong>COMMENT.</strong></span> 
     </span>
    </p>
   </div>
   <div class='ocr_carea' id='block_1_2' title="bbox 496 601 2746 2743">
    <p class='ocr_par' dir='ltr' id='par_1_2' title="bbox 496 601 2738 1116">
     <span class='ocr_line' id='line_1_2' title="bbox 561 601 2737 712; baseline 0 -23"><span class='ocrx_word' id='word_1_6' title='bbox 561 636 791 699; x_wconf 82' lang='lat' dir='ltr'><strong>turum</strong></span> <span class='ocrx_word' id='word_1_7' title='bbox 823 643 986 688; x_wconf 91' lang='lat' dir='ltr'><strong>non</strong></span> <span class='ocrx_word' id='word_1_8' title='bbox 1001 644 1180 688; x_wconf 90' lang='lat' dir='ltr'><strong>esse·</strong></span> <span class='ocrx_word' id='word_1_9' title='bbox 1165 601 1438 712; x_wconf 86' lang='lat' dir='ltr'><strong>n,eque</strong></span> <span class='ocrx_word' id='word_1_10' title='bbox 1477 643 1599 686; x_wconf 91' lang='lat' dir='ltr'><strong>suo</strong></span> <span class='ocrx_word' id='word_1_11' title='bbox 1638 615 1918 686; x_wconf 91' lang='lat' dir='ltr'><strong>consilio</strong></span> <span class='ocrx_word' id='word_1_12' title='bbox 1951 632 2071 686; x_wconf 88' lang='lat' dir='ltr'><strong>aut</strong></span> <span class='ocrx_word' id='word_1_13' title='bbox 2104 615 2452 688; x_wconf 87' lang='lat' dir='ltr'><strong>voluntate</strong></span> <span class='ocrx_word' id='word_1_14' title='bbox 2496 620 2737 690; x_wconf 87' lang='lat' dir='ltr'><strong>Domi-</strong></span> 
     </span>
     <span class='ocr_line' id='line_1_3' title="bbox 563 723 2738 855; baseline 0 -59"><span class='ocrx_word' id='word_1_15' title='bbox 563 729 732 796; x_wconf 89' lang='lat' dir='ltr'><strong>tium</strong></span> <span class='ocrx_word' id='word_1_16' title='bbox 765 751 834 796; x_wconf 93' lang='lat' dir='ltr'><strong>se</strong></span> <span class='ocrx_word' id='word_1_17' title='bbox 861 727 930 794; x_wconf 91' lang='lat' dir='ltr'><strong>in</strong></span> <span class='ocrx_word' id='word_1_18' title='bbox 961 725 1283 855; x_wconf 90' lang='lat' dir='ltr'><strong>oppidum</strong></span> <span class='ocrx_word' id='word_1_19' title='bbox 1317 724 1699 794; x_wconf 88' lang='lat' dir='ltr'><strong>Corfinium</strong></span> <span class='ocrx_word' id='word_1_20' title='bbox 1736 723 2147 793; x_wconf 81' lang='lat' dir='ltr'><strong>contulisse.</strong></span> <span class='ocrx_word' id='word_1_21' title='bbox 2173 725 2499 844; x_wconf 76' lang='lat' dir='ltr'><strong>proinde,-</strong></span> <span class='ocrx_word' id='word_1_22' title='bbox 2520 729 2574 796; x_wconf 94' lang='lat' dir='ltr'><strong>si</strong></span> <span class='ocrx_word' id='word_1_23' title='bbox 2600 753 2738 822; x_wconf 90' lang='lat' dir='ltr'><strong>qua</strong></span> 
     </span>
     <span class='ocr_line' id='line_1_4' title="bbox 564 817 2729 950; baseline -0.001 -47"><span class='ocrx_word' id='word_1_24' title='bbox 564 832 848 904; x_wconf 81' lang='lat' dir='ltr'>facultas</span> <span class='ocrx_word' id='word_1_25' title='bbox 905 817 1204 920; x_wconf 55' lang='lat' dir='ltr'><strong>fuissetf&#39;,</strong></span> <span class='ocrx_word' id='word_1_26' title='bbox 1253 831 1338 900; x_wconf 90' lang='lat' dir='ltr'><strong>ad</strong></span> <span class='ocrx_word' id='word_1_27' title='bbox 1392 856 1462 900; x_wconf 90' lang='lat' dir='ltr'><strong>se</strong></span> <span class='ocrx_word' id='word_1_28' title='bbox 1526 856 1682 901; x_wconf 90' lang='lat' dir='ltr'><strong>cum</strong></span> <span class='ocrx_word' id='word_1_29' title='bbox 1739 831 2053 901; x_wconf 89' lang='lat' dir='ltr'><strong>omnibus</strong></span> <span class='ocrx_word' id='word_1_30' title='bbox 2110 833 2319 950; x_wconf 77' lang='lat' dir='ltr'><strong>copiis</strong></span> <span class='ocrx_word' id='word_1_31' title='bbox 2363 835 2729 902; x_wconf 74' lang='lat' dir='ltr'><strong>veniret.»</strong></span> 
     </span>
     <span class='ocr_line' id='line_1_5' title="bbox 496 936 2735 1088; baseline 0 -78"><span class='ocrx_word' id='word_1_32' title='bbox 496 964 504 973; x_wconf 61' lang='lat'>‘</span> <span class='ocrx_word' id='word_1_33' title='bbox 561 940 645 1010; x_wconf 92' lang='lat' dir='ltr'><strong>Id</strong></span> <span class='ocrx_word' id='word_1_34' title='bbox 673 964 758 1009; x_wconf 88' lang='lat' dir='ltr'><strong>ne</strong></span> <span class='ocrx_word' id='word_1_35' title='bbox 785 939 932 1009; x_wconf 87' lang='lat' dir='ltr'><strong>fieri</strong></span> <span class='ocrx_word' id='word_1_36' title='bbox 956 953 1216 1033; x_wconf 90' lang='lat' dir='ltr'><strong>posset,</strong></span> <span class='ocrx_word' id='word_1_37' title='bbox 1244 937 1591 1008; x_wconf 86' lang='lat' dir='ltr'>obsidione</span> <span class='ocrx_word' id='word_1_38' title='bbox 1618 952 1820 1088; x_wconf 90' lang='lat' dir='ltr'><strong>atque</strong></span> <span class='ocrx_word' id='word_1_39' title='bbox 1844 936 2075 1033; x_wconf 86' lang='lat' dir='ltr'>oppidi</span> <span class='ocrx_word' id='word_1_40' title='bbox 2100 939 2735 1065; x_wconf 83' lang='lat' dir='ltr'><strong>circummunitione</strong></span> 
     </span>
     <span class='ocr_line' id='line_1_6' title="bbox 565 1047 788 1116; baseline -0.01 0"><span class='ocrx_word' id='word_1_41' title='bbox 565 1047 788 1116; x_wconf 89' lang='lat' dir='ltr'><strong>fiebat.</strong></span> 
     </span>
    </p>

    <p class='ocr_par' dir='ltr' id='par_1_3' title="bbox 563 1151 2746 2743">
     <span class='ocr_line' id='line_1_7' title="bbox 671 1151 2737 1247; baseline 0.001 -25"><span class='ocrx_word' id='word_1_42' title='bbox 671 1156 826 1222; x_wconf 89' lang='lat' dir='ltr'><strong>XX.</strong></span> <span class='ocrx_word' id='word_1_43' title='bbox 883 1151 1254 1246; x_wconf 84' lang='lat' dir='ltr'><strong>Divulgato</strong></span> <span class='ocrx_word' id='word_1_44' title='bbox 1308 1153 1595 1220; x_wconf 90' lang='lat' dir='ltr'><strong>Domitii</strong></span> <span class='ocrx_word' id='word_1_45' title='bbox 1646 1153 1927 1223; x_wconf 90' lang='lat' dir='ltr'><strong>consilio</strong></span> <span class='ocrx_word' id='word_1_46' title='bbox 1952 1207 1972 1242; x_wconf 89' lang='lat'><strong>,</strong></span> <span class='ocrx_word' id='word_1_47' title='bbox 2024 1151 2267 1222; x_wconf 86' lang='lat' dir='ltr'><strong>milites</strong></span> <span class='ocrx_word' id='word_1_48' title='bbox 2298 1207 2318 1242; x_wconf 84' lang='lat'><strong>,</strong></span> <span class='ocrx_word' id='word_1_49' title='bbox 2370 1155 2485 1247; x_wconf 91' lang='lat' dir='ltr'><strong>qui</strong></span> <span class='ocrx_word' id='word_1_50' title='bbox 2540 1170 2737 1224; x_wconf 89' lang='lat' dir='ltr'><strong>erant</strong></span> 
     </span>
     <span class='ocr_line' id='line_1_8' title="bbox 565 1257 2737 1355; baseline -0.001 -23"><span class='ocrx_word' id='word_1_51' title='bbox 565 1260 882 1346; x_wconf 83' lang='lat' dir='ltr'><strong>Corfinii,</strong></span> <span class='ocrx_word' id='word_1_52' title='bbox 931 1261 1149 1353; x_wconf 89' lang='lat' dir='ltr'><strong>prima</strong></span> <span class='ocrx_word' id='word_1_53' title='bbox 1197 1260 1461 1354; x_wconf 84' lang='lat' dir='ltr'><strong>vesperi</strong></span> <span class='ocrx_word' id='word_1_54' title='bbox 1480 1257 1500 1282; x_wconf 82' lang='lat'>¹</span> <span class='ocrx_word' id='word_1_55' title='bbox 1552 1260 1993 1330; x_wconf 89' lang='lat' dir='ltr'><strong>secessionem</strong></span> <span class='ocrx_word' id='word_1_56' title='bbox 2040 1260 2339 1347; x_wconf 84' lang='lat' dir='ltr'><strong>faciunt3</strong></span> <span class='ocrx_word' id='word_1_57' title='bbox 2398 1273 2599 1355; x_wconf 87' lang='lat' dir='ltr'><strong>atque</strong></span> <span class='ocrx_word' id='word_1_58' title='bbox 2638 1263 2737 1331; x_wconf 89' lang='lat' dir='ltr'><strong>ita</strong></span> 
     </span>
     <span class='ocr_line' id='line_1_9' title="bbox 564 1365 2734 1460; baseline 0 -24"><span class='ocrx_word' id='word_1_59' title='bbox 564 1369 738 1436; x_wconf 88' lang='lat' dir='ltr'><strong>inter</strong></span> <span class='ocrx_word' id='word_1_60' title='bbox 788 1391 856 1436; x_wconf 88' lang='lat' dir='ltr'><strong>se</strong></span> <span class='ocrx_word' id='word_1_61' title='bbox 889 1389 1014 1460; x_wconf 91' lang='lat' dir='ltr'><strong>per</strong></span> <span class='ocrx_word' id='word_1_62' title='bbox 1049 1366 1357 1434; x_wconf 88' lang='lat' dir='ltr'><strong>tribunos</strong></span> <span class='ocrx_word' id='word_1_63' title='bbox 1399 1365 1689 1435; x_wconf 89' lang='lat' dir='ltr'><strong>militum</strong></span> <span class='ocrx_word' id='word_1_64' title='bbox 1734 1369 2333 1460; x_wconf 82' lang='lat' dir='ltr'><strong>centurionesque,</strong></span> <span class='ocrx_word' id='word_1_65' title='bbox 2372 1380 2571 1460; x_wconf 90' lang='lat' dir='ltr'><strong>atque</strong></span> <span class='ocrx_word' id='word_1_66' title='bbox 2605 1367 2734 1436; x_wconf 89' lang='lat' dir='ltr'><strong>ho-</strong></span> 
     </span>
     <span class='ocr_line' id='line_1_10' title="bbox 565 1472 2733 1568; baseline -0 -24"><span class='ocrx_word' id='word_1_67' title='bbox 565 1475 983 1556; x_wconf 75' lang='lat' dir='ltr'><strong>nestissimos</strong></span> <span class='ocrx_word' id='word_1_68' title='bbox 1039 1474 1138 1541; x_wconf 88' lang='lat' dir='ltr'><strong>sui</strong></span> <span class='ocrx_word' id='word_1_69' title='bbox 1203 1473 1464 1568; x_wconf 83' lang='lat' dir='ltr'><strong>generis</strong></span> <span class='ocrx_word' id='word_1_70' title='bbox 1522 1472 2001 1567; x_wconf 90' lang='lat' dir='ltr'><strong>colloquuntur</strong></span> <span class='ocrx_word' id='word_1_71' title='bbox 2062 1499 2077 1540; x_wconf 90' lang='lat'>:</span> <span class='ocrx_word' id='word_1_72' title='bbox 2142 1503 2179 1538; x_wconf 74' lang='grc' dir='ltr'><strong>ε(</strong></span> <span class='ocrx_word' id='word_1_73' title='bbox 2242 1472 2531 1542; x_wconf 82' lang='lat' dir='ltr'><strong>obsideri</strong></span> <span class='ocrx_word' id='word_1_74' title='bbox 2574 1499 2646 1543; x_wconf 90' lang='lat' dir='ltr'><strong>se</strong></span> <span class='ocrx_word' id='word_1_75' title='bbox 2691 1499 2733 1542; x_wconf 92' lang='lat' dir='ltr'><strong>a</strong></span> 
     </span>
     <span class='ocr_line' id='line_1_11' title="bbox 565 1579 2733 1676; baseline -0 -26"><span class='ocrx_word' id='word_1_76' title='bbox 565 1585 866 1668; x_wconf 78' lang='lat' dir='ltr'><strong>Caesare3</strong></span> <span class='ocrx_word' id='word_1_77' title='bbox 911 1605 1116 1674; x_wconf 91' lang='lat' dir='ltr'><strong>opera</strong></span> <span class='ocrx_word' id='word_1_78' title='bbox 1159 1580 1694 1673; x_wconf 87' lang='lat' dir='ltr'><strong>munitionesque</strong></span> <span class='ocrx_word' id='word_1_79' title='bbox 1736 1605 1953 1676; x_wconf 87' lang='lat' dir='ltr'><strong>prope</strong></span> <span class='ocrx_word' id='word_1_80' title='bbox 1998 1605 2141 1649; x_wconf 90' lang='lat' dir='ltr'><strong>esse</strong></span> <span class='ocrx_word' id='word_1_81' title='bbox 2182 1579 2569 1674; x_wconf 80' lang='lat' dir='ltr'><strong>perfectas3,</strong></span> <span class='ocrx_word' id='word_1_82' title='bbox 2596 1581 2733 1650; x_wconf 80' lang='lat' dir='ltr'><strong>du-</strong></span> 
     </span>
     <span class='ocr_line' id='line_1_12' title="bbox 565 1686 2735 1782; baseline -0.001 -26"><span class='ocrx_word' id='word_1_83' title='bbox 565 1711 713 1756; x_wconf 92' lang='lat' dir='ltr'><strong>cem</strong></span> <span class='ocrx_word' id='word_1_84' title='bbox 763 1709 958 1756; x_wconf 90' lang='lat' dir='ltr'><strong>suum</strong></span> <span class='ocrx_word' id='word_1_85' title='bbox 995 1688 1371 1755; x_wconf 85' lang='lat' dir='ltr'><strong>Domitium</strong></span> <span class='ocrx_word' id='word_1_86' title='bbox 1394 1740 1414 1774; x_wconf 88' lang='lat'><strong>,</strong></span> <span class='ocrx_word' id='word_1_87' title='bbox 1469 1686 1661 1779; x_wconf 82' lang='lat' dir='ltr'><strong>cujus</strong></span> <span class='ocrx_word' id='word_1_88' title='bbox 1712 1710 1831 1782; x_wconf 88' lang='lat' dir='ltr'><strong>spe</strong></span> <span class='ocrx_word' id='word_1_89' title='bbox 1874 1702 2075 1782; x_wconf 90' lang='lat' dir='ltr'><strong>atque</strong></span> <span class='ocrx_word' id='word_1_90' title='bbox 2112 1686 2361 1757; x_wconf 85' lang='lat' dir='ltr'><strong>fiducia</strong></span> <span class='ocrx_word' id='word_1_91' title='bbox 2409 1711 2735 1781; x_wconf 86' lang='lat' dir='ltr'><strong>perman-</strong></span> 
     </span>
     <span class='ocr_line' id='line_1_13' title="bbox 567 1792 2735 1888; baseline 0.001 -26"><span class='ocrx_word' id='word_1_92' title='bbox 567 1795 774 1862; x_wconf 83' lang='lat' dir='ltr'><strong>serint</strong></span> <span class='ocrx_word' id='word_1_93' title='bbox 789 1847 808 1880; x_wconf 85' lang='lat'><strong>,</strong></span> <span class='ocrx_word' id='word_1_94' title='bbox 852 1794 1167 1888; x_wconf 89' lang='lat' dir='ltr'><strong>projectis</strong></span> <span class='ocrx_word' id='word_1_95' title='bbox 1199 1793 1542 1880; x_wconf 85' lang='lat' dir='ltr'><strong>omnibus,</strong></span> <span class='ocrx_word' id='word_1_96' title='bbox 1574 1792 1750 1888; x_wconf 82' lang='lat' dir='ltr'><strong>fugae</strong></span> <span class='ocrx_word' id='word_1_97' title='bbox 1788 1793 2142 1863; x_wconf 89' lang='lat' dir='ltr'><strong>consilium</strong></span> <span class='ocrx_word' id='word_1_98' title='bbox 2187 1817 2462 1888; x_wconf 81' lang='lat' dir='ltr'><strong>capere3</strong></span> <span class='ocrx_word' id='word_1_99' title='bbox 2486 1793 2735 1864; x_wconf 91' lang='lat' dir='ltr'><strong>debere</strong></span> 
     </span>
     <span class='ocr_line' id='line_1_14' title="bbox 566 1899 2735 1994; baseline -0 -24"><span class='ocrx_word' id='word_1_100' title='bbox 566 1925 635 1970; x_wconf 92' lang='lat' dir='ltr'><strong>se</strong></span> <span class='ocrx_word' id='word_1_101' title='bbox 685 1925 840 1978; x_wconf 75' lang='lat' dir='ltr'><strong>suae-</strong></span> <span class='ocrx_word' id='word_1_102' title='bbox 877 1899 1104 1969; x_wconf 89' lang='lat' dir='ltr'><strong>salutis</strong></span> <span class='ocrx_word' id='word_1_103' title='bbox 1148 1901 1477 1976; x_wconf 88' lang='lat' dir='ltr'><strong>rationem</strong></span> <span class='ocrx_word' id='word_1_104' title='bbox 1534 1899 1802 1969; x_wconf 89' lang='lat' dir='ltr'><strong>habere.</strong></span> <span class='ocrx_word' id='word_1_105' title='bbox 1854 1930 1889 1966; x_wconf 74' lang='lat'><strong>2&gt;</strong></span> <span class='ocrx_word' id='word_1_106' title='bbox 1942 1901 2048 1970; x_wconf 88' lang='lat' dir='ltr'><strong>Ab</strong></span> <span class='ocrx_word' id='word_1_107' title='bbox 2097 1901 2201 1970; x_wconf 85' lang='lat' dir='ltr'><strong>his</strong></span> <span class='ocrx_word' id='word_1_108' title='bbox 2249 1902 2471 1994; x_wconf 89' lang='lat' dir='ltr'><strong>primo</strong></span> <span class='ocrx_word' id='word_1_109' title='bbox 2517 1901 2735 1970; x_wconf 86' lang='lat' dir='ltr'><strong>Marsi</strong></span> 
     </span>
     <span class='ocr_line' id='line_1_15' title="bbox 563 2003 2730 2103; baseline 0 -29"><span class='ocrx_word' id='word_1_110' title='bbox 563 2007 933 2077; x_wconf 84' lang='lat' dir='ltr'><strong>dissentire.</strong></span> <span class='ocrx_word' id='word_1_111' title='bbox 961 2007 1324 2100; x_wconf 77' lang='lat' dir='ltr'><strong>incipiunt,</strong></span> <span class='ocrx_word' id='word_1_112' title='bbox 1369 2029 1651 2100; x_wconf 84' lang='lat' dir='ltr'><strong>eamque</strong></span> <span class='ocrx_word' id='word_1_113' title='bbox 1696 2007 1928 2101; x_wconf 92' lang='lat' dir='ltr'><strong>oppidi</strong></span> <span class='ocrx_word' id='word_1_114' title='bbox 1970 2021 2266 2103; x_wconf 89' lang='lat' dir='ltr'><strong>partem,</strong></span> <span class='ocrx_word' id='word_1_115' title='bbox 2309 2003 2456 2101; x_wconf 71' lang='lat' dir='ltr'><strong>quae</strong></span> <span class='ocrx_word' id='word_1_116' title='bbox 2502 2009 2730 2074; x_wconf 89' lang='lat' dir='ltr'><strong>muni-</strong></span> 
     </span>
     <span class='ocr_line' id='line_1_16' title="bbox 565 2113 2735 2207; baseline 0.001 -26"><span class='ocrx_word' id='word_1_117' title='bbox 565 2115 818 2182; x_wconf 86' lang='lat' dir='ltr'><strong>tissima</strong></span> <span class='ocrx_word' id='word_1_118' title='bbox 856 2113 1196 2181; x_wconf 81' lang='lat' dir='ltr'><strong>videretur</strong></span> <span class='ocrx_word' id='word_1_119' title='bbox 1216 2166 1236 2200; x_wconf 88' lang='lat'><strong>,</strong></span> <span class='ocrx_word' id='word_1_120' title='bbox 1275 2127 1647 2206; x_wconf 80' lang='lat' dir='ltr'><strong>occupant3</strong></span> <span class='ocrx_word' id='word_1_121' title='bbox 1684 2127 2003 2207; x_wconf 86' lang='lat' dir='ltr'><strong>tantaque</strong></span> <span class='ocrx_word' id='word_1_122' title='bbox 2043 2115 2218 2182; x_wconf 86' lang='lat' dir='ltr'><strong>inter</strong></span> <span class='ocrx_word' id='word_1_123' title='bbox 2252 2139 2367 2182; x_wconf 92' lang='lat' dir='ltr'><strong>eos</strong></span> <span class='ocrx_word' id='word_1_124' title='bbox 2408 2113 2735 2184; x_wconf 90' lang='lat' dir='ltr'><strong>dissensio</strong></span> 
     </span>
     <span class='ocr_line' id='line_1_17' title="bbox 567 2217 2735 2314; baseline 0 -26"><span class='ocrx_word' id='word_1_125' title='bbox 567 2217 879 2308; x_wconf 84' lang='lat' dir='ltr'><strong>exsistit²,</strong></span> <span class='ocrx_word' id='word_1_126' title='bbox 911 2234 988 2287; x_wconf 90' lang='lat' dir='ltr'><strong>ut</strong></span> <span class='ocrx_word' id='word_1_127' title='bbox 1023 2242 1298 2287; x_wconf 88' lang='lat' dir='ltr'><strong>manum</strong></span> <span class='ocrx_word' id='word_1_128' title='bbox 1337 2244 1693 2289; x_wconf 85' lang='lat' dir='ltr'><strong>conserere</strong></span> <span class='ocrx_word' id='word_1_129' title='bbox 1736 2235 1939 2314; x_wconf 89' lang='lat' dir='ltr'><strong>atque</strong></span> <span class='ocrx_word' id='word_1_130' title='bbox 1978 2223 2185 2289; x_wconf 89' lang='lat' dir='ltr'><strong>armis</strong></span> <span class='ocrx_word' id='word_1_131' title='bbox 2242 2218 2559 2288; x_wconf 86' lang='lat' dir='ltr'><strong>dimicare</strong></span> <span class='ocrx_word' id='word_1_132' title='bbox 2610 2245 2735 2288; x_wconf 90' lang='lat' dir='ltr'><strong>co-</strong></span> 
     </span>
     <span class='ocr_line' id='line_1_18' title="bbox 568 2324 2737 2421; baseline 0 -26"><span class='ocrx_word' id='word_1_133' title='bbox 568 2341 816 2395; x_wconf 89' lang='lat' dir='ltr'><strong>nentur</strong></span> <span class='ocrx_word' id='word_1_134' title='bbox 864 2352 878 2393; x_wconf 90' lang='lat'>:</span> <span class='ocrx_word' id='word_1_135' title='bbox 931 2333 1084 2421; x_wconf 85' lang='lat' dir='ltr'><strong>post</strong></span> <span class='ocrx_word' id='word_1_136' title='bbox 1132 2324 1358 2420; x_wconf 87' lang='lat' dir='ltr'><strong>paullo</strong></span> <span class='ocrx_word' id='word_1_137' title='bbox 1405 2339 1633 2394; x_wconf 86' lang='lat' dir='ltr'><strong>ta&#39;men</strong></span> <span class='ocrx_word' id='word_1_138' title='bbox 1654 2380 1673 2414; x_wconf 91' lang='lat'><strong>,</strong></span> <span class='ocrx_word' id='word_1_139' title='bbox 1717 2325 2145 2396; x_wconf 87' lang='lat' dir='ltr'><strong>internuntiis</strong></span> <span class='ocrx_word' id='word_1_140' title='bbox 2193 2325 2373 2395; x_wconf 91' lang='lat' dir='ltr'><strong>ultro</strong></span> <span class='ocrx_word' id='word_1_141' title='bbox 2428 2327 2737 2421; x_wconf 89' lang='lat' dir='ltr'><strong>citroque</strong></span> 
     </span>
     <span class='ocr_line' id='line_1_19' title="bbox 567 2427 2737 2529; baseline 0 -28"><span class='ocrx_word' id='word_1_142' title='bbox 567 2427 818 2523; x_wconf 78' lang='lat' dir='ltr'><strong>missiS‚</strong></span> <span class='ocrx_word' id='word_1_143' title='bbox 858 2458 1005 2527; x_wconf 89' lang='lat' dir='ltr'><strong>quae</strong></span> <span class='ocrx_word' id='word_1_144' title='bbox 1047 2433 1482 2527; x_wconf 79' lang='lat' dir='ltr'><strong>ignorabant,</strong></span> <span class='ocrx_word' id='word_1_145' title='bbox 1518 2429 1603 2502; x_wconf 90' lang='lat' dir='ltr'><strong>de</strong></span> <span class='ocrx_word' id='word_1_146' title='bbox 1648 2436 1725 2501; x_wconf 86' lang='lat' dir='ltr'><strong>L.</strong></span> <span class='ocrx_word' id='word_1_147' title='bbox 1766 2435 2049 2503; x_wconf 91' lang='lat' dir='ltr'><strong>Domitii</strong></span> <span class='ocrx_word' id='word_1_148' title='bbox 2089 2433 2251 2528; x_wconf 84' lang='lat' dir='ltr'><strong>fuga</strong></span> <span class='ocrx_word' id='word_1_149' title='bbox 2296 2448 2737 2529; x_wconf 86' lang='lat' dir='ltr'><strong>cognoscunt.</strong></span> 
     </span>
     <span class='ocr_line' id='line_1_20' title="bbox 568 2539 2746 2636; baseline 0.001 -27"><span class='ocrx_word' id='word_1_150' title='bbox 568 2543 805 2636; x_wconf 86' lang='lat' dir='ltr'><strong>Itaque</strong></span> <span class='ocrx_word' id='word_1_151' title='bbox 840 2566 1074 2609; x_wconf 90' lang='lat' dir='ltr'><strong>omnes</strong></span> <span class='ocrx_word' id='word_1_152' title='bbox 1112 2565 1250 2610; x_wconf 89' lang='lat' dir='ltr'><strong>uno</strong></span> <span class='ocrx_word' id='word_1_153' title='bbox 1290 2540 1567 2609; x_wconf 87' lang='lat' dir='ltr'><strong>consilio</strong></span> <span class='ocrx_word' id='word_1_154' title='bbox 1607 2541 2023 2628; x_wconf 91' lang='lat' dir='ltr'><strong>Domitium,</strong></span> <span class='ocrx_word' id='word_1_155' title='bbox 2065 2539 2475 2635; x_wconf 87' lang='lat' dir='ltr'><strong>productum</strong></span> <span class='ocrx_word' id='word_1_156' title='bbox 2520 2542 2590 2607; x_wconf 92' lang='lat' dir='ltr'><strong>in</strong></span> <span class='ocrx_word' id='word_1_157' title='bbox 2622 2566 2746 2635; x_wconf 88' lang='lat' dir='ltr'><strong>pu-</strong></span> 
     </span>
     <span class='ocr_line' id='line_1_21' title="bbox 571 2632 2742 2743; baseline 0.001 -28"><span class='ocrx_word' id='word_1_158' title='bbox 571 2647 860 2735; x_wconf 90' lang='lat' dir='ltr'><strong>blicum,</strong></span> <span class='ocrx_word' id='word_1_159' title='bbox 903 2632 1437 2733; x_wconf 80' lang='lat' dir='ltr'><strong>circumsistunt³</strong></span> <span class='ocrx_word' id='word_1_160' title='bbox 1476 2658 1546 2715; x_wconf 90' lang='lat' dir='ltr'><strong>et</strong></span> <span class='ocrx_word' id='word_1_161' title='bbox 1584 2646 2012 2737; x_wconf 84' lang='lat' dir='ltr'><strong>custodiunt,</strong></span> <span class='ocrx_word' id='word_1_162' title='bbox 2053 2646 2441 2743; x_wconf 85' lang='lat' dir='ltr'><strong>legatosque</strong></span> <span class='ocrx_word' id='word_1_163' title='bbox 2484 2672 2563 2716; x_wconf 88' lang='lat' dir='ltr'><strong>ex</strong></span> <span class='ocrx_word' id='word_1_164' title='bbox 2612 2673 2742 2717; x_wconf 90' lang='lat' dir='ltr'><strong>suo</strong></span> 
     </span>
    </p>
   </div>
   <div class='ocr_carea' id='block_1_3' title="bbox 573 2862 1611 4135">
    <p class='ocr_par' dir='ltr' id='par_1_4' title="bbox 573 2862 1611 3254">
     <span class='ocr_line' id='line_1_22' title="bbox 575 2862 1609 2933; baseline 0.001 -18"><span class='ocrx_word' id='word_1_165' title='bbox 575 2865 688 2915; x_wconf 86' lang='lat' dir='ltr'><strong>Pet.</strong></span> <span class='ocrx_word' id='word_1_166' title='bbox 707 2862 882 2915; x_wconf 68' lang='lat' dir='ltr'><strong>Ciacc.</strong></span> <span class='ocrx_word' id='word_1_167' title='bbox 901 2864 1002 2913; x_wconf 64' lang='lat' dir='ltr'><strong>rem</strong></span> <span class='ocrx_word' id='word_1_168' title='bbox 1011 2882 1241 2915; x_wconf 79' lang='lat' dir='ltr'><strong>summam</strong></span> <span class='ocrx_word' id='word_1_169' title='bbox 1253 2865 1609 2933; x_wconf 65' lang='lat' dir='ltr'><strong>imper-iculum!</strong></span> 
     </span>
     <span class='ocr_line' id='line_1_23' title="bbox 573 2942 1611 3015; baseline 0 -20"><span class='ocrx_word' id='word_1_170' title='bbox 573 2960 860 3015; x_wconf 79' lang='lat' dir='ltr'><strong>perperam</strong></span> <span class='ocrx_word' id='word_1_171' title='bbox 871 2955 924 2995; x_wconf 87' lang='lat' dir='ltr'><strong>et</strong></span> <span class='ocrx_word' id='word_1_172' title='bbox 945 2942 1058 2996; x_wconf 83' lang='lat' dir='ltr'><strong>sine</strong></span> <span class='ocrx_word' id='word_1_173' title='bbox 1080 2943 1412 2996; x_wconf 82' lang='lat' dir='ltr'><strong>auctoritate.</strong></span> <span class='ocrx_word' id='word_1_174' title='bbox 1433 2943 1611 2997; x_wconf 72' lang='lat' dir='ltr'><strong>Coesar</strong></span> 
     </span>
     <span class='ocr_line' id='line_1_24' title="bbox 575 3020 1605 3094; baseline 0 -19"><span class='ocrx_word' id='word_1_175' title='bbox 575 3022 722 3075; x_wconf 85' lang='lat' dir='ltr'><strong>enim</strong></span> <span class='ocrx_word' id='word_1_176' title='bbox 746 3024 858 3094; x_wconf 84' lang='lat' dir='ltr'><strong>jam</strong></span> <span class='ocrx_word' id='word_1_177' title='bbox 885 3020 1022 3076; x_wconf 83' lang='lat' dir='ltr'><strong>dixit</strong></span> <span class='ocrx_word' id='word_1_178' title='bbox 1044 3023 1104 3075; x_wconf 87' lang='lat' dir='ltr'><strong>in</strong></span> <span class='ocrx_word' id='word_1_179' title='bbox 1126 3023 1190 3075; x_wconf 89' lang='lat' dir='ltr'><strong>B.</strong></span> <span class='ocrx_word' id='word_1_180' title='bbox 1217 3021 1284 3075; x_wconf 86' lang='lat' dir='ltr'><strong>G.</strong></span> <span class='ocrx_word' id='word_1_181' title='bbox 1311 3022 1481 3087; x_wconf 46' lang='lat' dir='ltr'><strong>I.‚v‚c.</strong></span> <span class='ocrx_word' id='word_1_182' title='bbox 1505 3024 1605 3077; x_wconf 77' lang='lat'><strong>31:</strong></span> 
     </span>
     <span class='ocr_line' id='line_1_25' title="bbox 577 3104 1609 3174; baseline 0 -21"><span class='ocrx_word' id='word_1_183' title='bbox 577 3114 724 3153; x_wconf 74' lang='lat' dir='ltr'><strong>orant</strong></span> <span class='ocrx_word' id='word_1_184' title='bbox 749 3122 810 3153; x_wconf 82' lang='lat' dir='ltr'><strong>ne</strong></span> <span class='ocrx_word' id='word_1_185' title='bbox 833 3122 922 3154; x_wconf 77' lang='lat' dir='ltr'><strong>sua</strong></span> <span class='ocrx_word' id='word_1_186' title='bbox 949 3104 1238 3155; x_wconf 75' lang='lat' dir='ltr'><strong>dissensione</strong></span> <span class='ocrx_word' id='word_1_187' title='bbox 1265 3114 1316 3153; x_wconf 86' lang='lat' dir='ltr'><strong>et</strong></span> <span class='ocrx_word' id='word_1_188' title='bbox 1337 3107 1609 3174; x_wconf 78' lang='lat' dir='ltr'><strong>pertinacia</strong></span> 
     </span>
     <span class='ocr_line' id='line_1_26' title="bbox 577 3182 1605 3254; baseline 0.002 -21"><span class='ocrx_word' id='word_1_189' title='bbox 577 3203 676 3235; x_wconf 75' lang='lat' dir='ltr'><strong>rem</strong></span> <span class='ocrx_word' id='word_1_190' title='bbox 707 3186 758 3235; x_wconf 81' lang='lat' dir='ltr'><strong>in</strong></span> <span class='ocrx_word' id='word_1_191' title='bbox 787 3203 1016 3235; x_wconf 82' lang='lat' dir='ltr'><strong>summum</strong></span> <span class='ocrx_word' id='word_1_192' title='bbox 1038 3184 1304 3254; x_wconf 83' lang='lat' dir='ltr'><strong>periculum</strong></span> <span class='ocrx_word' id='word_1_193' title='bbox 1347 3182 1605 3235; x_wconf 73' lang='lat' dir='ltr'><strong>deducant.</strong></span> 
     </span>
    </p>

    <p class='ocr_par' dir='ltr' id='par_1_5' title="bbox 577 3262 1611 3655">
     <span class='ocr_line' id='line_1_27' title="bbox 663 3262 1607 3330; baseline 0.002 -15"><span class='ocrx_word' id='word_1_194' title='bbox 663 3264 714 3317; x_wconf 83' lang='lat'><strong>5.</strong></span> <span class='ocrx_word' id='word_1_195' title='bbox 758 3264 813 3316; x_wconf 86' lang='lat' dir='ltr'><em>F</em></span> <span class='ocrx_word' id='word_1_196' title='bbox 808 3264 997 3315; x_wconf 78' lang='lat' dir='ltr'><strong>aculcas</strong></span> <span class='ocrx_word' id='word_1_197' title='bbox 1031 3266 1226 3330; x_wconf 77' lang='lat' dir='ltr'><strong>fuisset.</strong></span> <span class='ocrx_word' id='word_1_198' title='bbox 1269 3262 1465 3315; x_wconf 80' lang='lat' dir='ltr'><strong>vossio</strong></span> <span class='ocrx_word' id='word_1_199' title='bbox 1491 3264 1607 3317; x_wconf 73' lang='lat' dir='ltr'><strong>hoee</strong></span> 
     </span>
     <span class='ocr_line' id='line_1_28' title="bbox 577 3342 1604 3415; baseline -0.003 -19"><span class='ocrx_word' id='word_1_200' title='bbox 577 3356 830 3415; x_wconf 86' lang='lat' dir='ltr'><strong>corrupta</strong></span> <span class='ocrx_word' id='word_1_201' title='bbox 841 3342 1098 3396; x_wconf 84' lang='lat' dir='ltr'><strong>videntur</strong></span> <span class='ocrx_word' id='word_1_202' title='bbox 1109 3380 1124 3407; x_wconf 85' lang='lat'>‚</span> <span class='ocrx_word' id='word_1_203' title='bbox 1136 3354 1190 3394; x_wconf 89' lang='lat' dir='ltr'><strong>et</strong></span> <span class='ocrx_word' id='word_1_204' title='bbox 1201 3344 1461 3414; x_wconf 88' lang='lat' dir='ltr'><strong>proponit</strong></span> <span class='ocrx_word' id='word_1_205' title='bbox 1469 3356 1604 3405; x_wconf 84' lang='lat' dir='ltr'><strong>esset,</strong></span> 
     </span>
     <span class='ocr_line' id='line_1_29' title="bbox 579 3421 1611 3495; baseline 0.002 -20"><span class='ocrx_word' id='word_1_206' title='bbox 579 3421 728 3494; x_wconf 88' lang='lat' dir='ltr'><strong>quod</strong></span> <span class='ocrx_word' id='word_1_207' title='bbox 747 3424 922 3495; x_wconf 89' lang='lat' dir='ltr'><strong>reipsa</strong></span> <span class='ocrx_word' id='word_1_208' title='bbox 944 3424 1136 3475; x_wconf 86' lang='lat' dir='ltr'><strong>melius</strong></span> <span class='ocrx_word' id='word_1_209' title='bbox 1158 3422 1494 3489; x_wconf 51' lang='lat' dir='ltr'><strong>convenirem</strong></span> <span class='ocrx_word' id='word_1_210' title='bbox 1515 3422 1611 3477; x_wconf 88' lang='lat' dir='ltr'><strong>sed</strong></span> 
     </span>
     <span class='ocr_line' id='line_1_30' title="bbox 578 3502 1610 3567; baseline 0.002 -12"><span class='ocrx_word' id='word_1_211' title='bbox 578 3504 724 3555; x_wconf 83' lang='lat' dir='ltr'><strong>nulla</strong></span> <span class='ocrx_word' id='word_1_212' title='bbox 745 3522 846 3555; x_wconf 87' lang='lat' dir='ltr'><strong>nos</strong></span> <span class='ocrx_word' id='word_1_213' title='bbox 869 3515 1051 3556; x_wconf 82' lang='lat' dir='ltr'><strong>movet</strong></span> <span class='ocrx_word' id='word_1_214' title='bbox 1071 3502 1380 3567; x_wconf 77' lang='lat' dir='ltr'><strong>auctoritas,</strong></span> <span class='ocrx_word' id='word_1_215' title='bbox 1393 3516 1456 3555; x_wconf 88' lang='lat' dir='ltr'><strong>ut</strong></span> <span class='ocrx_word' id='word_1_216' title='bbox 1469 3504 1610 3557; x_wconf 82' lang='lat' dir='ltr'><strong>Vul-</strong></span> 
     </span>
     <span class='ocr_line' id='line_1_31' title="bbox 577 3584 1128 3655; baseline -0.009 -15"><span class='ocrx_word' id='word_1_217' title='bbox 577 3597 754 3655; x_wconf 80' lang='lat' dir='ltr'><strong>gatam</strong></span> <span class='ocrx_word' id='word_1_218' title='bbox 785 3584 1128 3654; x_wconf 81' lang='lat' dir='ltr'><strong>exagitemus.</strong></span> 
     </span>
    </p>

    <p class='ocr_par' dir='ltr' id='par_1_6' title="bbox 578 3664 1611 4135">
     <span class='ocr_line' id='line_1_32' title="bbox 662 3664 1602 3734; baseline 0 -16"><span class='ocrx_word' id='word_1_219' title='bbox 662 3666 792 3718; x_wconf 68' lang='lat' dir='ltr'><strong>CAP.</strong></span> <span class='ocrx_word' id='word_1_220' title='bbox 803 3664 926 3717; x_wconf 83' lang='lat' dir='ltr'><strong>XX.</strong></span> <span class='ocrx_word' id='word_1_221' title='bbox 946 3682 968 3716; x_wconf 89' lang='lat'>1</span> <span class='ocrx_word' id='word_1_222' title='bbox 981 3702 994 3715; x_wconf 85' lang='lat'><strong>.</strong></span> <span class='ocrx_word' id='word_1_223' title='bbox 1006 3664 1178 3715; x_wconf 80' lang='lat' dir='ltr'><strong>Prima</strong></span> <span class='ocrx_word' id='word_1_224' title='bbox 1191 3666 1395 3734; x_wconf 78' lang='lat' dir='ltr'><strong>vesperi.</strong></span> <span class='ocrx_word' id='word_1_225' title='bbox 1408 3664 1571 3717; x_wconf 86' lang='lat' dir='ltr'><strong>Recte</strong></span> <span class='ocrx_word' id='word_1_226' title='bbox 1589 3683 1602 3717; x_wconf 91' lang='lat'><strong>:</strong></span> 
     </span>
     <span class='ocr_line' id='line_1_33' title="bbox 578 3742 1609 3815; baseline 0 -18"><span class='ocrx_word' id='word_1_227' title='bbox 578 3743 898 3800; x_wconf 80' lang='lat' dir='ltr'><strong>subauditur</strong></span> <span class='ocrx_word' id='word_1_228' title='bbox 913 3744 1064 3796; x_wconf 85' lang='lat' dir='ltr'><strong>hora.</strong></span> <span class='ocrx_word' id='word_1_229' title='bbox 1079 3742 1310 3813; x_wconf 83' lang='lat' dir='ltr'><strong>Vulgata</strong></span> <span class='ocrx_word' id='word_1_230' title='bbox 1331 3744 1609 3815; x_wconf 82' lang='lat' dir='ltr'><strong>habetpri-</strong></span> 
     </span>
     <span class='ocr_line' id='line_1_34' title="bbox 582 3816 1611 3897; baseline 0 -20"><span class='ocrx_word' id='word_1_231' title='bbox 582 3845 660 3877; x_wconf 83' lang='lat' dir='ltr'><strong>ma</strong></span> <span class='ocrx_word' id='word_1_232' title='bbox 671 3843 892 3895; x_wconf 78' lang='lat' dir='ltr'><strong>vespera,</strong></span> <span class='ocrx_word' id='word_1_233' title='bbox 901 3821 1050 3895; x_wconf 89' lang='lat' dir='ltr'><strong>quod</strong></span> <span class='ocrx_word' id='word_1_234' title='bbox 1059 3822 1234 3877; x_wconf 85' lang='lat' dir='ltr'><strong>Ciaoc.</strong></span> <span class='ocrx_word' id='word_1_235' title='bbox 1242 3816 1458 3897; x_wconf 87' lang='lat' dir='ltr'><strong>quoque</strong></span> <span class='ocrx_word' id='word_1_236' title='bbox 1467 3824 1611 3895; x_wconf 87' lang='lat' dir='ltr'><strong>apud</strong></span> 
     </span>
     <span class='ocr_line' id='line_1_35' title="bbox 581 3903 1608 3973; baseline 0 -16"><span class='ocrx_word' id='word_1_237' title='bbox 581 3903 821 3957; x_wconf 87' lang='lat' dir='ltr'><strong>codicem</strong></span> <span class='ocrx_word' id='word_1_238' title='bbox 833 3904 1178 3973; x_wconf 86' lang='lat' dir='ltr'><strong>parisiensem</strong></span> <span class='ocrx_word' id='word_1_239' title='bbox 1191 3905 1390 3957; x_wconf 84' lang='lat' dir='ltr'><strong>esse·ait</strong></span> <span class='ocrx_word' id='word_1_240' title='bbox 1400 3923 1413 3957; x_wconf 92' lang='lat'>:</span> <span class='ocrx_word' id='word_1_241' title='bbox 1425 3918 1608 3957; x_wconf 89' lang='lat' dir='ltr'><strong>noster</strong></span> 
     </span>
     <span class='ocr_line' id='line_1_36' title="bbox 581 3983 1607 4056; baseline -0.001 -19"><span class='ocrx_word' id='word_1_242' title='bbox 581 3996 760 4037; x_wconf 85' lang='lat' dir='ltr'><strong>autem</strong></span> <span class='ocrx_word' id='word_1_243' title='bbox 782 3983 1056 4054; x_wconf 83' lang='lat' dir='ltr'><strong>antiquiss.</strong></span> <span class='ocrx_word' id='word_1_244' title='bbox 1087 3983 1240 4053; x_wconf 77' lang='grc'>5764</span> <span class='ocrx_word' id='word_1_245' title='bbox 1268 3985 1429 4037; x_wconf 87' lang='lat' dir='ltr'><strong>habet</strong></span> <span class='ocrx_word' id='word_1_246' title='bbox 1443 3989 1607 4056; x_wconf 78' lang='lat' dir='ltr'><strong>prima</strong></span> 
     </span>
     <span class='ocr_line' id='line_1_37' title="bbox 581 4061 1609 4135; baseline 0 -18"><span class='ocrx_word' id='word_1_247' title='bbox 581 4067 783 4135; x_wconf 57' lang='lat' dir='ltr'><strong>tmperi.</strong></span> <span class='ocrx_word' id='word_1_248' title='bbox 817 4064 956 4117; x_wconf 88' lang='lat' dir='ltr'><strong>Item</strong></span> <span class='ocrx_word' id='word_1_249' title='bbox 974 4061 1140 4117; x_wconf 79' lang='lat' dir='ltr'><strong>codex</strong></span> <span class='ocrx_word' id='word_1_250' title='bbox 1166 4065 1299 4129; x_wconf 83' lang='lat' dir='ltr'><strong>alter</strong></span> <span class='ocrx_word' id='word_1_251' title='bbox 1326 4066 1496 4135; x_wconf 82' lang='lat'><strong>5768.</strong></span> <span class='ocrx_word' id='word_1_252' title='bbox 1528 4096 1609 4108; x_wconf 89' lang='lat'><strong>---</strong></span> 
     </span>
    </p>
   </div>
   <div class='ocr_carea' id='block_1_4' title="bbox 581 4145 1609 4214">
    <p class='ocr_par' dir='ltr' id='par_1_7' title="bbox 581 4145 1609 4214">
     <span class='ocr_line' id='line_1_38' title="bbox 581 4145 1609 4214; baseline 0 -17"><span class='ocrx_word' id='word_1_253' title='bbox 581 4146 643 4203; x_wconf 84' lang='lat' dir='ltr'><em>H</em></span> <span class='ocrx_word' id='word_1_254' title='bbox 641 4146 956 4197; x_wconf 78' lang='lat' dir='ltr'><strong>onestissimos</strong></span> <span class='ocrx_word' id='word_1_255' title='bbox 967 4148 1046 4195; x_wconf 82' lang='lat' dir='ltr'><strong>sui</strong></span> <span class='ocrx_word' id='word_1_256' title='bbox 1053 4148 1260 4214; x_wconf 77' lang='lat' dir='ltr'><strong>generis,</strong></span> <span class='ocrx_word' id='word_1_257' title='bbox 1275 4145 1398 4199; x_wconf 83' lang='lat' dir='ltr'><strong>scil.</strong></span> <span class='ocrx_word' id='word_1_258' title='bbox 1413 4145 1609 4198; x_wconf 83' lang='lat' dir='ltr'><strong>milites</strong></span> 
     </span>
    </p>
   </div>
   <div class='ocr_carea' id='block_1_5' title="bbox 1694 2862 2743 4215">
    <p class='ocr_par' dir='ltr' id='par_1_8' title="bbox 1694 2862 2743 4215">
     <span class='ocr_line' id='line_1_39' title="bbox 1694 2862 2739 2935; baseline -0.001 -18"><span class='ocrx_word' id='word_1_259' title='bbox 1694 2864 1963 2935; x_wconf 80' lang='lat' dir='ltr'><strong>gregarios</strong></span> <span class='ocrx_word' id='word_1_260' title='bbox 1975 2900 1993 2929; x_wconf 90' lang='lat'><strong>,</strong></span> <span class='ocrx_word' id='word_1_261' title='bbox 2006 2864 2101 2935; x_wconf 87' lang='lat' dir='ltr'><strong>qui</strong></span> <span class='ocrx_word' id='word_1_262' title='bbox 2116 2874 2270 2917; x_wconf 76' lang='lat' dir='ltr'><strong>aetate</strong></span> <span class='ocrx_word' id='word_1_263' title='bbox 2285 2904 2301 2931; x_wconf 89' lang='lat'><strong>,</strong></span> <span class='ocrx_word' id='word_1_264' title='bbox 2313 2863 2526 2917; x_wconf 82' lang='lat' dir='ltr'><strong>fortiter</strong></span> <span class='ocrx_word' id='word_1_265' title='bbox 2542 2862 2704 2932; x_wconf 81' lang='lat' dir='ltr'><strong>gestis</strong></span> <span class='ocrx_word' id='word_1_266' title='bbox 2718 2901 2739 2928; x_wconf 88' lang='lat'><strong>,</strong></span> 
     </span>
     <span class='ocr_line' id='line_1_40' title="bbox 1696 2941 2736 3015; baseline 0 -20"><span class='ocrx_word' id='word_1_267' title='bbox 1696 2956 1751 2996; x_wconf 87' lang='lat' dir='ltr'><strong>et</strong></span> <span class='ocrx_word' id='word_1_268' title='bbox 1766 2942 2047 3015; x_wconf 80' lang='lat' dir='ltr'><strong>stipendiis</strong></span> <span class='ocrx_word' id='word_1_269' title='bbox 2060 2955 2215 2996; x_wconf 85' lang='lat' dir='ltr'><strong>erant</strong></span> <span class='ocrx_word' id='word_1_270' title='bbox 2232 2944 2437 2997; x_wconf 76' lang='lat' dir='ltr'><strong>caeteris</strong></span> <span class='ocrx_word' id='word_1_271' title='bbox 2454 2941 2736 2995; x_wconf 86' lang='lat' dir='ltr'><strong>honestio-</strong></span> 
     </span>
     <span class='ocr_line' id='line_1_41' title="bbox 1694 3020 2734 3093; baseline -0.003 -17"><span class='ocrx_word' id='word_1_272' title='bbox 1694 3042 1807 3091; x_wconf 87' lang='lat' dir='ltr'><strong>res,</strong></span> <span class='ocrx_word' id='word_1_273' title='bbox 1828 3042 1921 3076; x_wconf 88' lang='lat' dir='ltr'><strong>seu</strong></span> <span class='ocrx_word' id='word_1_274' title='bbox 1942 3020 2251 3076; x_wconf 85' lang='lat' dir='ltr'><strong>nobiliores.</strong></span> <span class='ocrx_word' id='word_1_275' title='bbox 2274 3056 2357 3065; x_wconf 91' lang='lat'><strong>--</strong></span> <span class='ocrx_word' id='word_1_276' title='bbox 2371 3025 2613 3093; x_wconf 76' lang='lat' dir='ltr'><strong>Prosectis</strong></span> <span class='ocrx_word' id='word_1_277' title='bbox 2626 3042 2734 3075; x_wconf 87' lang='lat' dir='ltr'><strong>om-</strong></span> 
     </span>
     <span class='ocr_line' id='line_1_42' title="bbox 1696 3101 2738 3173; baseline 0.001 -19"><span class='ocrx_word' id='word_1_278' title='bbox 1696 3104 1851 3156; x_wconf 78' lang='lat' dir='ltr'><strong>nibus.</strong></span> <span class='ocrx_word' id='word_1_279' title='bbox 1864 3101 2119 3167; x_wconf 81' lang='lat' dir='ltr'><strong>Proditis,</strong></span> <span class='ocrx_word' id='word_1_280' title='bbox 2132 3104 2373 3173; x_wconf 83' lang='lat' dir='ltr'><strong>neglecta</strong></span> <span class='ocrx_word' id='word_1_281' title='bbox 2386 3103 2630 3155; x_wconf 86' lang='lat' dir='ltr'><strong>omnium</strong></span> <span class='ocrx_word' id='word_1_282' title='bbox 2648 3120 2738 3155; x_wconf 86' lang='lat' dir='ltr'><strong>sa·-</strong></span> 
     </span>
     <span class='ocr_line' id='line_1_43' title="bbox 1694 3181 2690 3254; baseline -0.001 -19"><span class='ocrx_word' id='word_1_283' title='bbox 1694 3183 1834 3249; x_wconf 83' lang='lat' dir='ltr'><strong>lute,</strong></span> <span class='ocrx_word' id='word_1_284' title='bbox 1852 3202 1985 3254; x_wconf 81' lang='lat' dir='ltr'><strong>quos</strong></span> <span class='ocrx_word' id='word_1_285' title='bbox 2014 3184 2155 3236; x_wconf 79' lang='lat' dir='ltr'><strong>tueri</strong></span> <span class='ocrx_word' id='word_1_286' title='bbox 2176 3182 2337 3235; x_wconf 83' lang='lat' dir='ltr'><strong>debet</strong></span> <span class='ocrx_word' id='word_1_287' title='bbox 2362 3182 2471 3235; x_wconf 82' lang='lat' dir='ltr'><strong>dux</strong></span> <span class='ocrx_word' id='word_1_288' title='bbox 2494 3181 2690 3235; x_wconf 85' lang='lat' dir='ltr'><strong>bonus.</strong></span> 
     </span>
     <span class='ocr_line' id='line_1_44' title="bbox 1782 3262 2734 3324; baseline -0.003 -8"><span class='ocrx_word' id='word_1_289' title='bbox 1782 3282 1832 3316; x_wconf 68' lang='lat' dir='ltr'><strong>a.</strong></span> <span class='ocrx_word' id='word_1_290' title='bbox 1877 3265 2132 3316; x_wconf 70' lang='lat' dir='ltr'><strong>Dissensio</strong></span> <span class='ocrx_word' id='word_1_291' title='bbox 2162 3266 2371 3324; x_wconf 74' lang='lat' dir='ltr'><strong>exsistit,</strong></span> <span class='ocrx_word' id='word_1_292' title='bbox 2408 3274 2552 3316; x_wconf 51' lang='lat' dir='ltr'><strong>utu..</strong></span> <span class='ocrx_word' id='word_1_293' title='bbox 2582 3262 2734 3315; x_wconf 74' lang='lat' dir='ltr'><strong>dimi-</strong></span> 
     </span>
     <span class='ocr_line' id='line_1_45' title="bbox 1696 3342 2735 3405; baseline 0.001 -11"><span class='ocrx_word' id='word_1_294' title='bbox 1696 3363 1807 3394; x_wconf 79' lang='lat' dir='ltr'><strong>care</strong></span> <span class='ocrx_word' id='word_1_295' title='bbox 1846 3348 1993 3396; x_wconf 65' lang='lat' dir='ltr'><strong>armis</strong></span> <span class='ocrx_word' id='word_1_296' title='bbox 2023 3355 2268 3395; x_wconf 81' lang='lat' dir='ltr'><strong>conentur.</strong></span> <span class='ocrx_word' id='word_1_297' title='bbox 2298 3342 2592 3405; x_wconf 87' lang='lat' dir='ltr'><strong>Nonnulli,</strong></span> <span class='ocrx_word' id='word_1_298' title='bbox 2630 3343 2735 3395; x_wconf 77' lang='lat' dir='ltr'><strong>dis-</strong></span> 
     </span>
     <span class='ocr_line' id='line_1_46' title="bbox 1696 3422 2736 3486; baseline 0.001 -12"><span class='ocrx_word' id='word_1_299' title='bbox 1696 3428 1852 3475; x_wconf 76' lang='lat' dir='ltr'><strong>sensa&#39;o</strong></span> <span class='ocrx_word' id='word_1_300' title='bbox 1878 3428 2067 3486; x_wconf 79' lang='lat' dir='ltr'><strong>extitit,</strong></span> <span class='ocrx_word' id='word_1_301' title='bbox 2106 3436 2161 3475; x_wconf 81' lang='lat' dir='ltr'><strong>ut</strong></span> <span class='ocrx_word' id='word_1_302' title='bbox 2199 3434 2505 3475; x_wconf 78' lang='lat' dir='ltr'><strong>conarentur.</strong></span> <span class='ocrx_word' id='word_1_303' title='bbox 2534 3422 2736 3478; x_wconf 81' lang='lat' dir='ltr'><strong>Nostra</strong></span> 
     </span>
     <span class='ocr_line' id='line_1_47' title="bbox 1696 3499 2736 3577; baseline 0.001 -22"><span class='ocrx_word' id='word_1_304' title='bbox 1696 3502 1856 3557; x_wconf 87' lang='lat' dir='ltr'><strong>lectio</strong></span> <span class='ocrx_word' id='word_1_305' title='bbox 1874 3517 2126 3577; x_wconf 70' lang='lat' dir='ltr'><strong>praestare</strong></span> <span class='ocrx_word' id='word_1_306' title='bbox 2139 3502 2357 3556; x_wconf 79' lang='lat' dir='ltr'><strong>videtur</strong></span> <span class='ocrx_word' id='word_1_307' title='bbox 2369 3543 2384 3572; x_wconf 85' lang='lat'>‚</span> <span class='ocrx_word' id='word_1_308' title='bbox 2398 3499 2547 3574; x_wconf 88' lang='lat' dir='ltr'><strong>quod</strong></span> <span class='ocrx_word' id='word_1_309' title='bbox 2564 3504 2736 3556; x_wconf 81' lang='lat' dir='ltr'><strong>verba</strong></span> 
     </span>
     <span class='ocr_line' id='line_1_48' title="bbox 1697 3582 2736 3655; baseline -0.004 -17"><span class='ocrx_word' id='word_1_310' title='bbox 1697 3602 1817 3655; x_wconf 75' lang='lat' dir='ltr'><strong>quae</strong></span> <span class='ocrx_word' id='word_1_311' title='bbox 1842 3582 2165 3637; x_wconf 86' lang='lat' dir='ltr'><strong>antecedunt</strong></span> <span class='ocrx_word' id='word_1_312' title='bbox 2188 3596 2241 3643; x_wconf 85' lang='lat' dir='ltr'><strong>et</strong></span> <span class='ocrx_word' id='word_1_313' title='bbox 2259 3602 2379 3655; x_wconf 75' lang='lat' dir='ltr'><strong>quae</strong></span> <span class='ocrx_word' id='word_1_314' title='bbox 2402 3594 2736 3655; x_wconf 75' lang='lat' dir='ltr'><strong>sequnntur,</strong></span> 
     </span>
     <span class='ocr_line' id='line_1_49' title="bbox 1696 3664 2423 3736; baseline 0 -20"><span class='ocrx_word' id='word_1_315' title='bbox 1696 3665 1971 3735; x_wconf 81' lang='lat' dir='ltr'><strong>praesentis</strong></span> <span class='ocrx_word' id='word_1_316' title='bbox 1996 3676 2121 3717; x_wconf 85' lang='lat' dir='ltr'><strong>sunt</strong></span> <span class='ocrx_word' id='word_1_317' title='bbox 2150 3664 2423 3736; x_wconf 83' lang='lat' dir='ltr'><strong>temporis.</strong></span> 
     </span>
     <span class='ocr_line' id='line_1_50' title="bbox 1698 3742 2735 3815; baseline -0.002 -18"><span class='ocrx_word' id='word_1_318' title='bbox 1698 3772 1706 3777; x_wconf 83' lang='lat'><strong>·</strong></span> <span class='ocrx_word' id='word_1_319' title='bbox 1783 3745 1834 3797; x_wconf 89' lang='grc'><strong>3.</strong></span> <span class='ocrx_word' id='word_1_320' title='bbox 1880 3746 2149 3797; x_wconf 80' lang='lat' dir='ltr'><strong>Domitium</strong></span> <span class='ocrx_word' id='word_1_321' title='bbox 2167 3744 2463 3815; x_wconf 76' lang='lat' dir='ltr'><strong>productum·</strong></span> <span class='ocrx_word' id='word_1_322' title='bbox 2488 3744 2540 3794; x_wconf 78' lang='lat' dir='ltr'><strong>in</strong></span> <span class='ocrx_word' id='word_1_323' title='bbox 2562 3742 2735 3813; x_wconf 76' lang='lat' dir='ltr'><strong>puhli-</strong></span> 
     </span>
     <span class='ocr_line' id='line_1_51' title="bbox 1698 3823 2737 3894; baseline 0 -18"><span class='ocrx_word' id='word_1_324' title='bbox 1698 3844 1804 3876; x_wconf 82' lang='lat' dir='ltr'><strong>cum</strong></span> <span class='ocrx_word' id='word_1_325' title='bbox 1822 3828 2189 3877; x_wconf 76' lang='lat' dir='ltr'><strong>circumsistht.</strong></span> <span class='ocrx_word' id='word_1_326' title='bbox 2207 3824 2479 3877; x_wconf 84' lang='lat' dir='ltr'><strong>Domitius</strong></span> <span class='ocrx_word' id='word_1_327' title='bbox 2491 3823 2591 3875; x_wconf 86' lang='lat' dir='ltr'><strong>iste</strong></span> <span class='ocrx_word' id='word_1_328' title='bbox 2604 3862 2619 3888; x_wconf 92' lang='lat'><strong>,</strong></span> <span class='ocrx_word' id='word_1_329' title='bbox 2636 3824 2737 3894; x_wconf 83' lang='lat' dir='ltr'><strong>qui</strong></span> 
     </span>
     <span class='ocr_line' id='line_1_52' title="bbox 1696 3903 2738 3976; baseline -0.003 -19"><span class='ocrx_word' id='word_1_330' title='bbox 1696 3904 1801 3957; x_wconf 86' lang='lat' dir='ltr'><strong>hoc</strong></span> <span class='ocrx_word' id='word_1_331' title='bbox 1824 3906 1971 3972; x_wconf 90' lang='lat' dir='ltr'><strong>loc0,</strong></span> <span class='ocrx_word' id='word_1_332' title='bbox 1987 3918 2095 3957; x_wconf 86' lang='lat' dir='ltr'><strong>tam</strong></span> <span class='ocrx_word' id='word_1_333' title='bbox 2115 3906 2368 3976; x_wconf 75' lang='lat' dir='ltr'><strong>ignavum</strong></span> <span class='ocrx_word' id='word_1_334' title='bbox 2389 3916 2443 3957; x_wconf 89' lang='lat' dir='ltr'><strong>et</strong></span> <span class='ocrx_word' id='word_1_335' title='bbox 2462 3903 2738 3969; x_wconf 72' lang='lat' dir='ltr'><strong>imbellem</strong></span> 
     </span>
     <span class='ocr_line' id='line_1_53' title="bbox 1698 3982 2737 4057; baseline -0.001 -21"><span class='ocrx_word' id='word_1_336' title='bbox 1698 4004 1754 4037; x_wconf 86' lang='lat' dir='ltr'><strong>se</strong></span> <span class='ocrx_word' id='word_1_337' title='bbox 1788 3986 2007 4057; x_wconf 87' lang='lat' dir='ltr'><strong>probat,</strong></span> <span class='ocrx_word' id='word_1_338' title='bbox 2040 3998 2093 4038; x_wconf 92' lang='lat' dir='ltr'><strong>et</strong></span> <span class='ocrx_word' id='word_1_339' title='bbox 2122 3985 2215 4055; x_wconf 89' lang='lat' dir='ltr'><strong>qui</strong></span> <span class='ocrx_word' id='word_1_340' title='bbox 2243 4002 2513 4037; x_wconf 88' lang='lat' dir='ltr'><strong>successor</strong></span> <span class='ocrx_word' id='word_1_341' title='bbox 2538 3982 2737 4035; x_wconf 84' lang='lat' dir='ltr'><strong>Caesari</strong></span> 
     </span>
     <span class='ocr_line' id='line_1_54' title="bbox 1698 4064 2742 4129; baseline -0.002 -12"><span class='ocrx_word' id='word_1_342' title='bbox 1698 4066 1755 4117; x_wconf 90' lang='lat' dir='ltr'><strong>in</strong></span> <span class='ocrx_word' id='word_1_343' title='bbox 1786 4065 1974 4117; x_wconf 87' lang='lat' dir='ltr'><strong>Galliis</strong></span> <span class='ocrx_word' id='word_1_344' title='bbox 2006 4064 2231 4118; x_wconf 88' lang='lat' dir='ltr'><strong>Senatus</strong></span> <span class='ocrx_word' id='word_1_345' title='bbox 2264 4064 2525 4117; x_wconf 85' lang='lat' dir='ltr'><strong>Consulto</strong></span> <span class='ocrx_word' id='word_1_346' title='bbox 2563 4064 2742 4129; x_wconf 80' lang='lat' dir='ltr'><strong>suerat</strong></span> 
     </span>
     <span class='ocr_line' id='line_1_55' title="bbox 1700 4143 2743 4215; baseline -0.002 -18"><span class='ocrx_word' id='word_1_347' title='bbox 1700 4143 1996 4215; x_wconf 82' lang='lat' dir='ltr'><strong>delegatus,</strong></span> <span class='ocrx_word' id='word_1_348' title='bbox 2024 4162 2055 4197; x_wconf 87' lang='lat' dir='ltr'><strong>e</strong></span> <span class='ocrx_word' id='word_1_349' title='bbox 2084 4144 2422 4199; x_wconf 84' lang='lat' dir='ltr'><strong>nobilissima</strong></span> <span class='ocrx_word' id='word_1_350' title='bbox 2446 4143 2551 4196; x_wconf 83' lang='lat' dir='ltr'><strong>fuit</strong></span> <span class='ocrx_word' id='word_1_351' title='bbox 2581 4154 2743 4213; x_wconf 83' lang='lat' dir='ltr'><strong>gente</strong></span> 
     </span>
    </p>
   </div>
  </div>
 </body>
</html>
