<?xml version="1.0" encoding="UTF-8"?>
<!DOCTYPE html PUBLIC "-//W3C//DTD XHTML 1.0 Transitional//EN"
    "http://www.w3.org/TR/xhtml1/DTD/xhtml1-transitional.dtd">
<html xmlns="http://www.w3.org/1999/xhtml" xml:lang="en" lang="en">
 <head>
  <title>
</title>
<meta http-equiv="Content-Type" content="text/html;charset=utf-8" />
  <meta name='ocr-system' content='tesseract 3.04.00' />
  <meta name='ocr-capabilities' content='ocr_page ocr_carea ocr_par ocr_line ocrx_word'/>
</head>
<body>
  <div class='ocr_page' id='page_1' title='image "./caiusjuliuscsar00plutgoog_0128.png"; bbox 0 0 3025 5025; ppageno 0'>
   <div class='ocr_carea' id='block_1_1' title="bbox 590 433 1991 507">
    <p class='ocr_par' dir='ltr' id='par_1_1' title="bbox 590 433 1991 507">
     <span class='ocr_line' id='line_1_1' title="bbox 590 433 1991 507; baseline 0.003 -5"><span class='ocrx_word' id='word_1_1' title='bbox 590 437 598 446; x_wconf 83' lang='lat'><em>‘</em></span> <span class='ocrx_word' id='word_1_2' title='bbox 653 434 798 502; x_wconf 86' lang='lat' dir='ltr'><strong>DE</strong></span> <span class='ocrx_word' id='word_1_3' title='bbox 848 433 1201 504; x_wconf 90' lang='lat' dir='ltr'>BELLO</span> <span class='ocrx_word' id='word_1_4' title='bbox 1259 435 1638 505; x_wconf 90' lang='lat' dir='ltr'><strong>CIVILI.</strong></span> <span class='ocrx_word' id='word_1_5' title='bbox 1696 439 1883 507; x_wconf 90' lang='lat' dir='ltr'><strong>LIB.</strong></span> <span class='ocrx_word' id='word_1_6' title='bbox 1938 439 1991 506; x_wconf 89' lang='grc' dir='ltr'><strong>Ι.</strong></span> 
     </span>
    </p>
   </div>
   <div class='ocr_carea' id='block_1_2' title="bbox 2168 444 2397 516">
    <p class='ocr_par' dir='ltr' id='par_1_2' title="bbox 2168 444 2397 516">
     <span class='ocr_line' id='line_1_2' title="bbox 2168 444 2397 516; baseline 0.017 -4"><span class='ocrx_word' id='word_1_7' title='bbox 2168 469 2177 480; x_wconf 73' lang='lat'><strong><em>‘</em></strong></span> <span class='ocrx_word' id='word_1_8' title='bbox 2256 444 2397 516; x_wconf 82' lang='lat'><strong>113</strong></span> 
     </span>
    </p>
   </div>
   <div class='ocr_carea' id='block_1_3' title="bbox 263 575 2405 882">
    <p class='ocr_par' dir='ltr' id='par_1_3' title="bbox 263 575 2405 882">
     <span class='ocr_line' id='line_1_3' title="bbox 265 575 2399 668; baseline 0.007 -27"><span class='ocrx_word' id='word_1_9' title='bbox 265 595 422 668; x_wconf 80' lang='lat' dir='ltr'><strong>que3</strong></span> <span class='ocrx_word' id='word_1_10' title='bbox 447 576 720 644; x_wconf 86' lang='lat' dir='ltr'><strong>tertium</strong></span> <span class='ocrx_word' id='word_1_11' title='bbox 747 577 815 646; x_wconf 89' lang='lat' dir='ltr'><strong>in</strong></span> <span class='ocrx_word' id='word_1_12' title='bbox 841 575 1144 646; x_wconf 84' lang='lat' dir='ltr'><strong>subsidiis</strong></span> <span class='ocrx_word' id='word_1_13' title='bbox 1168 575 1390 645; x_wconf 87' lang='lat' dir='ltr'><strong>locum</strong></span> <span class='ocrx_word' id='word_1_14' title='bbox 1413 576 1631 645; x_wconf 83' lang='lat' dir='ltr'><strong>alariae</strong></span> <span class='ocrx_word' id='word_1_15' title='bbox 1658 579 1965 649; x_wconf 85' lang='lat' dir='ltr'><strong>cohortes</strong></span> <span class='ocrx_word' id='word_1_16' title='bbox 1984 582 2399 658; x_wconf 85' lang='lat' dir='ltr'><strong>obtinebant:</strong></span> 
     </span>
     <span class='ocr_line' id='line_1_4' title="bbox 264 680 2402 777; baseline 0.007 -29"><span class='ocrx_word' id='word_1_17' title='bbox 264 683 540 750; x_wconf 83' lang='lat' dir='ltr'><strong>Caesaris</strong></span> <span class='ocrx_word' id='word_1_18' title='bbox 568 680 803 776; x_wconf 88' lang='lat' dir='ltr'><strong>triplex</strong></span> <span class='ocrx_word' id='word_1_19' title='bbox 824 709 844 770; x_wconf 81' lang='lat'><em>3</em></span> <span class='ocrx_word' id='word_1_20' title='bbox 878 683 992 752; x_wconf 90' lang='lat' dir='ltr'><strong>sed</strong></span> <span class='ocrx_word' id='word_1_21' title='bbox 1021 684 1300 777; x_wconf 83' lang='lat' dir='ltr'><strong>primam</strong></span> <span class='ocrx_word' id='word_1_22' title='bbox 1325 685 1533 752; x_wconf 83' lang='lat' dir='ltr'>aciem</span> <span class='ocrx_word' id='word_1_23' title='bbox 1560 699 1895 777; x_wconf 78' lang='lat' dir='ltr'><strong>quaternae</strong></span> <span class='ocrx_word' id='word_1_24' title='bbox 1912 689 2221 760; x_wconf 89' lang='lat' dir='ltr'><strong>cohortes</strong></span> <span class='ocrx_word' id='word_1_25' title='bbox 2240 719 2320 761; x_wconf 85' lang='lat' dir='ltr'><strong>ex</strong></span> <span class='ocrx_word' id='word_1_26' title='bbox 2337 698 2402 766; x_wconf 93' lang='lat' dir='ltr'><strong>V</strong></span> 
     </span>
     <span class='ocr_line' id='line_1_5' title="bbox 263 783 2405 882; baseline 0.007 -28"><span class='ocrx_word' id='word_1_27' title='bbox 263 783 628 881; x_wconf 80' lang='lat' dir='ltr'>legionibus</span> <span class='ocrx_word' id='word_1_28' title='bbox 651 787 672 812; x_wconf 82' lang='lat'>²</span> <span class='ocrx_word' id='word_1_29' title='bbox 717 788 1032 859; x_wconf 86' lang='lat' dir='ltr'><strong>tenebant</strong></span> <span class='ocrx_word' id='word_1_30' title='bbox 1076 815 1089 856; x_wconf 90' lang='lat'><strong>:</strong></span> <span class='ocrx_word' id='word_1_31' title='bbox 1144 789 1264 858; x_wconf 86' lang='lat' dir='ltr'><strong>has</strong></span> <span class='ocrx_word' id='word_1_32' title='bbox 1316 790 1718 859; x_wconf 86' lang='lat' dir='ltr'><strong>subsidiariae</strong></span> <span class='ocrx_word' id='word_1_33' title='bbox 1767 807 1971 862; x_wconf 85' lang='lat' dir='ltr'><strong>ternae</strong></span> <span class='ocrx_word' id='word_1_34' title='bbox 1991 849 2009 882; x_wconf 89' lang='lat'>‚</span> <span class='ocrx_word' id='word_1_35' title='bbox 2058 811 2125 865; x_wconf 88' lang='lat' dir='ltr'><strong>et</strong></span> <span class='ocrx_word' id='word_1_36' title='bbox 2177 824 2405 871; x_wconf 90' lang='lat' dir='ltr'><strong>rursus</strong></span> 
     </span>
    </p>
   </div>
   <div class='ocr_carea' id='block_1_4' title="bbox 252 953 1312 3648">
    <p class='ocr_par' dir='ltr' id='par_1_4' title="bbox 252 953 1312 3648">
     <span class='ocr_line' id='line_1_6' title="bbox 262 953 1290 1015; baseline -0.003 -8"><span class='ocrx_word' id='word_1_37' title='bbox 262 973 294 1007; x_wconf 78' lang='lat' dir='ltr'><strong>v</strong></span> <span class='ocrx_word' id='word_1_38' title='bbox 308 992 324 1015; x_wconf 89' lang='lat'>‚</span> <span class='ocrx_word' id='word_1_39' title='bbox 353 959 498 1006; x_wconf 81' lang='lat' dir='ltr'><strong>tertia</strong></span> <span class='ocrx_word' id='word_1_40' title='bbox 519 957 572 1005; x_wconf 82' lang='lat' dir='ltr'><strong>in</strong></span> <span class='ocrx_word' id='word_1_41' title='bbox 589 953 812 1004; x_wconf 81' lang='lat' dir='ltr'><strong>subsidii-5</strong></span> <span class='ocrx_word' id='word_1_42' title='bbox 841 954 992 1004; x_wconf 82' lang='lat' dir='ltr'><strong>locum</strong></span> <span class='ocrx_word' id='word_1_43' title='bbox 1011 955 1182 1006; x_wconf 75' lang='lat' dir='ltr'><strong>alat-ioe</strong></span> <span class='ocrx_word' id='word_1_44' title='bbox 1209 974 1290 1004; x_wconf 84' lang='lat' dir='ltr'><strong>co-</strong></span> 
     </span>
     <span class='ocr_line' id='line_1_7' title="bbox 264 1031 1293 1098; baseline 0.001 -13"><span class='ocrx_word' id='word_1_45' title='bbox 264 1035 404 1086; x_wconf 79' lang='lat' dir='ltr'><strong>hortis</strong></span> <span class='ocrx_word' id='word_1_46' title='bbox 433 1034 703 1086; x_wconf 79' lang='lat' dir='ltr'><em>obtinebat.</em></span> <span class='ocrx_word' id='word_1_47' title='bbox 744 1031 949 1098; x_wconf 88' lang='lat' dir='ltr'><strong>Quidni</strong></span> <span class='ocrx_word' id='word_1_48' title='bbox 985 1051 1046 1085; x_wconf 89' lang='lat' dir='ltr'><strong>ex</strong></span> <span class='ocrx_word' id='word_1_49' title='bbox 1087 1031 1293 1086; x_wconf 85' lang='lat' dir='ltr'><strong>duabus</strong></span> 
     </span>
     <span class='ocr_line' id='line_1_8' title="bbox 259 1114 1294 1185; baseline 0 -19"><span class='ocrx_word' id='word_1_50' title='bbox 259 1114 580 1168; x_wconf 81' lang='lat' dir='ltr'><strong>lectionibus</strong></span> <span class='ocrx_word' id='word_1_51' title='bbox 601 1153 618 1180; x_wconf 88' lang='lat'><strong>,</strong></span> <span class='ocrx_word' id='word_1_52' title='bbox 649 1131 769 1185; x_wconf 72' lang='lat' dir='ltr'><strong>quae</strong></span> <span class='ocrx_word' id='word_1_53' title='bbox 818 1131 1009 1184; x_wconf 82' lang='lat' dir='ltr'><strong>parum</strong></span> <span class='ocrx_word' id='word_1_54' title='bbox 1055 1114 1198 1166; x_wconf 86' lang='lat' dir='ltr'><strong>inter</strong></span> <span class='ocrx_word' id='word_1_55' title='bbox 1238 1133 1294 1166; x_wconf 84' lang='lat' dir='ltr'><strong>se</strong></span> 
     </span>
     <span class='ocr_line' id='line_1_9' title="bbox 263 1191 1293 1267; baseline 0 -22"><span class='ocrx_word' id='word_1_56' title='bbox 263 1193 589 1267; x_wconf 85' lang='lat' dir='ltr'><strong>discrepant,</strong></span> <span class='ocrx_word' id='word_1_57' title='bbox 617 1213 778 1246; x_wconf 87' lang='lat' dir='ltr'><strong>unam</strong></span> <span class='ocrx_word' id='word_1_58' title='bbox 799 1193 1122 1256; x_wconf 83' lang='lat' dir='ltr'><strong>efficiamus,</strong></span> <span class='ocrx_word' id='word_1_59' title='bbox 1153 1191 1293 1245; x_wconf 87' lang='lat' dir='ltr'><strong>unde</strong></span> 
     </span>
     <span class='ocr_line' id='line_1_10' title="bbox 263 1273 1295 1344; baseline -0.001 -18"><span class='ocrx_word' id='word_1_60' title='bbox 263 1293 435 1326; x_wconf 86' lang='lat' dir='ltr'><strong>sensus</strong></span> <span class='ocrx_word' id='word_1_61' title='bbox 483 1287 705 1344; x_wconf 86' lang='lat' dir='ltr'><strong>apertus</strong></span> <span class='ocrx_word' id='word_1_62' title='bbox 755 1273 872 1324; x_wconf 89' lang='lat' dir='ltr'><strong>elici</strong></span> <span class='ocrx_word' id='word_1_63' title='bbox 919 1285 1078 1344; x_wconf 87' lang='lat' dir='ltr'>queat</span> <span class='ocrx_word' id='word_1_64' title='bbox 1117 1291 1130 1324; x_wconf 91' lang='lat'>:</span> <span class='ocrx_word' id='word_1_65' title='bbox 1169 1277 1295 1325; x_wconf 83' lang='lat' dir='ltr'><strong>acies</strong></span> 
     </span>
     <span class='ocr_line' id='line_1_11' title="bbox 267 1353 1294 1423; baseline -0.002 -19"><span class='ocrx_word' id='word_1_66' title='bbox 267 1355 669 1422; x_wconf 70' lang='lat' dir='ltr'><strong>enatAfr-aniana</strong></span> <span class='ocrx_word' id='word_1_67' title='bbox 690 1353 883 1422; x_wconf 71' lang='lat' dir='ltr'><strong>duplex,</strong></span> <span class='ocrx_word' id='word_1_68' title='bbox 903 1353 1140 1421; x_wconf 77' lang='lat' dir='ltr'><strong>legionum</strong></span> <span class='ocrx_word' id='word_1_69' title='bbox 1154 1357 1294 1423; x_wconf 82' lang='lat' dir='ltr'><strong>quin-</strong></span> 
     </span>
     <span class='ocr_line' id='line_1_12' title="bbox 263 1427 1296 1506; baseline -0.004 -20"><span class='ocrx_word' id='word_1_70' title='bbox 263 1453 358 1506; x_wconf 79' lang='lat' dir='ltr'><strong>que.</strong></span> <span class='ocrx_word' id='word_1_71' title='bbox 396 1436 446 1486; x_wconf 90' lang='lat' dir='ltr'><em>T</em></span> <span class='ocrx_word' id='word_1_72' title='bbox 441 1439 574 1486; x_wconf 73' lang='lat' dir='ltr'><strong>ertia</strong></span> <span class='ocrx_word' id='word_1_73' title='bbox 593 1427 794 1504; x_wconf 85' lang='lat' dir='ltr'><strong>(legio)</strong></span> <span class='ocrx_word' id='word_1_74' title='bbox 817 1436 868 1482; x_wconf 80' lang='lat' dir='ltr'><strong>in</strong></span> <span class='ocrx_word' id='word_1_75' title='bbox 895 1433 1117 1484; x_wconf 80' lang='lat' dir='ltr'><strong>subsidiis</strong></span> <span class='ocrx_word' id='word_1_76' title='bbox 1141 1432 1296 1483; x_wconf 81' lang='lat' dir='ltr'><strong>locum</strong></span> 
     </span>
     <span class='ocr_line' id='line_1_13' title="bbox 264 1508 1297 1576; baseline -0.001 -13"><span class='ocrx_word' id='word_1_77' title='bbox 264 1515 426 1566; x_wconf 81' lang='lat' dir='ltr'><strong>alarioe</strong></span> <span class='ocrx_word' id='word_1_78' title='bbox 469 1515 690 1576; x_wconf 73' lang='lat' dir='ltr'><strong>cohortis</strong></span> <span class='ocrx_word' id='word_1_79' title='bbox 740 1511 984 1563; x_wconf 78' lang='lat' dir='ltr'><em>obtinebat</em></span> <span class='ocrx_word' id='word_1_80' title='bbox 1013 1530 1027 1563; x_wconf 76' lang='grc' dir='ltr'><strong><em>ε</em></strong></span> <span class='ocrx_word' id='word_1_81' title='bbox 1065 1508 1297 1573; x_wconf 82' lang='lat' dir='ltr'><strong>(l&#39;arme&#39;e</strong></span> 
     </span>
     <span class='ocr_line' id='line_1_14' title="bbox 263 1591 1296 1662; baseline -0.003 -18"><span class='ocrx_word' id='word_1_82' title='bbox 263 1595 565 1662; x_wconf 81' lang='lat' dir='ltr'><strong>d&#39;Asranius</strong></span> <span class='ocrx_word' id='word_1_83' title='bbox 581 1596 704 1644; x_wconf 59' lang='lat' dir='ltr'><strong>&amp;tait</strong></span> <span class='ocrx_word' id='word_1_84' title='bbox 725 1611 810 1642; x_wconf 81' lang='lat' dir='ltr'><strong>sur</strong></span> <span class='ocrx_word' id='word_1_85' title='bbox 828 1591 956 1642; x_wconf 61' lang='lat' dir='ltr'><strong>deu-v</strong></span> <span class='ocrx_word' id='word_1_86' title='bbox 982 1592 1131 1661; x_wconf 73' lang='lat' dir='ltr'><strong>lignes</strong></span> <span class='ocrx_word' id='word_1_87' title='bbox 1139 1593 1296 1660; x_wconf 82' lang='lat' dir='ltr'><strong>fortes</strong></span> 
     </span>
     <span class='ocr_line' id='line_1_15' title="bbox 261 1669 1299 1746; baseline -0.002 -21"><span class='ocrx_word' id='word_1_88' title='bbox 261 1674 316 1725; x_wconf 83' lang='lat' dir='ltr'><strong>de</strong></span> <span class='ocrx_word' id='word_1_89' title='bbox 329 1679 436 1746; x_wconf 82' lang='lat' dir='ltr'><strong>cinq</strong></span> <span class='ocrx_word' id='word_1_90' title='bbox 461 1675 656 1743; x_wconf 52' lang='grc' dir='ltr'><strong>[ἐξίοιτε</strong></span> <span class='ocrx_word' id='word_1_91' title='bbox 671 1693 690 1725; x_wconf 91' lang='grc'><strong>.·</strong></span> <span class='ocrx_word' id='word_1_92' title='bbox 712 1691 802 1723; x_wconf 82' lang='lat' dir='ltr'><strong>une</strong></span> <span class='ocrx_word' id='word_1_93' title='bbox 824 1675 1054 1722; x_wconf 63' lang='lat' dir='ltr'><strong>troisaeme</strong></span> <span class='ocrx_word' id='word_1_94' title='bbox 1071 1669 1208 1743; x_wconf 85' lang='lat' dir='ltr'><strong>(quae</strong></span> <span class='ocrx_word' id='word_1_95' title='bbox 1231 1672 1299 1723; x_wconf 89' lang='lat' dir='ltr'><strong>sit</strong></span> 
     </span>
     <span class='ocr_line' id='line_1_16' title="bbox 261 1751 1298 1822; baseline -0.004 -16"><span class='ocrx_word' id='word_1_96' title='bbox 261 1752 462 1816; x_wconf 80' lang='lat' dir='ltr'><strong>nescio)</strong></span> <span class='ocrx_word' id='word_1_97' title='bbox 484 1758 615 1805; x_wconf 80' lang='lat' dir='ltr'><strong>e&#39;tait</strong></span> <span class='ocrx_word' id='word_1_98' title='bbox 641 1751 880 1822; x_wconf 72' lang='lat' dir='ltr'><strong>re‘paudaeoe</strong></span> <span class='ocrx_word' id='word_1_99' title='bbox 905 1771 990 1803; x_wconf 78' lang='lat' dir='ltr'><strong>sur</strong></span> <span class='ocrx_word' id='word_1_100' title='bbox 1009 1752 1077 1803; x_wconf 82' lang='lat' dir='ltr'><strong>les</strong></span> <span class='ocrx_word' id='word_1_101' title='bbox 1103 1753 1218 1802; x_wconf 78' lang='lat' dir='ltr'><strong>ailes</strong></span> <span class='ocrx_word' id='word_1_102' title='bbox 1240 1771 1298 1802; x_wconf 80' lang='lat' dir='ltr'><strong>en</strong></span> 
     </span>
     <span class='ocr_line' id='line_1_17' title="bbox 252 1828 1298 1902; baseline -0.004 -16"><span class='ocrx_word' id='word_1_103' title='bbox 252 1835 402 1902; x_wconf 73' lang='lat' dir='ltr'><strong>sor-me</strong></span> <span class='ocrx_word' id='word_1_104' title='bbox 418 1835 485 1886; x_wconf 85' lang='lat' dir='ltr'><strong>de</strong></span> <span class='ocrx_word' id='word_1_105' title='bbox 505 1845 697 1902; x_wconf 79' lang='lat' dir='ltr'><strong>troupes</strong></span> <span class='ocrx_word' id='word_1_106' title='bbox 715 1828 928 1900; x_wconf 57' lang='lat' dir='ltr'><strong>legeres).</strong></span> <span class='ocrx_word' id='word_1_107' title='bbox 950 1830 1108 1882; x_wconf 89' lang='lat' dir='ltr'><strong>Nulla</strong></span> <span class='ocrx_word' id='word_1_108' title='bbox 1123 1844 1298 1883; x_wconf 81' lang='lat' dir='ltr'><strong>autem</strong></span> 
     </span>
     <span class='ocr_line' id='line_1_18' title="bbox 261 1911 1299 1984; baseline -0.006 -17"><span class='ocrx_word' id='word_1_109' title='bbox 261 1916 457 1967; x_wconf 87' lang='lat' dir='ltr'><strong>mentio</strong></span> <span class='ocrx_word' id='word_1_110' title='bbox 471 1913 746 1984; x_wconf 85' lang='lat' dir='ltr'><strong>equitatus</strong></span> <span class='ocrx_word' id='word_1_111' title='bbox 757 1949 772 1976; x_wconf 86' lang='lat'>‚</span> <span class='ocrx_word' id='word_1_112' title='bbox 795 1929 893 1962; x_wconf 90' lang='lat' dir='ltr'><strong>nec</strong></span> <span class='ocrx_word' id='word_1_113' title='bbox 907 1911 1172 1962; x_wconf 88' lang='lat' dir='ltr'><strong>sociorum</strong></span> <span class='ocrx_word' id='word_1_114' title='bbox 1190 1911 1299 1962; x_wconf 86' lang='lat' dir='ltr'><strong>his-</strong></span> 
     </span>
     <span class='ocr_line' id='line_1_19' title="bbox 259 2004 1298 2066; baseline -0.008 -18"><span class='ocrx_word' id='word_1_115' title='bbox 259 2013 529 2066; x_wconf 84' lang='lat' dir='ltr'><strong>panorum</strong></span> <span class='ocrx_word' id='word_1_116' title='bbox 555 2004 881 2044; x_wconf 85' lang='lat' dir='ltr'><strong>cetratorum</strong></span> <span class='ocrx_word' id='word_1_117' title='bbox 897 2029 913 2054; x_wconf 90' lang='lat'><strong>‚</strong></span> <span class='ocrx_word' id='word_1_118' title='bbox 939 2009 1168 2060; x_wconf 89' lang='lat' dir='ltr'><strong>quorum</strong></span> <span class='ocrx_word' id='word_1_119' title='bbox 1199 2009 1298 2040; x_wconf 89' lang='lat' dir='ltr'><strong>nu-</strong></span> 
     </span>
     <span class='ocr_line' id='line_1_20' title="bbox 263 2065 1298 2140; baseline -0.006 -15"><span class='ocrx_word' id='word_1_120' title='bbox 263 2093 432 2127; x_wconf 85' lang='lat' dir='ltr'><strong>merus</strong></span> <span class='ocrx_word' id='word_1_121' title='bbox 467 2086 588 2126; x_wconf 84' lang='lat' dir='ltr'><strong>erat</strong></span> <span class='ocrx_word' id='word_1_122' title='bbox 615 2072 800 2140; x_wconf 87' lang='lat' dir='ltr'><strong>ingens</strong></span> <span class='ocrx_word' id='word_1_123' title='bbox 820 2065 975 2130; x_wconf 88' lang='lat' dir='ltr'><strong>(octo</strong></span> <span class='ocrx_word' id='word_1_124' title='bbox 1000 2071 1108 2121; x_wconf 86' lang='lat' dir='ltr'><strong>fere</strong></span> <span class='ocrx_word' id='word_1_125' title='bbox 1135 2069 1298 2140; x_wconf 85' lang='lat' dir='ltr'><strong>legio-</strong></span> 
     </span>
     <span class='ocr_line' id='line_1_21' title="bbox 263 2146 1301 2221; baseline -0.006 -15"><span class='ocrx_word' id='word_1_126' title='bbox 263 2173 386 2206; x_wconf 89' lang='lat' dir='ltr'><strong>num</strong></span> <span class='ocrx_word' id='word_1_127' title='bbox 408 2151 429 2216; x_wconf 89' lang='lat'>)</span> <span class='ocrx_word' id='word_1_128' title='bbox 454 2172 474 2219; x_wconf 88' lang='lat'>;</span> <span class='ocrx_word' id='word_1_129' title='bbox 529 2149 677 2203; x_wconf 89' lang='lat' dir='ltr'><strong>unde</strong></span> <span class='ocrx_word' id='word_1_130' title='bbox 727 2169 918 2221; x_wconf 91' lang='lat' dir='ltr'><strong>parum</strong></span> <span class='ocrx_word' id='word_1_131' title='bbox 961 2146 1158 2201; x_wconf 85' lang='lat' dir='ltr'><strong>arridet</strong></span> <span class='ocrx_word' id='word_1_132' title='bbox 1203 2149 1301 2200; x_wconf 88' lang='lat' dir='ltr'><strong>ista</strong></span> 
     </span>
     <span class='ocr_line' id='line_1_22' title="bbox 263 2229 1299 2306; baseline -0.008 -20"><span class='ocrx_word' id='word_1_133' title='bbox 263 2232 568 2306; x_wconf 79' lang='lat' dir='ltr'><strong>explicatio,</strong></span> <span class='ocrx_word' id='word_1_134' title='bbox 604 2232 680 2282; x_wconf 90' lang='lat' dir='ltr'><strong>Ea</strong></span> <span class='ocrx_word' id='word_1_135' title='bbox 709 2242 884 2282; x_wconf 89' lang='lat' dir='ltr'><strong>tamen</strong></span> <span class='ocrx_word' id='word_1_136' title='bbox 915 2229 1074 2280; x_wconf 88' lang='lat' dir='ltr'><strong>lectio</strong></span> <span class='ocrx_word' id='word_1_137' title='bbox 1100 2241 1177 2280; x_wconf 89' lang='lat' dir='ltr'><strong>est</strong></span> <span class='ocrx_word' id='word_1_138' title='bbox 1210 2247 1299 2280; x_wconf 91' lang='lat' dir='ltr'><strong>co-</strong></span> 
     </span>
     <span class='ocr_line' id='line_1_23' title="bbox 262 2307 1302 2380; baseline -0.007 -13"><span class='ocrx_word' id='word_1_139' title='bbox 262 2312 462 2366; x_wconf 83' lang='lat' dir='ltr'><strong>dicum.</strong></span> <span class='ocrx_word' id='word_1_140' title='bbox 476 2309 567 2363; x_wconf 90' lang='lat' dir='ltr'><strong>Ad</strong></span> <span class='ocrx_word' id='word_1_141' title='bbox 574 2311 608 2362; x_wconf 90' lang='lat' dir='ltr'><strong>J</strong></span> <span class='ocrx_word' id='word_1_142' title='bbox 613 2311 715 2362; x_wconf 87' lang='lat' dir='ltr'><strong>usti</strong></span> <span class='ocrx_word' id='word_1_143' title='bbox 726 2309 893 2380; x_wconf 88' lang='lat' dir='ltr'><strong>Lipsii</strong></span> <span class='ocrx_word' id='word_1_144' title='bbox 907 2307 1302 2360; x_wconf 81' lang='lat' dir='ltr'><strong>emendationes</strong></span> 
     </span>
     <span class='ocr_line' id='line_1_24' title="bbox 264 2386 1302 2462; baseline -0.008 -15"><span class='ocrx_word' id='word_1_145' title='bbox 264 2406 510 2456; x_wconf 82' lang='lat' dir='ltr'><strong>transeO,</strong></span> <span class='ocrx_word' id='word_1_146' title='bbox 545 2391 674 2462; x_wconf 82' lang='lat' dir='ltr'><strong>qui,</strong></span> <span class='ocrx_word' id='word_1_147' title='bbox 711 2390 802 2441; x_wconf 89' lang='lat' dir='ltr'><strong>lib.</strong></span> <span class='ocrx_word' id='word_1_148' title='bbox 843 2407 925 2453; x_wconf 77' lang='grc' dir='ltr'><strong>ιν,</strong></span> <span class='ocrx_word' id='word_1_149' title='bbox 965 2386 1089 2440; x_wconf 87' lang='lat' dir='ltr'><strong>dial.</strong></span> <span class='ocrx_word' id='word_1_150' title='bbox 1137 2389 1198 2448; x_wconf 89' lang='grc'><strong>8,</strong></span> <span class='ocrx_word' id='word_1_151' title='bbox 1230 2388 1302 2439; x_wconf 86' lang='lat' dir='ltr'><strong>ita</strong></span> 
     </span>
     <span class='ocr_line' id='line_1_25' title="bbox 261 2469 1304 2544; baseline -0.006 -19"><span class='ocrx_word' id='word_1_152' title='bbox 261 2474 438 2527; x_wconf 89' lang='lat' dir='ltr'><strong>locum</strong></span> <span class='ocrx_word' id='word_1_153' title='bbox 467 2471 732 2544; x_wconf 86' lang='lat' dir='ltr'><strong>explicat:</strong></span> <span class='ocrx_word' id='word_1_154' title='bbox 751 2472 874 2520; x_wconf 82' lang='lat' dir='ltr'><strong>acies</strong></span> <span class='ocrx_word' id='word_1_155' title='bbox 901 2481 1008 2519; x_wconf 79' lang='lat' dir='ltr'><strong>erat</strong></span> <span class='ocrx_word' id='word_1_156' title='bbox 1017 2469 1304 2535; x_wconf 81' lang='lat' dir='ltr'><strong>Afraniana</strong></span> 
     </span>
     <span class='ocr_line' id='line_1_26' title="bbox 261 2548 1303 2625; baseline -0.008 -19"><span class='ocrx_word' id='word_1_157' title='bbox 261 2556 468 2625; x_wconf 73' lang='lat' dir='ltr'><strong>duplex,</strong></span> <span class='ocrx_word' id='word_1_158' title='bbox 510 2553 752 2622; x_wconf 78' lang='lat' dir='ltr'><strong>legionum</strong></span> <span class='ocrx_word' id='word_1_159' title='bbox 775 2552 1002 2621; x_wconf 82' lang='lat' dir='ltr'><strong>quinque,</strong></span> <span class='ocrx_word' id='word_1_160' title='bbox 1038 2560 1088 2598; x_wconf 84' lang='lat' dir='ltr'><strong>et</strong></span> <span class='ocrx_word' id='word_1_161' title='bbox 1114 2555 1164 2600; x_wconf 79' lang='lat' dir='ltr'><strong>in</strong></span> <span class='ocrx_word' id='word_1_162' title='bbox 1189 2548 1303 2599; x_wconf 85' lang='lat' dir='ltr'><strong>sub·</strong></span> 
     </span>
     <span class='ocr_line' id='line_1_27' title="bbox 261 2628 1302 2687; baseline -0.007 0"><span class='ocrx_word' id='word_1_163' title='bbox 261 2634 393 2687; x_wconf 53' lang='lat' dir='ltr'><strong>sidia}</strong></span> <span class='ocrx_word' id='word_1_164' title='bbox 410 2634 579 2685; x_wconf 83' lang='lat' dir='ltr'><strong>locum</strong></span> <span class='ocrx_word' id='word_1_165' title='bbox 593 2632 763 2681; x_wconf 76' lang='lat' dir='ltr'><strong>alarice</strong></span> <span class='ocrx_word' id='word_1_166' title='bbox 775 2630 988 2680; x_wconf 81' lang='lat' dir='ltr'><strong>cohortes</strong></span> <span class='ocrx_word' id='word_1_167' title='bbox 1001 2628 1302 2680; x_wconf 79' lang='lat' dir='ltr'><strong>obtinebant:</strong></span> 
     </span>
     <span class='ocr_line' id='line_1_28' title="bbox 262 2707 1304 2779; baseline -0.009 -11"><span class='ocrx_word' id='word_1_168' title='bbox 262 2714 318 2767; x_wconf 90' lang='lat' dir='ltr'><strong>id</strong></span> <span class='ocrx_word' id='word_1_169' title='bbox 355 2726 438 2767; x_wconf 83' lang='lat' dir='ltr'><strong>est</strong></span> <span class='ocrx_word' id='word_1_170' title='bbox 464 2751 481 2779; x_wconf 88' lang='lat'><strong>,</strong></span> <span class='ocrx_word' id='word_1_171' title='bbox 525 2711 778 2763; x_wconf 82' lang='lat' dir='ltr'><strong>Afranius</strong></span> <span class='ocrx_word' id='word_1_172' title='bbox 827 2707 1094 2778; x_wconf 85' lang='lat' dir='ltr'><strong>duplicem</strong></span> <span class='ocrx_word' id='word_1_173' title='bbox 1139 2708 1304 2760; x_wconf 89' lang='lat' dir='ltr'><strong>aciem</strong></span> 
     </span>
     <span class='ocr_line' id='line_1_29' title="bbox 261 2787 1304 2865; baseline -0.009 -17"><span class='ocrx_word' id='word_1_174' title='bbox 261 2793 561 2865; x_wconf 76' lang='lat' dir='ltr'><strong>instruxit:</strong></span> <span class='ocrx_word' id='word_1_175' title='bbox 592 2791 743 2861; x_wconf 87' lang='lat' dir='ltr'><strong>prior</strong></span> <span class='ocrx_word' id='word_1_176' title='bbox 772 2788 873 2839; x_wconf 85' lang='lat' dir='ltr'><strong>suit</strong></span> <span class='ocrx_word' id='word_1_177' title='bbox 904 2807 933 2839; x_wconf 91' lang='lat' dir='ltr'><strong>e</strong></span> <span class='ocrx_word' id='word_1_178' title='bbox 963 2787 1198 2859; x_wconf 87' lang='lat' dir='ltr'><strong>quinque</strong></span> <span class='ocrx_word' id='word_1_179' title='bbox 1229 2787 1304 2839; x_wconf 88' lang='lat' dir='ltr'><strong>le-</strong></span> 
     </span>
     <span class='ocr_line' id='line_1_30' title="bbox 261 2865 1305 2947; baseline -0.009 -20"><span class='ocrx_word' id='word_1_180' title='bbox 261 2875 518 2947; x_wconf 77' lang='lat' dir='ltr'><strong>gionibus</strong></span> <span class='ocrx_word' id='word_1_181' title='bbox 549 2869 831 2932; x_wconf 84' lang='lat' dir='ltr'><strong>distincta,</strong></span> <span class='ocrx_word' id='word_1_182' title='bbox 861 2868 1022 2919; x_wconf 85' lang='lat' dir='ltr'><strong>altera</strong></span> <span class='ocrx_word' id='word_1_183' title='bbox 1048 2865 1305 2919; x_wconf 88' lang='lat' dir='ltr'><strong>subsidia·</strong></span> 
     </span>
     <span class='ocr_line' id='line_1_31' title="bbox 259 2947 1304 3012; baseline -0.011 -3"><span class='ocrx_word' id='word_1_184' title='bbox 259 2956 337 3008; x_wconf 87' lang='lat' dir='ltr'><strong>ria</strong></span> <span class='ocrx_word' id='word_1_185' title='bbox 364 2974 396 3007; x_wconf 91' lang='lat' dir='ltr'><strong>e</strong></span> <span class='ocrx_word' id='word_1_186' title='bbox 429 2950 752 3006; x_wconf 80' lang='lat' dir='ltr'><strong>cohortibus</strong></span> <span class='ocrx_word' id='word_1_187' title='bbox 768 2947 940 3000; x_wconf 85' lang='lat' dir='ltr'><strong>alariis</strong></span> <span class='ocrx_word' id='word_1_188' title='bbox 954 2985 970 3012; x_wconf 89' lang='lat'><strong>,</strong></span> <span class='ocrx_word' id='word_1_189' title='bbox 990 2948 1099 2999; x_wconf 81' lang='lat' dir='ltr'><strong>sive</strong></span> <span class='ocrx_word' id='word_1_190' title='bbox 1120 2947 1304 3011; x_wconf 88' lang='lat' dir='ltr'><strong>sociis,</strong></span> 
     </span>
     <span class='ocr_line' id='line_1_32' title="bbox 263 3024 1307 3109; baseline -0.012 -20"><span class='ocrx_word' id='word_1_191' title='bbox 263 3053 462 3106; x_wconf 85' lang='lat' dir='ltr'><strong>nempe</strong></span> <span class='ocrx_word' id='word_1_192' title='bbox 515 3030 787 3109; x_wconf 71' lang='lat' dir='ltr'><strong>Hispanis,</strong></span> <span class='ocrx_word' id='word_1_193' title='bbox 834 3028 957 3079; x_wconf 87' lang='lat' dir='ltr'><strong>Non</strong></span> <span class='ocrx_word' id='word_1_194' title='bbox 1003 3028 1172 3079; x_wconf 86' lang='lat' dir='ltr'><strong>male:</strong></span> <span class='ocrx_word' id='word_1_195' title='bbox 1213 3024 1307 3078; x_wconf 84' lang='lat' dir='ltr'><strong>sed</strong></span> 
     </span>
     <span class='ocr_line' id='line_1_33' title="bbox 265 3107 1308 3178; baseline -0.012 -10"><span class='ocrx_word' id='word_1_196' title='bbox 265 3114 544 3168; x_wconf 88' lang='lat' dir='ltr'><strong>omittitur</strong></span> <span class='ocrx_word' id='word_1_197' title='bbox 561 3128 666 3162; x_wconf 78' lang='lat' dir='ltr'><strong>vox</strong></span> <span class='ocrx_word' id='word_1_198' title='bbox 685 3111 973 3178; x_wconf 82' lang='lat' dir='ltr'><strong>tertia,quae</strong></span> <span class='ocrx_word' id='word_1_199' title='bbox 991 3119 1068 3159; x_wconf 89' lang='lat' dir='ltr'><strong>est</strong></span> <span class='ocrx_word' id='word_1_200' title='bbox 1083 3107 1136 3158; x_wconf 89' lang='lat' dir='ltr'><strong>in</strong></span> <span class='ocrx_word' id='word_1_201' title='bbox 1152 3125 1308 3158; x_wconf 89' lang='lat' dir='ltr'><strong>cunc-</strong></span> 
     </span>
     <span class='ocr_line' id='line_1_34' title="bbox 266 3184 1307 3249; baseline -0.01 -2"><span class='ocrx_word' id='word_1_202' title='bbox 266 3196 331 3249; x_wconf 84' lang='lat' dir='ltr'><strong>tis</strong></span> <span class='ocrx_word' id='word_1_203' title='bbox 360 3189 529 3248; x_wconf 89' lang='lat' dir='ltr'><strong>codd.</strong></span> <span class='ocrx_word' id='word_1_204' title='bbox 579 3190 649 3241; x_wconf 90' lang='lat' dir='ltr'><strong>Et</strong></span> <span class='ocrx_word' id='word_1_205' title='bbox 681 3187 826 3241; x_wconf 89' lang='lat' dir='ltr'><strong>idem</strong></span> <span class='ocrx_word' id='word_1_206' title='bbox 864 3188 921 3238; x_wconf 89' lang='lat' dir='ltr'><strong>in</strong></span> <span class='ocrx_word' id='word_1_207' title='bbox 965 3186 1209 3240; x_wconf 76' lang='lat' dir='ltr'><strong>analectis</strong></span> <span class='ocrx_word' id='word_1_208' title='bbox 1241 3184 1307 3238; x_wconf 88' lang='lat' dir='ltr'><strong>ad</strong></span> 
     </span>
     <span class='ocr_line' id='line_1_35' title="bbox 267 3268 1312 3339; baseline -0.012 -11"><span class='ocrx_word' id='word_1_209' title='bbox 267 3274 557 3335; x_wconf 83' lang='lat' dir='ltr'><strong>militiam,</strong></span> <span class='ocrx_word' id='word_1_210' title='bbox 603 3282 640 3321; x_wconf 90' lang='lat' dir='ltr'><strong>t.</strong></span> <span class='ocrx_word' id='word_1_211' title='bbox 688 3286 741 3334; x_wconf 87' lang='lat'><strong>1,</strong></span> <span class='ocrx_word' id='word_1_212' title='bbox 775 3287 828 3339; x_wconf 88' lang='lat' dir='ltr'><strong>p.</strong></span> <span class='ocrx_word' id='word_1_213' title='bbox 868 3268 1174 3335; x_wconf 58' lang='lat' dir='ltr'><strong>395:‚acies</strong></span> <span class='ocrx_word' id='word_1_214' title='bbox 1204 3278 1312 3317; x_wconf 83' lang='lat' dir='ltr'><strong>erat</strong></span> 
     </span>
     <span class='ocr_line' id='line_1_36' title="bbox 267 3348 1306 3423; baseline -0.011 -14"><span class='ocrx_word' id='word_1_215' title='bbox 267 3348 564 3423; x_wconf 77' lang='lat' dir='ltr'><strong>Afraniana</strong></span> <span class='ocrx_word' id='word_1_216' title='bbox 581 3348 783 3419; x_wconf 79' lang='lat' dir='ltr'><strong>duplex,</strong></span> <span class='ocrx_word' id='word_1_217' title='bbox 806 3349 1045 3415; x_wconf 60' lang='lat' dir='ltr'><strong>legionum</strong></span> <span class='ocrx_word' id='word_1_218' title='bbox 1066 3364 1110 3398; x_wconf 89' lang='lat'><strong>11</strong></span> <span class='ocrx_word' id='word_1_219' title='bbox 1137 3359 1186 3396; x_wconf 84' lang='lat' dir='ltr'><strong>et</strong></span> <span class='ocrx_word' id='word_1_220' title='bbox 1203 3364 1274 3398; x_wconf 87' lang='lat'><strong>111</strong></span> <span class='ocrx_word' id='word_1_221' title='bbox 1291 3384 1306 3411; x_wconf 90' lang='lat'><strong>‚</strong></span> 
     </span>
     <span class='ocr_line' id='line_1_37' title="bbox 269 3426 1308 3497; baseline -0.013 -8"><span class='ocrx_word' id='word_1_222' title='bbox 269 3434 327 3489; x_wconf 83' lang='lat' dir='ltr'><strong>id</strong></span> <span class='ocrx_word' id='word_1_223' title='bbox 364 3446 474 3495; x_wconf 83' lang='lat' dir='ltr'><strong>est,</strong></span> <span class='ocrx_word' id='word_1_224' title='bbox 519 3430 755 3490; x_wconf 84' lang='lat' dir='ltr'><strong>duarum,</strong></span> <span class='ocrx_word' id='word_1_225' title='bbox 791 3428 1018 3490; x_wconf 85' lang='lat' dir='ltr'><strong>scilicet,</strong></span> <span class='ocrx_word' id='word_1_226' title='bbox 1051 3444 1180 3497; x_wconf 89' lang='lat' dir='ltr'><strong>quas</strong></span> <span class='ocrx_word' id='word_1_227' title='bbox 1213 3426 1308 3477; x_wconf 88' lang='lat' dir='ltr'><strong>ha-</strong></span> 
     </span>
     <span class='ocr_line' id='line_1_38' title="bbox 267 3506 1308 3575; baseline -0.012 -7"><span class='ocrx_word' id='word_1_228' title='bbox 267 3514 429 3567; x_wconf 86' lang='lat' dir='ltr'><strong>bebat</strong></span> <span class='ocrx_word' id='word_1_229' title='bbox 461 3510 739 3573; x_wconf 85' lang='lat' dir='ltr'><strong>Petreius,</strong></span> <span class='ocrx_word' id='word_1_230' title='bbox 772 3520 825 3559; x_wconf 91' lang='lat' dir='ltr'><strong>et</strong></span> <span class='ocrx_word' id='word_1_231' title='bbox 857 3510 1024 3567; x_wconf 81' lang='lat' dir='ltr'><strong>trium,</strong></span> <span class='ocrx_word' id='word_1_232' title='bbox 1063 3524 1192 3575; x_wconf 84' lang='lat' dir='ltr'><strong>quas</strong></span> <span class='ocrx_word' id='word_1_233' title='bbox 1213 3506 1308 3557; x_wconf 78' lang='lat' dir='ltr'><strong>lia-</strong></span> 
     </span>
     <span class='ocr_line' id='line_1_39' title="bbox 269 3576 1309 3648; baseline -0.013 1"><span class='ocrx_word' id='word_1_234' title='bbox 269 3596 430 3648; x_wconf 83' lang='lat' dir='ltr'><strong>bebat</strong></span> <span class='ocrx_word' id='word_1_235' title='bbox 450 3590 726 3645; x_wconf 76' lang='lat' dir='ltr'><strong>Afranius,</strong></span> <span class='ocrx_word' id='word_1_236' title='bbox 749 3586 1026 3641; x_wconf 85' lang='lat' dir='ltr'><strong>Editiones</strong></span> <span class='ocrx_word' id='word_1_237' title='bbox 1047 3599 1168 3637; x_wconf 87' lang='lat' dir='ltr'><strong>ante</strong></span> <span class='ocrx_word' id='word_1_238' title='bbox 1187 3576 1309 3637; x_wconf 81' lang='lat' dir='ltr'><strong>Sca-</strong></span> 
     </span>
    </p>
   </div>
   <div class='ocr_carea' id='block_1_5' title="bbox 1377 954 2427 3661">
    <p class='ocr_par' dir='ltr' id='par_1_5' title="bbox 1377 954 2419 2367">
     <span class='ocr_line' id='line_1_40' title="bbox 1377 954 2407 1028; baseline 0.013 -23"><span class='ocrx_word' id='word_1_239' title='bbox 1377 954 1603 1026; x_wconf 84' lang='lat' dir='ltr'><strong>ligerum</strong></span> <span class='ocrx_word' id='word_1_240' title='bbox 1617 973 1801 1008; x_wconf 86' lang='lat' dir='ltr'><strong>omnes</strong></span> <span class='ocrx_word' id='word_1_241' title='bbox 1818 974 1831 1008; x_wconf 76' lang='grc' dir='ltr'><strong><em>ε</em></strong></span> <span class='ocrx_word' id='word_1_242' title='bbox 1852 960 1977 1008; x_wconf 79' lang='lat' dir='ltr'><strong>acies</strong></span> <span class='ocrx_word' id='word_1_243' title='bbox 1999 971 2107 1009; x_wconf 78' lang='lat' dir='ltr'><strong>erat</strong></span> <span class='ocrx_word' id='word_1_244' title='bbox 2124 960 2407 1028; x_wconf 77' lang='lat' dir='ltr'><strong>Afraniana</strong></span> 
     </span>
     <span class='ocr_line' id='line_1_41' title="bbox 1379 1035 2403 1108; baseline 0.011 -23"><span class='ocrx_word' id='word_1_245' title='bbox 1379 1035 1582 1104; x_wconf 74' lang='lat' dir='ltr'><strong>duplex,</strong></span> <span class='ocrx_word' id='word_1_246' title='bbox 1619 1036 1744 1104; x_wconf 78' lang='lat' dir='ltr'><strong>legio</strong></span> <span class='ocrx_word' id='word_1_247' title='bbox 1781 1054 1817 1087; x_wconf 83' lang='lat' dir='ltr'>v</span> <span class='ocrx_word' id='word_1_248' title='bbox 1847 1053 1897 1086; x_wconf 81' lang='lat' dir='ltr'><strong>ec</strong></span> <span class='ocrx_word' id='word_1_249' title='bbox 1936 1054 2022 1090; x_wconf 87' lang='lat'>111.</span> <span class='ocrx_word' id='word_1_250' title='bbox 2062 1040 2123 1091; x_wconf 86' lang='lat' dir='ltr'><strong>In</strong></span> <span class='ocrx_word' id='word_1_251' title='bbox 2156 1043 2403 1108; x_wconf 82' lang='lat' dir='ltr'><strong>subsidiis,</strong></span> 
     </span>
     <span class='ocr_line' id='line_1_42' title="bbox 1381 1115 2410 1175; baseline 0.011 -10"><span class='ocrx_word' id='word_1_252' title='bbox 1381 1117 1535 1166; x_wconf 85' lang='lat' dir='ltr'><strong>locum</strong></span> <span class='ocrx_word' id='word_1_253' title='bbox 1554 1116 1725 1166; x_wconf 77' lang='lat' dir='ltr'><strong>alarice</strong></span> <span class='ocrx_word' id='word_1_254' title='bbox 1742 1115 1957 1168; x_wconf 66' lang='lat' dir='ltr'><strong>cohor-tes</strong></span> <span class='ocrx_word' id='word_1_255' title='bbox 1973 1117 2262 1174; x_wconf 66' lang='lat' dir='ltr'><strong>abelae-bant.</strong></span> <span class='ocrx_word' id='word_1_256' title='bbox 2290 1123 2410 1175; x_wconf 84' lang='lat' dir='ltr'><strong>Fal·</strong></span> 
     </span>
     <span class='ocr_line' id='line_1_43' title="bbox 1379 1193 2411 1272; baseline 0.011 -27"><span class='ocrx_word' id='word_1_257' title='bbox 1379 1212 1471 1246; x_wconf 89' lang='lat' dir='ltr'><strong>so:</strong></span> <span class='ocrx_word' id='word_1_258' title='bbox 1497 1214 1623 1246; x_wconf 85' lang='lat' dir='ltr'><strong>nam</strong></span> <span class='ocrx_word' id='word_1_259' title='bbox 1648 1193 1774 1247; x_wconf 87' lang='lat' dir='ltr'><strong>inde</strong></span> <span class='ocrx_word' id='word_1_260' title='bbox 1799 1193 1929 1248; x_wconf 85' lang='lat' dir='ltr'><strong>duas</strong></span> <span class='ocrx_word' id='word_1_261' title='bbox 1948 1211 2151 1250; x_wconf 88' lang='lat' dir='ltr'><strong>tantum</strong></span> <span class='ocrx_word' id='word_1_262' title='bbox 2178 1201 2411 1272; x_wconf 79' lang='lat' dir='ltr'><strong>legiones</strong></span> 
     </span>
     <span class='ocr_line' id='line_1_44' title="bbox 1381 1274 2413 1349; baseline 0.012 -25"><span class='ocrx_word' id='word_1_263' title='bbox 1381 1274 1437 1325; x_wconf 89' lang='lat' dir='ltr'><strong>in</strong></span> <span class='ocrx_word' id='word_1_264' title='bbox 1468 1275 1627 1326; x_wconf 87' lang='lat' dir='ltr'><strong>armis</strong></span> <span class='ocrx_word' id='word_1_265' title='bbox 1657 1288 1772 1328; x_wconf 88' lang='lat' dir='ltr'><strong>tum</strong></span> <span class='ocrx_word' id='word_1_266' title='bbox 1804 1275 1964 1328; x_wconf 82' lang='lat' dir='ltr'><strong>fuisse</strong></span> <span class='ocrx_word' id='word_1_267' title='bbox 1994 1293 2334 1349; x_wconf 81' lang='lat' dir='ltr'><strong>sequeretur3</strong></span> <span class='ocrx_word' id='word_1_268' title='bbox 2359 1295 2413 1336; x_wconf 89' lang='lat' dir='ltr'><strong>at</strong></span> 
     </span>
     <span class='ocr_line' id='line_1_45' title="bbox 1383 1354 2412 1425; baseline 0.013 -22"><span class='ocrx_word' id='word_1_269' title='bbox 1383 1354 1569 1405; x_wconf 86' lang='lat' dir='ltr'><strong>saltem</strong></span> <span class='ocrx_word' id='word_1_270' title='bbox 1614 1355 1850 1425; x_wconf 88' lang='lat' dir='ltr'><strong>quinque</strong></span> <span class='ocrx_word' id='word_1_271' title='bbox 1889 1369 2053 1409; x_wconf 88' lang='lat' dir='ltr'><strong>erant.</strong></span> <span class='ocrx_word' id='word_1_272' title='bbox 2097 1359 2412 1417; x_wconf 87' lang='lat' dir='ltr'><strong>Ciacconius</strong></span> 
     </span>
     <span class='ocr_line' id='line_1_46' title="bbox 1382 1433 2413 1511; baseline 0.011 -28"><span class='ocrx_word' id='word_1_273' title='bbox 1382 1451 1510 1484; x_wconf 84' lang='lat' dir='ltr'><strong>vero</strong></span> <span class='ocrx_word' id='word_1_274' title='bbox 1520 1433 1943 1486; x_wconf 82' lang='lat' dir='ltr'><strong>emendationem</strong></span> <span class='ocrx_word' id='word_1_275' title='bbox 1953 1440 2413 1511; x_wconf 84' lang='lat' dir='ltr'><strong>proposuit,quam</strong></span> 
     </span>
     <span class='ocr_line' id='line_1_47' title="bbox 1383 1513 2413 1587; baseline 0.014 -23"><span class='ocrx_word' id='word_1_276' title='bbox 1383 1513 1550 1564; x_wconf 88' lang='lat' dir='ltr'><strong>secuti</strong></span> <span class='ocrx_word' id='word_1_277' title='bbox 1570 1526 1695 1565; x_wconf 88' lang='lat' dir='ltr'><strong>sunt</strong></span> <span class='ocrx_word' id='word_1_278' title='bbox 1721 1513 2069 1587; x_wconf 89' lang='lat' dir='ltr'><strong>Oudendorp.</strong></span> <span class='ocrx_word' id='word_1_279' title='bbox 2088 1556 2105 1582; x_wconf 91' lang='lat'><strong><em>‚</em></strong></span> <span class='ocrx_word' id='word_1_280' title='bbox 2130 1519 2333 1586; x_wconf 65' lang='lat' dir='ltr'><strong>Clark„</strong></span> <span class='ocrx_word' id='word_1_281' title='bbox 2359 1535 2413 1578; x_wconf 85' lang='lat' dir='ltr'><strong>et</strong></span> 
     </span>
     <span class='ocr_line' id='line_1_48' title="bbox 1386 1579 2414 1664; baseline 0.01 -22"><span class='ocrx_word' id='word_1_282' title='bbox 1386 1593 1473 1643; x_wconf 87' lang='lat' dir='ltr'><strong>alii</strong></span> <span class='ocrx_word' id='word_1_283' title='bbox 1494 1579 1839 1646; x_wconf 59' lang='lat' dir='ltr'><strong>recenfiores:</strong></span> <span class='ocrx_word' id='word_1_284' title='bbox 1858 1598 1983 1646; x_wconf 84' lang='lat' dir='ltr'><strong>acies</strong></span> <span class='ocrx_word' id='word_1_285' title='bbox 2000 1609 2106 1646; x_wconf 83' lang='lat' dir='ltr'><strong>erat</strong></span> <span class='ocrx_word' id='word_1_286' title='bbox 2129 1598 2414 1664; x_wconf 78' lang='lat' dir='ltr'><strong>Afraniana</strong></span> 
     </span>
     <span class='ocr_line' id='line_1_49' title="bbox 1385 1673 2415 1748; baseline 0.01 -25"><span class='ocrx_word' id='word_1_287' title='bbox 1385 1673 1563 1741; x_wconf 60' lang='lat' dir='ltr'><strong>dupla}</strong></span> <span class='ocrx_word' id='word_1_288' title='bbox 1594 1673 1831 1742; x_wconf 76' lang='lat' dir='ltr'><strong>legionum</strong></span> <span class='ocrx_word' id='word_1_289' title='bbox 1873 1679 2077 1748; x_wconf 81' lang='lat' dir='ltr'><strong>quinque</strong></span> <span class='ocrx_word' id='word_1_290' title='bbox 2089 1697 2109 1738; x_wconf 89' lang='lat'><em>;</em></span> <span class='ocrx_word' id='word_1_291' title='bbox 2144 1683 2330 1732; x_wconf 80' lang='lat' dir='ltr'><strong>tertium</strong></span> <span class='ocrx_word' id='word_1_292' title='bbox 2365 1685 2415 1734; x_wconf 82' lang='lat' dir='ltr'><strong>in</strong></span> 
     </span>
     <span class='ocr_line' id='line_1_50' title="bbox 1385 1752 2414 1812; baseline 0.009 -9"><span class='ocrx_word' id='word_1_293' title='bbox 1385 1752 1608 1803; x_wconf 81' lang='lat' dir='ltr'><strong>subsidiis</strong></span> <span class='ocrx_word' id='word_1_294' title='bbox 1642 1753 1797 1804; x_wconf 79' lang='lat' dir='ltr'><strong>locum</strong></span> <span class='ocrx_word' id='word_1_295' title='bbox 1836 1755 2007 1806; x_wconf 78' lang='lat' dir='ltr'><strong>alat-ia:</strong></span> <span class='ocrx_word' id='word_1_296' title='bbox 2045 1758 2259 1809; x_wconf 74' lang='lat' dir='ltr'><strong>cohortes</strong></span> <span class='ocrx_word' id='word_1_297' title='bbox 2288 1761 2414 1812; x_wconf 79' lang='lat' dir='ltr'><strong>obei-</strong></span> 
     </span>
     <span class='ocr_line' id='line_1_51' title="bbox 1387 1831 2413 1905; baseline 0.013 -23"><span class='ocrx_word' id='word_1_298' title='bbox 1387 1831 1577 1883; x_wconf 81' lang='lat' dir='ltr'><strong>neba&#39;nt.</strong></span> <span class='ocrx_word' id='word_1_299' title='bbox 1609 1831 1711 1884; x_wconf 92' lang='lat' dir='ltr'><strong>Sed</strong></span> <span class='ocrx_word' id='word_1_300' title='bbox 1744 1831 1799 1884; x_wconf 90' lang='lat' dir='ltr'><strong>id</strong></span> <span class='ocrx_word' id='word_1_301' title='bbox 1832 1853 2045 1905; x_wconf 82' lang='lat' dir='ltr'><strong>quoque</strong></span> <span class='ocrx_word' id='word_1_302' title='bbox 2079 1837 2267 1889; x_wconf 84' lang='lat' dir='ltr'><strong>falsum</strong></span> <span class='ocrx_word' id='word_1_303' title='bbox 2300 1854 2413 1895; x_wconf 84' lang='lat' dir='ltr'><strong>est:</strong></span> 
     </span>
     <span class='ocr_line' id='line_1_52' title="bbox 1385 1911 2415 1990; baseline 0.01 -26"><span class='ocrx_word' id='word_1_304' title='bbox 1385 1930 1509 1964; x_wconf 87' lang='lat' dir='ltr'><strong>nam</strong></span> <span class='ocrx_word' id='word_1_305' title='bbox 1532 1911 1667 1962; x_wconf 89' lang='lat' dir='ltr'><strong>acies</strong></span> <span class='ocrx_word' id='word_1_306' title='bbox 1685 1913 1971 1966; x_wconf 78' lang='lat' dir='ltr'><strong>Afraniana</strong></span> <span class='ocrx_word' id='word_1_307' title='bbox 1997 1929 2107 1968; x_wconf 84' lang='lat' dir='ltr'><strong>erat</strong></span> <span class='ocrx_word' id='word_1_308' title='bbox 2136 1915 2333 1990; x_wconf 85' lang='lat' dir='ltr'><strong>duplex</strong></span> <span class='ocrx_word' id='word_1_309' title='bbox 2362 1937 2415 1976; x_wconf 88' lang='lat' dir='ltr'><strong>et</strong></span> 
     </span>
     <span class='ocr_line' id='line_1_53' title="bbox 1385 1991 2416 2052; baseline 0.011 -10"><span class='ocrx_word' id='word_1_310' title='bbox 1385 1993 1441 2042; x_wconf 82' lang='grc' dir='ltr'><strong>τὸ</strong></span> <span class='ocrx_word' id='word_1_311' title='bbox 1467 1996 1655 2041; x_wconf 81' lang='lat' dir='ltr'><strong>tertium</strong></span> <span class='ocrx_word' id='word_1_312' title='bbox 1680 1991 1832 2043; x_wconf 88' lang='lat' dir='ltr'><strong>locum</strong></span> <span class='ocrx_word' id='word_1_313' title='bbox 1853 1991 2110 2047; x_wconf 85' lang='lat' dir='ltr'><strong>indicaret</strong></span> <span class='ocrx_word' id='word_1_314' title='bbox 2135 1998 2300 2050; x_wconf 86' lang='lat' dir='ltr'><strong>aciem</strong></span> <span class='ocrx_word' id='word_1_315' title='bbox 2328 2005 2416 2052; x_wconf 81' lang='lat' dir='ltr'><strong>tri-</strong></span> 
     </span>
     <span class='ocr_line' id='line_1_54' title="bbox 1379 2071 2419 2146; baseline 0.013 -27"><span class='ocrx_word' id='word_1_316' title='bbox 1379 2071 1555 2141; x_wconf 84' lang='lat' dir='ltr'><strong>plicem</strong></span> <span class='ocrx_word' id='word_1_317' title='bbox 1573 2090 1593 2121; x_wconf 90' lang='lat'><strong>.·</strong></span> <span class='ocrx_word' id='word_1_318' title='bbox 1611 2090 1736 2140; x_wconf 87' lang='lat' dir='ltr'><strong>ergo</strong></span> <span class='ocrx_word' id='word_1_319' title='bbox 1760 2091 1868 2124; x_wconf 90' lang='lat' dir='ltr'><strong>non</strong></span> <span class='ocrx_word' id='word_1_320' title='bbox 1891 2086 2024 2126; x_wconf 88' lang='lat' dir='ltr'><strong>esset</strong></span> <span class='ocrx_word' id='word_1_321' title='bbox 2044 2073 2241 2146; x_wconf 88' lang='lat' dir='ltr'><strong>duplex</strong></span> <span class='ocrx_word' id='word_1_322' title='bbox 2269 2081 2419 2134; x_wconf 86' lang='lat' dir='ltr'><strong>Afra-</strong></span> 
     </span>
     <span class='ocr_line' id='line_1_55' title="bbox 1388 2149 2417 2225; baseline 0.011 -23"><span class='ocrx_word' id='word_1_323' title='bbox 1388 2150 1467 2202; x_wconf 89' lang='lat' dir='ltr'><strong>nii</strong></span> <span class='ocrx_word' id='word_1_324' title='bbox 1498 2150 1659 2214; x_wconf 83' lang='lat' dir='ltr'><strong>acieS,</strong></span> <span class='ocrx_word' id='word_1_325' title='bbox 1687 2149 1779 2202; x_wconf 90' lang='lat' dir='ltr'><strong>sed</strong></span> <span class='ocrx_word' id='word_1_326' title='bbox 1806 2153 2015 2221; x_wconf 81' lang='lat' dir='ltr'><strong>triplex.</strong></span> <span class='ocrx_word' id='word_1_327' title='bbox 2041 2155 2209 2225; x_wconf 90' lang='lat' dir='ltr'><strong>Lipsii</strong></span> <span class='ocrx_word' id='word_1_328' title='bbox 2237 2177 2417 2212; x_wconf 88' lang='lat' dir='ltr'><strong>emen-</strong></span> 
     </span>
     <span class='ocr_line' id='line_1_56' title="bbox 1387 2228 2419 2299; baseline 0.013 -19"><span class='ocrx_word' id='word_1_329' title='bbox 1387 2228 1534 2280; x_wconf 85' lang='lat' dir='ltr'><strong>datio</strong></span> <span class='ocrx_word' id='word_1_330' title='bbox 1562 2229 1817 2284; x_wconf 86' lang='lat' dir='ltr'><strong>sincerior</strong></span> <span class='ocrx_word' id='word_1_331' title='bbox 1850 2231 2091 2299; x_wconf 86' lang='lat' dir='ltr'><strong>videtur,</strong></span> <span class='ocrx_word' id='word_1_332' title='bbox 2138 2236 2240 2288; x_wconf 90' lang='lat' dir='ltr'><strong>nisi</strong></span> <span class='ocrx_word' id='word_1_333' title='bbox 2268 2240 2419 2294; x_wconf 80' lang='lat' dir='ltr'><strong>malis</strong></span> 
     </span>
     <span class='ocr_line' id='line_1_57' title="bbox 1386 2308 2195 2367; baseline 0.007 -7"><span class='ocrx_word' id='word_1_334' title='bbox 1386 2309 1668 2361; x_wconf 86' lang='lat' dir='ltr'><strong>lectionem</strong></span> <span class='ocrx_word' id='word_1_335' title='bbox 1695 2308 1943 2362; x_wconf 89' lang='lat' dir='ltr'><strong>codicum</strong></span> <span class='ocrx_word' id='word_1_336' title='bbox 1968 2331 2195 2367; x_wconf 85' lang='lat' dir='ltr'><strong>servare.</strong></span> 
     </span>
    </p>

    <p class='ocr_par' dir='ltr' id='par_1_6' title="bbox 1389 2387 2427 3661">
     <span class='ocr_line' id='line_1_58' title="bbox 1483 2387 2421 2466; baseline 0.011 -26"><span class='ocrx_word' id='word_1_337' title='bbox 1483 2408 1533 2440; x_wconf 65' lang='grc' dir='ltr'><strong>α.</strong></span> <span class='ocrx_word' id='word_1_338' title='bbox 1578 2387 1681 2440; x_wconf 86' lang='lat' dir='ltr'><strong>Sed</strong></span> <span class='ocrx_word' id='word_1_339' title='bbox 1712 2395 1920 2458; x_wconf 76' lang='lat' dir='ltr'><strong>primam</strong></span> <span class='ocrx_word' id='word_1_340' title='bbox 1976 2396 2124 2443; x_wconf 81' lang='lat' dir='ltr'><strong>aciem</strong></span> <span class='ocrx_word' id='word_1_341' title='bbox 2176 2408 2421 2466; x_wconf 63' lang='lat' dir='ltr'><strong>quaternas</strong></span> 
     </span>
     <span class='ocr_line' id='line_1_59' title="bbox 1389 2468 2423 2543; baseline 0.013 -24"><span class='ocrx_word' id='word_1_342' title='bbox 1389 2468 1602 2519; x_wconf 77' lang='lat' dir='ltr'><strong>cohortes</strong></span> <span class='ocrx_word' id='word_1_343' title='bbox 1636 2489 1695 2521; x_wconf 80' lang='lat' dir='ltr'><strong>ex</strong></span> <span class='ocrx_word' id='word_1_344' title='bbox 1743 2474 1947 2543; x_wconf 82' lang='lat' dir='ltr'><strong>quinque</strong></span> <span class='ocrx_word' id='word_1_345' title='bbox 2000 2471 2280 2541; x_wconf 71' lang='lat' dir='ltr'><strong>legionibus.</strong></span> <span class='ocrx_word' id='word_1_346' title='bbox 2338 2478 2423 2533; x_wconf 81' lang='lat' dir='ltr'><strong>Ita</strong></span> 
     </span>
     <span class='ocr_line' id='line_1_60' title="bbox 1389 2548 2419 2623; baseline 0.011 -24"><span class='ocrx_word' id='word_1_347' title='bbox 1389 2560 1533 2600; x_wconf 88' lang='lat' dir='ltr'><strong>recte</strong></span> <span class='ocrx_word' id='word_1_348' title='bbox 1555 2567 1619 2599; x_wconf 86' lang='lat' dir='ltr'><strong>ex</strong></span> <span class='ocrx_word' id='word_1_349' title='bbox 1653 2562 1837 2601; x_wconf 90' lang='lat' dir='ltr'><strong>nostro</strong></span> <span class='ocrx_word' id='word_1_350' title='bbox 1860 2548 1977 2602; x_wconf 86' lang='lat' dir='ltr'><strong>cod.</strong></span> <span class='ocrx_word' id='word_1_351' title='bbox 2015 2551 2163 2620; x_wconf 85' lang='lat'><em>5768</em></span> <span class='ocrx_word' id='word_1_352' title='bbox 2188 2553 2278 2607; x_wconf 91' lang='lat' dir='ltr'><strong>:id</strong></span> <span class='ocrx_word' id='word_1_353' title='bbox 2311 2570 2419 2623; x_wconf 87' lang='lat' dir='ltr'><strong>est,</strong></span> 
     </span>
     <span class='ocr_line' id='line_1_61' title="bbox 1389 2628 2421 2706; baseline 0.011 -29"><span class='ocrx_word' id='word_1_354' title='bbox 1389 2628 1566 2698; x_wconf 90' lang='lat' dir='ltr'><strong>prima</strong></span> <span class='ocrx_word' id='word_1_355' title='bbox 1589 2629 1722 2680; x_wconf 90' lang='lat' dir='ltr'><strong>acies</strong></span> <span class='ocrx_word' id='word_1_356' title='bbox 1755 2629 1925 2681; x_wconf 89' lang='lat' dir='ltr'><strong>fuerat</strong></span> <span class='ocrx_word' id='word_1_357' title='bbox 1956 2631 2179 2683; x_wconf 86' lang='lat' dir='ltr'><strong>formata</strong></span> <span class='ocrx_word' id='word_1_358' title='bbox 2203 2652 2267 2686; x_wconf 85' lang='lat' dir='ltr'><strong>ex</strong></span> <span class='ocrx_word' id='word_1_359' title='bbox 2289 2655 2421 2706; x_wconf 87' lang='lat' dir='ltr'><strong>qua-</strong></span> 
     </span>
     <span class='ocr_line' id='line_1_62' title="bbox 1393 2707 2421 2781; baseline 0.012 -24"><span class='ocrx_word' id='word_1_360' title='bbox 1393 2719 1514 2758; x_wconf 90' lang='lat' dir='ltr'><strong>tuor</strong></span> <span class='ocrx_word' id='word_1_361' title='bbox 1572 2707 1881 2760; x_wconf 84' lang='lat' dir='ltr'><strong>cohortibus</strong></span> <span class='ocrx_word' id='word_1_362' title='bbox 1925 2711 2149 2781; x_wconf 87' lang='lat' dir='ltr'><strong>sumptis</strong></span> <span class='ocrx_word' id='word_1_363' title='bbox 2201 2732 2266 2765; x_wconf 81' lang='lat' dir='ltr'><strong>ex</strong></span> <span class='ocrx_word' id='word_1_364' title='bbox 2315 2734 2421 2769; x_wconf 85' lang='lat' dir='ltr'><strong>una</strong></span> 
     </span>
     <span class='ocr_line' id='line_1_63' title="bbox 1391 2786 2420 2865; baseline 0.013 -29"><span class='ocrx_word' id='word_1_365' title='bbox 1391 2805 1601 2857; x_wconf 84' lang='lat' dir='ltr'><strong>quaque</strong></span> <span class='ocrx_word' id='word_1_366' title='bbox 1619 2786 1825 2857; x_wconf 88' lang='lat' dir='ltr'><strong>legione</strong></span> <span class='ocrx_word' id='word_1_367' title='bbox 1846 2805 1859 2839; x_wconf 92' lang='lat'>:</span> <span class='ocrx_word' id='word_1_368' title='bbox 1880 2808 2047 2859; x_wconf 90' lang='lat' dir='ltr'><strong>quum</strong></span> <span class='ocrx_word' id='word_1_369' title='bbox 2068 2804 2241 2844; x_wconf 88' lang='lat' dir='ltr'><strong>autem</strong></span> <span class='ocrx_word' id='word_1_370' title='bbox 2262 2796 2420 2865; x_wconf 87' lang='lat' dir='ltr'><strong>quin·</strong></span> 
     </span>
     <span class='ocr_line' id='line_1_64' title="bbox 1392 2866 2421 2942; baseline 0.012 -26"><span class='ocrx_word' id='word_1_371' title='bbox 1392 2885 1495 2939; x_wconf 80' lang='lat' dir='ltr'><strong>que</strong></span> <span class='ocrx_word' id='word_1_372' title='bbox 1541 2866 1771 2937; x_wconf 85' lang='lat' dir='ltr'><strong>legiones</strong></span> <span class='ocrx_word' id='word_1_373' title='bbox 1816 2867 2033 2922; x_wconf 86' lang='lat' dir='ltr'><strong>haberet</strong></span> <span class='ocrx_word' id='word_1_374' title='bbox 2082 2870 2285 2942; x_wconf 80' lang='lat' dir='ltr'><strong>Caesar,</strong></span> <span class='ocrx_word' id='word_1_375' title='bbox 2327 2874 2421 2928; x_wconf 89' lang='lat' dir='ltr'><strong>de-</strong></span> 
     </span>
     <span class='ocr_line' id='line_1_65' title="bbox 1392 2947 2423 3017; baseline 0.01 -18"><span class='ocrx_word' id='word_1_376' title='bbox 1392 2947 1573 2999; x_wconf 86' lang='lat' dir='ltr'><strong>tractis</strong></span> <span class='ocrx_word' id='word_1_377' title='bbox 1608 2959 1838 3017; x_wconf 87' lang='lat' dir='ltr'><strong>quatuor</strong></span> <span class='ocrx_word' id='word_1_378' title='bbox 1868 2949 2178 3005; x_wconf 84' lang='lat' dir='ltr'><strong>cohortibus</strong></span> <span class='ocrx_word' id='word_1_379' title='bbox 2216 2972 2281 3007; x_wconf 88' lang='lat' dir='ltr'><strong>ex</strong></span> <span class='ocrx_word' id='word_1_380' title='bbox 2316 2975 2423 3009; x_wconf 87' lang='lat' dir='ltr'><strong>una</strong></span> 
     </span>
     <span class='ocr_line' id='line_1_66' title="bbox 1393 3028 2421 3101; baseline 0.012 -24"><span class='ocrx_word' id='word_1_381' title='bbox 1393 3045 1605 3097; x_wconf 88' lang='lat' dir='ltr'><strong>quaque</strong></span> <span class='ocrx_word' id='word_1_382' title='bbox 1650 3028 1888 3097; x_wconf 85' lang='lat' dir='ltr'><strong>legione,</strong></span> <span class='ocrx_word' id='word_1_383' title='bbox 1933 3030 2105 3101; x_wconf 86' lang='lat' dir='ltr'><strong>prima</strong></span> <span class='ocrx_word' id='word_1_384' title='bbox 2152 3034 2287 3087; x_wconf 90' lang='lat' dir='ltr'><strong>acies</strong></span> <span class='ocrx_word' id='word_1_385' title='bbox 2326 3036 2421 3088; x_wconf 85' lang='lat' dir='ltr'><strong>ha-</strong></span> 
     </span>
     <span class='ocr_line' id='line_1_67' title="bbox 1391 3106 2427 3175; baseline 0.011 -18"><span class='ocrx_word' id='word_1_386' title='bbox 1391 3107 1553 3157; x_wconf 88' lang='lat' dir='ltr'><strong>bebat</strong></span> <span class='ocrx_word' id='word_1_387' title='bbox 1592 3106 1783 3175; x_wconf 84' lang='lat' dir='ltr'><strong>viginti</strong></span> <span class='ocrx_word' id='word_1_388' title='bbox 1836 3108 2079 3162; x_wconf 88' lang='lat' dir='ltr'><strong>cohortes</strong></span> <span class='ocrx_word' id='word_1_389' title='bbox 2126 3130 2139 3165; x_wconf 90' lang='lat'>:</span> <span class='ocrx_word' id='word_1_390' title='bbox 2193 3114 2427 3167; x_wconf 88' lang='lat' dir='ltr'><strong>secunda</strong></span> 
     </span>
     <span class='ocr_line' id='line_1_68' title="bbox 1394 3187 2423 3249; baseline 0.012 -13"><span class='ocrx_word' id='word_1_391' title='bbox 1394 3187 1619 3237; x_wconf 87' lang='lat' dir='ltr'><strong>formata</strong></span> <span class='ocrx_word' id='word_1_392' title='bbox 1656 3198 1769 3238; x_wconf 89' lang='lat' dir='ltr'><strong>erat</strong></span> <span class='ocrx_word' id='word_1_393' title='bbox 1798 3206 1861 3241; x_wconf 91' lang='lat' dir='ltr'><strong>ex</strong></span> <span class='ocrx_word' id='word_1_394' title='bbox 1899 3188 2071 3242; x_wconf 87' lang='lat' dir='ltr'><strong>tribus</strong></span> <span class='ocrx_word' id='word_1_395' title='bbox 2115 3192 2423 3249; x_wconf 79' lang='lat' dir='ltr'><strong>cohortibus</strong></span> 
     </span>
     <span class='ocr_line' id='line_1_69' title="bbox 1395 3264 2425 3343; baseline 0.01 -27"><span class='ocrx_word' id='word_1_396' title='bbox 1395 3264 1687 3338; x_wconf 86' lang='lat' dir='ltr'><strong>desumptis</strong></span> <span class='ocrx_word' id='word_1_397' title='bbox 1723 3286 1785 3318; x_wconf 81' lang='lat' dir='ltr'><strong>ex</strong></span> <span class='ocrx_word' id='word_1_398' title='bbox 1816 3285 1923 3319; x_wconf 87' lang='lat' dir='ltr'><strong>una</strong></span> <span class='ocrx_word' id='word_1_399' title='bbox 1954 3286 2161 3341; x_wconf 88' lang='lat' dir='ltr'><strong>quaque</strong></span> <span class='ocrx_word' id='word_1_400' title='bbox 2191 3273 2425 3343; x_wconf 81' lang='lat' dir='ltr'><strong>legione3</strong></span> 
     </span>
     <span class='ocr_line' id='line_1_70' title="bbox 1395 3344 2424 3421; baseline 0.009 -24"><span class='ocrx_word' id='word_1_401' title='bbox 1395 3364 1521 3416; x_wconf 87' lang='lat' dir='ltr'><strong>ergo</strong></span> <span class='ocrx_word' id='word_1_402' title='bbox 1554 3344 1859 3421; x_wconf 81' lang='lat' dir='ltr'><strong>quindecim</strong></span> <span class='ocrx_word' id='word_1_403' title='bbox 1892 3348 2136 3402; x_wconf 91' lang='lat' dir='ltr'><strong>cohortes</strong></span> <span class='ocrx_word' id='word_1_404' title='bbox 2165 3350 2424 3407; x_wconf 84' lang='lat' dir='ltr'><strong>habebat:</strong></span> 
     </span>
     <span class='ocr_line' id='line_1_71' title="bbox 1395 3422 2427 3485; baseline 0.008 -8"><span class='ocrx_word' id='word_1_405' title='bbox 1395 3425 1468 3477; x_wconf 90' lang='lat' dir='ltr'><strong>ita</strong></span> <span class='ocrx_word' id='word_1_406' title='bbox 1491 3426 1647 3477; x_wconf 90' lang='lat' dir='ltr'><strong>tertia</strong></span> <span class='ocrx_word' id='word_1_407' title='bbox 1672 3426 1806 3478; x_wconf 91' lang='lat' dir='ltr'><strong>acies</strong></span> <span class='ocrx_word' id='word_1_408' title='bbox 1836 3445 1899 3479; x_wconf 87' lang='lat' dir='ltr'><strong>ex</strong></span> <span class='ocrx_word' id='word_1_409' title='bbox 1926 3430 2090 3482; x_wconf 89' lang='lat' dir='ltr'><strong>ternis</strong></span> <span class='ocrx_word' id='word_1_410' title='bbox 2114 3422 2427 3485; x_wconf 73' lang='lat' dir='ltr'><strong>cohortibus</strong></span> 
     </span>
     <span class='ocr_line' id='line_1_72' title="bbox 1397 3509 2426 3579; baseline 0.007 -24"><span class='ocrx_word' id='word_1_411' title='bbox 1397 3523 1512 3577; x_wconf 87' lang='lat' dir='ltr'><strong>quae</strong></span> <span class='ocrx_word' id='word_1_412' title='bbox 1539 3524 1602 3557; x_wconf 88' lang='lat' dir='ltr'><strong>ex</strong></span> <span class='ocrx_word' id='word_1_413' title='bbox 1634 3524 1736 3557; x_wconf 87' lang='lat' dir='ltr'><strong>una</strong></span> <span class='ocrx_word' id='word_1_414' title='bbox 1770 3525 1980 3577; x_wconf 87' lang='lat' dir='ltr'><strong>quaque</strong></span> <span class='ocrx_word' id='word_1_415' title='bbox 2004 3509 2211 3579; x_wconf 85' lang='lat' dir='ltr'><strong>legione</strong></span> <span class='ocrx_word' id='word_1_416' title='bbox 2241 3528 2426 3579; x_wconf 86' lang='lat' dir='ltr'><strong>super-</strong></span> 
     </span>
     <span class='ocr_line' id='line_1_73' title="bbox 1398 3585 2423 3661; baseline 0.008 -26"><span class='ocrx_word' id='word_1_417' title='bbox 1398 3598 1565 3637; x_wconf 90' lang='lat' dir='ltr'><strong>erant.</strong></span> <span class='ocrx_word' id='word_1_418' title='bbox 1578 3585 1728 3637; x_wconf 84' lang='lat' dir='ltr'><strong>Nihil</strong></span> <span class='ocrx_word' id='word_1_419' title='bbox 1743 3585 1936 3640; x_wconf 85' lang='lat' dir='ltr'><strong>clarius</strong></span> <span class='ocrx_word' id='word_1_420' title='bbox 1950 3588 2048 3641; x_wconf 86' lang='lat' dir='ltr'><strong>hac</strong></span> <span class='ocrx_word' id='word_1_421' title='bbox 2059 3589 2423 3661; x_wconf 82' lang='lat' dir='ltr'><strong>explicatione.</strong></span> 
     </span>
    </p>
   </div>
   <div class='ocr_carea' id='block_1_6' title="bbox 852 3683 1849 3759">
    <p class='ocr_par' dir='ltr' id='par_1_7' title="bbox 852 3683 1849 3759">
     <span class='ocr_line' id='line_1_74' title="bbox 852 3683 1849 3759; baseline -0.001 -19"><span class='ocrx_word' id='word_1_422' title='bbox 852 3685 1168 3759; x_wconf 82' lang='lat' dir='ltr'><strong>Specimen.</strong></span> <span class='ocrx_word' id='word_1_423' title='bbox 1189 3683 1474 3745; x_wconf 74' lang='lat' dir='ltr'><strong>exercitus</strong></span> <span class='ocrx_word' id='word_1_424' title='bbox 1504 3684 1849 3739; x_wconf 67' lang='lat' dir='ltr'><strong>Caesariani.</strong></span> 
     </span>
    </p>
   </div>
   <div class='ocr_carea' id='block_1_7' title="bbox 945 3855 1097 3863">
    <p class='ocr_par' dir='ltr' id='par_1_8' title="bbox 945 3855 1097 3863">
     <span class='ocr_line' id='line_1_75' title="bbox 945 3855 1097 3863; baseline 0 1162"><span class='ocrx_word' id='word_1_425' title='bbox 945 3855 1097 3863; x_wconf 95' lang='lat' dir='ltr'><strong> </strong></span> 
     </span>
    </p>
   </div>
   <div class='ocr_carea' id='block_1_8' title="bbox 360 3786 764 4404">
    <p class='ocr_par' dir='ltr' id='par_1_9' title="bbox 360 3786 764 4404">
     <span class='ocr_line' id='line_1_76' title="bbox 360 3786 764 4404; baseline 0 621"><span class='ocrx_word' id='word_1_426' title='bbox 360 3786 764 4404; x_wconf 95' lang='lat' dir='ltr'><strong> </strong></span> 
     </span>
    </p>
   </div>
   <div class='ocr_carea' id='block_1_9' title="bbox 1276 3852 1436 3861">
    <p class='ocr_par' dir='ltr' id='par_1_10' title="bbox 1276 3852 1436 3861">
     <span class='ocr_line' id='line_1_77' title="bbox 1276 3852 1436 3861; baseline 0 1164"><span class='ocrx_word' id='word_1_427' title='bbox 1276 3852 1436 3861; x_wconf 95' lang='lat' dir='ltr'><strong> </strong></span> 
     </span>
    </p>
   </div>
   <div class='ocr_carea' id='block_1_10' title="bbox 1487 3788 1983 4282">
    <p class='ocr_par' dir='ltr' id='par_1_11' title="bbox 1487 3788 1983 4282">
     <span class='ocr_line' id='line_1_78' title="bbox 1499 3788 1915 3961; baseline 0 -9"><span class='ocrx_word' id='word_1_428' title='bbox 1499 3788 1915 3961; x_wconf 57' lang='grc' dir='ltr'>φι-ᾔο</span> 
     </span>
     <span class='ocr_line' id='line_1_79' title="bbox 1495 4005 1940 4135; baseline 0.002 -28"><span class='ocrx_word' id='word_1_429' title='bbox 1495 4005 1940 4135; x_wconf 63' lang='grc' dir='ltr'><strong>ΟΓ-’ΞῙΟ</strong></span> 
     </span>
     <span class='ocr_line' id='line_1_80' title="bbox 1487 4170 1983 4282; baseline -0.002 -11"><span class='ocrx_word' id='word_1_430' title='bbox 1487 4170 1983 4282; x_wconf 57' lang='lat' dir='ltr'><strong>offilo</strong></span> 
     </span>
    </p>
   </div>
   <div class='ocr_carea' id='block_1_11' title="bbox 1961 3784 2354 4403">
    <p class='ocr_par' dir='ltr' id='par_1_12' title="bbox 1961 3784 2354 4403">
     <span class='ocr_line' id='line_1_81' title="bbox 1961 3784 2354 4403; baseline 0 622"><span class='ocrx_word' id='word_1_431' title='bbox 1961 3784 2354 4403; x_wconf 95' lang='lat' dir='ltr'><strong> </strong></span> 
     </span>
    </p>
   </div>
  </div>
 </body>
</html>
