3025 5025
650 474 805 571 476
1440 478 1590 545 DE
1641 474 1998 545 BELLo

646 606 849 701 pandi
878 594 903 696 [
934 591 1177 700 gratia³
1206 598 1233 697 ]
1271 604 1606 677 Labienus
1631 588 1980 677 consilium
2015 622 2320 704 ceperat,
2343 624 2449 698 et,
2471 634 2606 705 quo
2639 637 2798 707 pro·

645 715 831 807 piore
858 708 1007 783 loco
1049 712 1293 801 fuerat,
1326 738 1421 783 eo‘
1452 712 1728 785 celerius
1773 730 2178 785 occurrerat.
2353 732 2360 737 “

750 821 827 888 L.
884 820 1050 887 Erat
1096 819 1415 889 convallis
1432 874 1453 908 ‚
1510 822 1666 890 satis
1715 845 1957 915 magna
1986 820 2390 909 latitudine,
2445 821 2800 893 altitudine

643 924 981 1020 praerupta'
995 980 1014 1013 ‚
1042 926 1293 995 crebris
1327 926 1489 997 locis
1517 925 1850 1021 speluncae
1871 929 1944 995 in
1969 927 2245 997 modum
2281 928 2616 1018 subrutiS,
2647 955 2802 1023 quse

640 1046 833 1101 erant
866 1032 1443 1128 transgredienda¹
1474 1035 1722 1103 Caesari
1757 1048 1912 1102 ante
1925 1086 1944 1121 ‚
1967 1058 2170 1129 quam
2205 1034 2294 1103 ad
2322 1058 2478 1103 curn
2513 1034 2762 1105 collem
2777 1090 2798 1123 ‚

636 1162 839 1232 quem
884 1162 1123 1233 capere
1164 1138 1487 1228 volebat,·
1517 1138 2024 1234 perveniretur3
2075 1139 2386 1234 ultraque
2427 1164 2575 1209 eam
2617 1166 2798 1211 con-

640 1243 883 1313 vallem
918 1244 1233 1315 olivetum
1271 1260 1463 1315 vetus
1478 1298 1499 1333 ‚
1525 1246 1776 1315 crebris
1812 1246 2160 1315 arboribus
2185 1246 2620 1316 condensum.
2659 1250 2799 1317 Hic

640 1352 867 1445 quum'
886 1352 1220 1421 Labienus
1262 1351 1862 1441 animadvertisset,
1903 1353 2266 1439 Caesarem‚
2311 1355 2366 1422 si
2397 1350 2594 1422 vellet
2625 1378 2798 1421 eum

638 1455 861 1526 locum
900 1482 1233 1553 occupare
1246 1512 1266 1546 ‚
1305 1460 1491 1555 prius
1527 1484 1796 1529 necesse
1837 1484 1982 1529 esse
2023 1457 2397 1528 convallem
2433 1458 2800 1528 olivetum-

640 1588 775 1656 que,
818 1565 1223 1659 transgredi,
1267 1568 1503 1633 eorum'
1552 1564 1852 1633 locorum
1903 1568 2160 1659 peritus
2214 1566 2288 1633 in
2333 1564 2578 1635 insidiis
2617 1590 2798 1634 mm

640 1684 831 1763 parte
885 1674 1211 1765 equitatus
1260 1670 1520 1765 levique
1563 1686 1902 1741 armatura
1957 1671 2259 1741 consedit
2291 1696 2308 1741 τ
2351 1686 2418 1741 et
2458 1684 2800 1767 praeterm

578 1804 593 1814 ·
642 1790 797 1871 post
838 1792 1134 1847 montem
1178 1777 1507 1871 collesque
1522 1776 1542 1802 ²
1589 1778 1844 1871 equites
1883 1779 1952 1846 in
1995 1777 2264 1847 occulto
2307 1776 2804 1863 collocaverat,

642 1896 718 1951 ut
736 1937 757 1970 ‚
792 1908 999 1976 quum
1034 1886 1173 1978 ipse
1206 1908 1286 1951 ex
1324 1885 1690 1978 improviso
1732 1882 2126 1978 legionarios
2162 1883 2433 1953 adortus
2465 1898 2646 1953 esset
2659 1938 2686 1970 ‚
2719 1909 2800 1953 ex

638 1987 811 2057 colle
858 2014 929 2057 se
974 1992 1329 2084 equitatus
1354 1988 1735 2059 ostenderet
1760 2042 1782 2076 ,
1824 2004 1892 2059 et
1931 2014 2006 2058 re
2059 1988 2307 2084 duplici
2359 1990 2802 2084 perturbatus

642 2096 867 2163 Caesar
904 2096 1175 2190 ejusque
1210 2096 1538 2165 exercitus
1552 2148 1573 2183 ‚
1611 2102 1832 2190 neque
1867 2110 2048 2165 retro
2087 2094 2536 2190 regrediendi,
2561 2121 2800 2191 neque

644 2199 818 2269 ultra
852 2202 1255 2296 procedendi
1290 2202 1515 2271 oblata
1559 2200 1873 2271 facultate
1886 2256 1907 2289 ‚
1941 2203 2435 2271 circumventus
2473 2202 2798 2273 concide·

646 2322 845 2375 retur.
886 2311 1142 2397 Caesar,
1172 2312 1473 2403 equitatu
1510 2323 1664 2377 ante
1707 2310 2079 2403 praemisso,
2111 2310 2356 2379 inscius
2391 2308 2796 2381 insidiarum

642 2438 849 2507 quum
892 2415 981 2483 ad
1016 2440 1169 2485 eum
1208 2415 1427 2486 locum
1464 2417 1756 2487 venisset
1773 2467 1794 2502 ,
1837 2401 2062 2484 abusi3
2101 2416 2241 2485 sive
2275 2413 2464 2485 obliti
2498 2438 2800 2513 praecep·

646 2615 771 2684 quia
800 2617 966 2672 lector
1006 2619 1119 2690 ipse
1149 2630 1323 2690 potest
1352 2617 1664 2690 intelligere.

646 2693 723 2746 Μ.
775 2697 1013 2750 Putarim
1057 2699 1311 2769 scriptum
1358 2697 1517 2750 fuisse
1561 2697 1662 2757 illi,

648 2773 790 2828 unde
819 2777 1024 2829 librarii
1049 2779 1323 2830 oscitantia
1347 2778 1545 2830 factum
1569 2776 1660 2838 ibi,

644 2865 697 2904 et
738 2854 951 2908 tandem
997 2858 1220 2930 repetita
1263 2857 1450 2910 ultima
1489 2856 1669 2908 littera

645 2935 790 2986 vocis
808 2935 1031 3006 praeced.
1051 2937 1160 2991 sibi.
1181 2937 1312 2990 Aliis
1332 2937 1530 3008 placet,
1547 2953 1671 3007 pro-

643 3031 839 3066 nomen
874 3017 1154 3069 relativum
1198 3036 1298 3089 pro
1338 3014 1668 3068 demonstra-

644 3093 757 3145 tivo
790 3095 938 3164 poni.
965 3097 1083 3161 Qua
1122 3095 1190 3149 de
1220 3115 1281 3148 re
1314 3117 1363 3147 v.
1398 3095 1668 3148 Sanctium

626 3184 701 3246 ¹et
730 3174 972 3228 Perizon.
1003 3177 1059 3228 in
1090 3175 1223 3230 Min.
1256 3195 1301 3230 11
1318 3214 1335 3242 ,
1360 3195 1457 3240 υ,
1482 3186 1669 3228 contra

648 3271 782 3326 quos
807 3268 1007 3326 pugnat
1038 3255 1281 3310 Clarkius
1299 3254 1369 3308 ad
1391 3253 1503 3308 Bel.
1517 3253 1596 3309 G.
1615 3273 1638 3320 ίῐ
1654 3295 1669 3321 ,

654 3352 747 3400 ὀ,
777 3347 828 3387 et
862 3333 927 3387 ad
958 3335 1014 3388 h.
1048 3335 1083 3388 l.
1116 3335 1218 3388 ΟΒ.

630 3405 637 3412 “
730 3413 782 3466 3.
823 3415 1017 3468 Gratia.
1060 3415 1177 3468 Hoc
1217 3411 1332 3467 tolli
1360 3413 1476 3467 vult
1515 3414 1668 3466 Clar-

644 3489 783 3546 kius.
836 3495 967 3548 Idem
1009 3495 1143 3549 collis
1190 3513 1334 3548 nunc
1376 3506 1483 3558 est,
1523 3492 1668 3546 idem

645 3571 735 3624 ille
757 3613 771 3638 ,
816 3594 973 3644 quem
1025 3575 1198 3628 Caesar
1252 3586 1567 3646 occuparat,
1608 3585 1670 3626 ut

630 3651 891 3705 Clarkius
918 3646 1077 3707 vidit.'
1108 3655 1185 3706 Μ.

730 3731 857 3786 ΟΛ».
890 3735 952 3785 L.
986 3753 1033 3788 1.
1063 3733 1233 3788 Erant
1254 3733 1667 3803 transgmessenda.

648 3811 753 3862 Alii
810 3815 1114 3867 transeunda.
1170 3815 1279 3868 scil.
1337 3811 1468 3865 loca.
1521 3813 1669 3866 Male

648 3889 875 3964 Scaliger
905 3891 1043 3945 erant
1075 3893 1494 3964 transgrediendae.
1533 3891 1670 3944 Nam

648 3969 799 4024 vallis
825 3986 876 4025 et
908 3973 1008 4026 alia
1035 3987 1185 4026 erant
1218 3970 1668 4044 transgredienda.

735 4069 785 4103 a.
819 4053 897 4104 Et
915 4065 1152 4124 praeterea
1179 4066 1295 4126 post
1330 4065 1532 4107 montem
1569 4048 1670 4104 col-

648 4127 820 4198 lesque.
860 4133 942 4185 Ita
968 4133 1173 4204 phrasis
1197 4133 1301 4187 ista-
1330 4151 1452 4206 pars
1476 4131 1670 4202 legitur

1754 2635 1836 2688 ap.
1869 2615 2030 2670 codd.
2057 2636 2072 2670 ε
2104 2628 2156 2668 et
2175 2627 2412 2688 praterea
2434 2629 2551 2687 post
2573 2629 2793 2671 monte-

1754 2695 1986 2768 collesque
2014 2697 2170 2748 subito
2191 2717 2242 2747 se
2267 2695 2456 2749 Caesari
2482 2699 2792 2761 ostenderat,

1753 2787 1803 2825 et
1827 2781 2031 2850 equites,
2062 2790 2160 2830 etc.
2186 2770 2397 2838 (noster
2413 2773 2536 2831 cod.
2567 2777 2789 2848 5768);

1752 2855 1866 2920 vel,
1882 2869 1939 2907 ut
1953 2870 2188 2927 praeterea
2199 2867 2316 2928 post
2330 2869 2534 2908 montem
2551 2859 2794 2932 collesque

1752 2933 1908 2988 subito
1931 2957 1981 2987 se
2021 2935 2209 2988 Coesan‘
2245 2937 2510 2988 ostenderet
2523 2976 2540 2998 ,
2576 2944 2792 3010 equites,

1753 3028 1851 3068 etc.
1882 3010 2056 3078 (cod.
2085 3017 2149 3068 R.
2185 3013 2387 3085 5764).
2421 3015 2592 3070 Unde
2625 3037 2794 3089 quum

1751 3093 1865 3146 haec
1919 3097 2079 3148 verba
2135 3095 2482 3166 tautologiam
2529 3097 2795 3150 offerrent

1741 3173 2044 3245 ‘ingratam3
2069 3193 2192 3226 nam
2211 3175 2374 3246 paulo
2396 3189 2522 3246 post
2547 3175 2791 3230 dicitur:

1754 3265 1809 3305 ut
1920 3258 1965 3305 εἰ
1993 3259 2230 3328 equitatus
2263 3255 2568 3318 ostenderet,·
2588 3257 2795 3329 placuit

1752 3333 2129 3406 interpretibus
2182 3353 2244 3386 ea
2304 3335 2473 3387 veluti
2528 3337 2792 3408 glossema

1753 3413 2024 3484 quoddam
2038 3415 2282 3484 rejicere3
2299 3434 2366 3466 an
2379 3415 2521 3467 hene
2541 3436 2611 3467 an
2632 3418 2792 3483 male,

1753 3494 1948 3546 nescio.
1980 3493 2267 3548 obex-linus
2306 3495 2445 3546 hanc
2472 3497 2794 3549 varietatem

1754 3571 1964 3625 silentio
1995 3573 2268 3646 praeteriit.

1838 3653 1888 3706 3.
1940 3653 2118 3706 Abusi.
2155 3653 2401 3705 Verbum
2446 3665 2791 3724 corruptum.

1755 3731 2118 3804 Glandorpius
2152 3733 2272 3803 ejici
2301 3733 2433 3786 vult.
2478 3733 2557 3786 M.
2603 3735 2794 3786 Davis.

1743 3813 1908 3886 'putat
1937 3809 2040 3884 leg.
2072 3817 2154 3864 isti
2175 3813 2261 3865 vel
2291 3813 2465 3864 hostes.
2497 3811 2796 3866 Goduinus

1755 3893 2057 3946 Labieniani.
2098 3889 2202 3944 Sed
2243 3905 2360 3946 tum
2397 3911 2499 3964 pro
2537 3891 2758 3943 Labie-3
2773 3933 2789 3952 ,

1755 3971 1902 4046 quod
1963 3973 2202 4044 sequitur
2226 4011 2243 4038 ‚
2296 3971 2538 4025 dicturus
2593 3971 2792 4024 fuisset

1755 4051 1963 4105 Hirtius
1989 4053 2124 4105 ducis
2153 4056 2245 4107 sui.
2265 4051 2512 4106 latinius
2537 4051 2638 4120 legi
2661 4050 2792 4103 vult

1758 4131 2004 4186 Numidoe.
