3025 5025
678 430 817 496 DE
873 429 1220 497 BELLO
1277 429 1650 500 CIVILI.
1709 430 1899 498 LIB.
1955 432 2103 500 111.
2177 477 2180 481 -

2342 429 2480 501 231

333 557 510 624 circa
551 573 856 630 montem
903 561 1243 628 Amanum
1287 563 1577 655 acceptis
1600 615 1619 650 ‚
1665 586 1805 630 sese
1850 563 2325 658 imperatorem
2366 587 2492 658 ap-

337 662 720 755 pellaverat.
785 667 943 756 Quo
1005 665 1185 736 facto
1220 720 1239 754 ,
1301 668 1680 736 civitatibus
1742 671 2169 762 tyrannisque
2217 692 2493 764 magnas

332 770 782 864 imperaverat
833 773 1150 866 pecunias
1189 798 1204 842 ε
1252 773 1410 842 item
1457 797 1498 842 a
1528 774 1901 868 publicanis
1956 800 2087 844 suae
2132 777 2493 870 provinciae

327 873 626 947 debitam
665 879 920 948 biennii
961 881 1317 974 pecuniam
1377 896 1725 976 exegerat,
1769 895 1837 950 et
1879 881 1964 950 ab
2014 881 2263 950 eisdem
2311 883 2491 951 inse-

329 986 592 1074 quentis
635 987 794 1056 anni
847 1001 1152 1056 mutuam
1208 1002 1623 1083 praeceperat
1646 985 1691 1076 ²,
1730 989 2117 1082 equitesque
2166 989 2289 1056 toti
2327 1014 2492 1083 pro-

331 1089 562 1162 vinciae
621 1093 1085 1187 imperaverat.
1157 1094 1424 1183 Quibus
1481 1095 1728 1163 coactis
1759 1147 1779 1184 ,
1837 1093 2131 1178 finitimis
2190 1093 2493 1164 hostibus

329 1181 636 1266 Parthis³
690 1214 844 1293 post
911 1224 980 1270 se
1035 1197 1319 1289 relictis,
1373 1203 1489 1294 qui
1546 1199 1772 1294 paullo
1824 1214 1978 1270 ante
2024 1203 2119 1269 M.
2176 1201 2493 1270 Crassum

329 1379 437 1446 Qui
455 1394 624 1453 typus
643 1381 879 1435 Africam
897 1381 1134 1436 denotat.
1154 1383 1208 1435 Is
1226 1382 1370 1436 solus

317 1477 586 1519 ,nummus
601 1459 671 1514 ad
688 1481 804 1515 rem
819 1463 1052 1529 veniret,
1067 1463 1172 1516 nisi
1200 1464 1371 1516 ambi-

331 1558 464 1609 guus
497 1554 668 1609 esset,
683 1561 846 1614 quem
865 1553 987 1596 ante
1005 1543 1267 1614 expressit
1286 1543 1370 1596 J0.

335 1620 392 1670 V
383 1622 590 1685 aillant,
607 1634 646 1675 t.
663 1640 712 1688 1,
732 1642 786 1696 p.
815 1642 837 1676 1
851 1642 920 1692 9²
937 1661 954 1688 ,
975 1624 1108 1690 scil.,
1130 1636 1191 1676 ut
1208 1622 1372 1676 modo

333 1697 571 1754 diximus
581 1741 598 1768 ,
628 1715 790 1774 caput
820 1703 1033 1775 pietatis
1072 1716 1195 1756 ante
1223 1702 1372 1775 quod

333 1781 570 1848 ciconia,
602 1782 802 1853 absque
845 1782 1012 1855 epigr.
1043 1801 1057 1836 ε
1089 1784 1148 1835 in
1191 1802 1373 1836 aversa

329 1875 480 1930 parte
512 1863 646 1916 ῙΜΡ.
686 1863 744 1915 in
774 1863 974 1916 laurea.
1013 1861 1246 1928 Quidam
1277 1883 1372 1917 au-

336 1953 441 1992 tem
456 1979 472 2006 ,
486 1961 659 2012 quum
673 1941 965 1995 ridiculum
977 1943 1218 2015 putarint
1229 1981 1245 2010 ‚
1260 1943 1373 1996 Sci-

335 2021 555 2092 pionem
575 2023 648 2074 01)
671 2020 993 2076 detrimenta
1011 2041 1122 2076 sese
1141 2023 1373 2094 impera·

332 2112 508 2154 torem
514 2101 809 2170 vocavisset,
820 2101 1108 2158 emendave
1115 2115 1241 2158 runt
1251 2122 1374 2154 emo·

321 2181 555 2254 ‘lumentis
570 2201 590 2234 .·
634 2201 954 2255 perperam;
987 2184 1195 2238 hostem
1221 2183 1374 2240 ,enim

337 2259 760 2315 infensissimum
791 2261 1152 2316 deridendum
1191 2263 1374 2334 propi-

334 2353 423 2393 nat
467 2342 675 2407 Caesar,
705 2341 854 2414 quod
899 2362 1008 2396 sese
1053 2344 1127 2396 01)
1179 2341 1374 2396 damna

336 2421 718 2492 imperatorem
765 2423 1125 2495 appellaverat
1147 2460 1164 2486 ,
1205 2441 1374 2494 quum

335 2500 426 2553 alii
451 2501 523 2553 ob
549 2502 806 2556 maximas
828 2523 912 2557 res
935 2516 1104 2575 gestas
1121 2540 1138 2568 ‚
1165 2500 1229 2555 et*
1243 2503 1374 2556 insi·

336 2600 462 2650 gnes
495 2580 746 2635 victorias
783 2583 889 2639 hoc
919 2584 1141 2637 nomine
1171 2583 1375 2637 fuerint

337 2661 566 2715 salutati.
587 2662 674 2715 Sic
693 2663 803 2716 fere
824 2682 878 2717 se
892 2664 1052 2734 gessit
1075 2664 1368 2726 Antonius,

337 2741 458 2811 qui,
489 2754 622 2795 teste
647 2744 860 2795 Velleio
888 2743 1170 2797 Paterculo
1190 2782 1204 2811 ,
1225 2745 1262 2797 l.
1292 2760 1372 2809 11,

337 2839 381 2873 c.
411 2824 484 2875 82
501 2860 517 2890 ,
531 2824 714 2891 fugam
737 2842 903 2884 suam,
926 2828 1042 2895 quia
1071 2828 1212 2879 vivus
1243 2827 1372 2875 exie-

337 2912 440 2964 rat,
495 2905 756 2975 victoriam
811 2904 1024 2955 ‘vocabat
1053 2923 1071 2956 .·
1099 2921 1372 2975 quumque

337 2980 476 3033 circa
494 2982 764 3036 Amanum
783 2984 962 3037 hostes
980 2995 1154 3036 essent
1176 2986 1372 3037 Roma-

339 3079 534 3114 norum
557 3063 907 3135 sempiterni,
932 3075 994 3115 ut
1018 3062 1176 3115 docet
1199 3065 1371 3118 Cicer.

343 3140 408 3193 ad
447 3142 642 3211 Attio„
667 3143 764 3196 lib.
796 3162 866 3211 v,
903 3163 988 3215 ep.
1029 3160 1136 3207 203
1164 3148 1374 3197 victoria

338 3237 368 3271 a
393 3221 646 3293 Scipione
669 3222 995 3289 habebatur,
1017 3222 1240 3295 quaedam
1269 3236 1376 3275 tan-

341 3312 432 3353 tum
471 3302 760 3355 den-inoenta
803 3307 1054 3373 accepisse.
1094 3302 1222 3355 Haec
1263 3304 1374 3357 fere

345 3382 604 3435 Davisius.

423 3482 474 3515 α.
495 3463 821 3533 Proeceperat.
837 3465 975 3517 Ante
995 3474 1223 3534 ceperat.
1242 3462 1376 3516 Nos·

345 3552 440 3608 ter,
464 3560 509 3595 c.
533 3544 609 3611 87
625 3543 766 3595 :Jam
787 3548 948 3595 animo
965 3548 1220 3595 victoriam
1239 3562 1373 3613 prce·

345 3622 616 3691 cipiebant;
645 3637 698 3675 et
729 3622 821 3675 Sil.
855 3623 973 3677 Ital.
1001 3624 1039 3676 l.
1063 3642 1146 3685 VI,
1183 3624 1292 3676 300
1317 3642 1331 3676 t

563 3735 787 3747 .........
813 3709 870 3747 De
887 3710 1078 3762 sanguine
1097 3723 1235 3763 poenu

343 3777 529 3831 Praecepit
545 3779 689 3833 Tyrio,
716 3789 754 3819 et
767 3790 1006 3834 prnsumpta
1023 3781 1176 3833 piacula
1193 3782 1344 3821 mortis.

428 3860 480 3913 3.
502 3861 728 3913 Parthis.
748 3863 830 3914 De
849 3862 914 3917 iis
931 3861 1056 3917 vide
1076 3862 1375 3935 praesertim

347 3937 480 3993 Plin.
496 3958 555 3994 v1
568 3978 585 4005 ‚
609 3961 637 3993 2
650 3940 700 3995 5.
723 3942 859 3995 -M.
879 3942 1124 3995 Crassum.
1142 3942 1219 3995 M.
1236 3942 1380 3995 Lici-

348 4018 462 4071 nius
475 4021 695 4074 Crassus
709 4060 724 4088 ,
739 4040 771 4075 e
787 4036 941 4093 gente
955 4022 1164 4075 Licinia
1185 4023 1374 4075 oriun-

347 4093 444 4151 dus
457 4136 473 4165 ,
487 4100 698 4171 plebeia
711 4139 728 4169 ‚
739 4101 832 4157 sed
845 4103 1111 4159 consulari
1125 4142 1141 4172 ,
1156 4114 1210 4156 et
1223 4102 1374 4159 omni

1459 1383 1865 1454 magistratuum
1881 1403 2073 1456 genere
2087 1383 2361 1450 decorata3
2379 1403 2496 1456 quae

1460 1462 1680 1534 quidem
1703 1465 1761 1517 in
1794 1464 2029 1518 diversas
2062 1465 2285 1517 familias
2303 1484 2496 1536 cogno-

1459 1544 1696 1596 minibus
1742 1546 1850 1598 suis
1893 1543 2168 1598 distinctas
2211 1543 2493 1607 dividitur.

1463 1623 1601 1676 Sunt
1642 1625 1787 1678 enim
1830 1624 2027 1686 Crassi,
2065 1644 2093 1677 a
2125 1625 2366 1696 corporis
2398 1625 2495 1678 ha·

1457 1703 1580 1756 bitu
1608 1702 1773 1770 dicti;
1806 1703 1977 1768 Getoe;
2009 1705 2226 1766 Luculli,
2258 1702 2496 1758 diminu-

1461 1784 1635 1837 tivum
1656 1803 1685 1836 a
1706 1785 1813 1836 luco
1827 1824 1841 1846 ,
1869 1785 1963 1856 qui
1985 1785 2270 1856 parvulum
2294 1785 2495 1837 habent

1457 1863 1679 1917 hortum
1698 1863 1981 1918 arboribus
1996 1865 2287 1930 consitum;
2303 1865 2471 1918 Macri
2474 1901 2490 1924 ,

1461 1944 1592 1996 item
1620 1963 1650 1996 a
1681 1945 1923 2016 corporis
1952 1945 2170 2009 habitu;
2194 1944 2439 2006 Mur-eme,
2464 1963 2495 1996 a

1461 2041 1687 2076 murena
1704 2025 1851 2094 pisce
1868 2062 1883 2088 ,
1904 2043 2061 2094 quem
2081 2023 2293 2076 familiae
2309 2035 2496 2077 auctor

1459 2103 1517 2156 in
1550 2102 1755 2156 deliciis
1786 2104 2048 2169 habebat3
2076 2104 2283 2166 Nervoe,
2310 2123 2341 2159 a
2369 2120 2513 2156 ner··

1457 2183 1569 2250 vis,
1590 2185 1741 2254 quasi
1771 2184 2017 2252 nervosi;
2042 2183 2287 2244 Stolonem,
2314 2183 2383 2236 ab
2408 2201 2493 2234 ar·

1459 2263 1654 2314 borum
1702 2261 1972 2316 radicibus
1994 2303 2009 2330 ,
2054 2282 2172 2334 quae
2220 2263 2495 2316 arantibus

1461 2343 1689 2408 obsunt3
1723 2343 1881 2404 Vari,
1918 2343 2112 2413 quibus
2142 2343 2344 2402 obtorti
2372 2355 2497 2394 sunt

1459 2421 1639 2492 pedes,
1676 2422 1871 2475 Noster
1916 2434 2091 2474 autem
2126 2422 2341 2476 Crassus
2382 2435 2497 2474 erat
2562 2450 2569 2459 =

1460 2502 1604 2555 filius
1636 2503 1697 2555 P.
1730 2502 1939 2569 Crassi,
1957 2502 2135 2555 fratris
2165 2501 2390 2559 minoris
2413 2501 2492 2556 M.

1464 2582 1670 2647 Crassi,
1701 2580 1768 2635 ad
1810 2582 2045 2635 honores
2083 2582 2340 2635 maximos
2380 2582 2494 2651 pri·

1460 2681 1611 2714 mum
1630 2662 1817 2717 evecti.
1834 2664 1887 2713 Is
1906 2673 2226 2732 quaesturam
2241 2662 2495 2728 obtinuit,

1460 2761 1546 2795 an.
1584 2746 1696 2812 672
1720 2760 1735 2807 3
1758 2760 1867 2813 quo
1890 2760 2033 2793 anno
2061 2740 2224 2793 fuerit
2244 2741 2493 2797 tribunus

1458 2822 1633 2893 plebis
1663 2834 1716 2874 et
1748 2820 1915 2875 aedilis
1960 2822 2260 2892 ignoratus-3
2294 2832 2493 2891 praetu-

1459 2922 1577 2955 ram
1608 2904 1871 2955 urbanam
1900 2902 2084 2972 gessit,
2117 2918 2201 2953 an.
2236 2904 2344 2955 681
2378 2918 2391 2952 ε
2426 2919 2491 2953 ex

1459 2995 1692 3054 praetura
1734 2980 1801 3035 ad
1847 2982 2183 3033 consulatum
2226 2998 2351 3033 oum
2388 2980 2490 3033 Cn.

1461 3062 1721 3133 Pompeio
1744 3080 1941 3131 magno
1964 3061 2205 3126 accessit,
2224 3079 2310 3114 an.
2342 3061 2454 3114 683
2474 3078 2493 3124 ς

1463 3143 1585 3195 Cos.
1602 3143 1720 3196 iter.
1738 3142 1841 3195 fuit
1856 3161 1979 3195 cum
1996 3140 2187 3195 eodem
2205 3141 2487 3211 Pompeio,

1462 3242 1547 3275 an.
1594 3224 1705 3292 698
1725 3260 1741 3287 ‚
1769 3236 1823 3275 et
1861 3222 2002 3293 ipsi,
2042 3222 2159 3293 lege
2187 3220 2491 3285 Trebonia,

1461 3302 1617 3373 Syria
1637 3302 1915 3373 provincia
1930 3300 2141 3354 decreta
2160 3314 2238 3353 est
2258 3300 2316 3353 in
2340 3300 2495 3371 quin·

1463 3383 1777 3459 quennium,
1795 3381 1888 3436 sed
1910 3381 2130 3435 avaritia
2152 3378 2361 3444 ductus,
2378 3380 2493 3433 sine

1463 3464 1570 3516 ulla
1608 3476 1819 3516 senatus
1862 3462 2174 3514 auctoritate
2192 3499 2211 3527 ,
2238 3460 2493 3531 populive

1458 3545 1607 3614 jussu
1620 3582 1635 3610 ‚
1655 3542 1865 3595 Parthis
1887 3541 2088 3595 bellum
2112 3539 2324 3609 intulit,
2344 3537 2492 3610 quod

1463 3624 1511 3675 ei
1540 3623 1811 3677 funestum
1831 3622 2036 3689 fuit,ut
2059 3638 2241 3672 omnes
2264 3632 2491 3672 norunt:

1463 3701 1576 3759 vid.
1603 3702 1874 3763 Plutarch.
1908 3702 1965 3753 in
1989 3701 2101 3753 vita
2124 3698 2315 3752 Crassi.
2341 3699 2493 3751 Illius

1464 3782 1600 3835 duos
1626 3794 1835 3835 tantum
1854 3798 2102 3839 nummos
2124 3778 2339 3833 exhibet
2353 3779 2411 3830 V
2404 3779 2497 3830 ail-

1467 3863 1602 3923 lant,
1642 3880 1874 3931 quorum
1914 3880 2082 3925 unus,
2117 3871 2277 3933 caput
2310 3860 2495 3911 Romae

1465 3942 1756 4013 galeatum,
1774 3960 1916 4013 pone
1945 3939 2091 4012 quod
2116 3958 2222 3993 vox
2250 3939 2491 3995 ROMA:

1467 4041 1533 4074 ex
1558 4040 1739 4074 aversa
1760 4034 1915 4093 parte
1928 4060 1943 4087 ‚
1957 4021 2171 4093 Jupiter
2188 4017 2495 4073 seminudus

1462 4120 1587 4157 cum
1595 4101 1851 4174 Strophio
1862 4103 1919 4155 in
1932 4101 2087 4173 bigis3
2096 4098 2215 4157 dex.
2228 4100 2492 4172 spiculum

1985 4225 2009 4271 1
2031 4197 2071 4270 5
2092 4186 2118 4231 ⁴
2154 4288 2165 4319 ὲ

2225 4307 2257 4349 ³*
