3025 5025
627 559 729 633 90
946 544 1023 611 C.
1079 541 1361 612 JULII
1417 540 1882 610 CAESARIS
1936 540 2488 618 COMMENT.

627 672 825 742 etiam
877 673 1234 768 rapiditate
1275 672 1569 742 fluminis
1613 671 1698 742 ad
1742 673 2225 742 transeundum
2270 673 2781 769 impedirentur.

631 779 786 910 Sed3
790 792 1015 848 tamen
1039 781 1275 850 eodem
1309 779 1446 848 fere
1481 793 1787 874 tempore
1812 805 1985 875 pons
2006 781 2075 848 in
2100 781 2301 851 Ibero
2326 805 2537 875 prope
2574 779 2783 851 effec-

630 870 789 955 tus³
823 887 1290 985 nuntiabatur,
1327 901 1396 954 et
1423 887 1494 954 in
1532 887 1748 954 Sicori
1784 885 2035 956 vadum
2072 887 2545 982 reperiebatur.

735 995 987 1062 LXIII.
1027 997 1066 1063 J
1067 1019 1176 1062 am
1219 1019 1381 1062 vero
1425 1017 1506 1062 eo
1546 994 1759 1087 magis
1800 992 1893 1062 illi
1928 993 2403 1064 maturandum
2442 996 2571 1063 iter
2604 993 2783 1063 exis-

630 1099 978 1169 timabant.
1034 1103 1269 1196 Itaque
1325 1099 1586 1170 duabus
1638 1099 2065 1170 auxiliaribus
2109 1101 2499 1170 cohortibus
2542 1099 2787 1170 Ilerdae

629 1207 937 1300 praesidio
983 1206 1228 1278 relictis
1245 1261 1265 1296 ‚
1310 1207 1623 1276 omnibus
1677 1209 1887 1302 copiis
1940 1209 2221 1278 Sicorim
2277 1222 2663 1296 transeunt,
2717 1219 2790 1276 et

631 1336 788 1382 cum
827 1313 1085 1384 duabus
1132 1313 1504 1408 legionibus
1522 1369 1541 1403 ‚
1580 1338 1744 1408 quas
1788 1315 2243 1410 superioribus
2281 1315 2513 1384 diebus
2555 1329 2787 1383 trans·-

631 1418 962 1489 duxerant
977 1473 996 1508 ‚
1024 1435 1246 1490 castra
1269 1421 1707 1516 conjungunt.
1742 1420 2267 1516 Relinquebatur
2294 1423 2542 1492 Caesari
2574 1419 2788 1508 nihil,

631 1527 758 1594 nisi
803 1529 903 1595 uti
923 1529 1246 1624 xequitatu
1301 1551 1542 1622 agmen
1598 1527 2133 1598 adversariorum
2182 1527 2354 1598 male
2395 1527 2675 1596 haberet
2718 1540 2793 1596 et

631 1631 992 1728 carperet¹.
1032 1635 1206 1704 Pons
1235 1636 1413 1704 enim
1452 1635 1656 1728 ipsius
1688 1659 2007 1729 magnum
2040 1633 2429 1704 circuitum²
2458 1633 2791 1722 habebat,

633 1752 711 1807 ut
735 1738 948 1809 multo
976 1741 1281 1809 breviore
1304 1743 1541 1810 itinere
1570 1739 1666 1808 illi
1694 1741 1781 1809 ad
1806 1742 2079 1810 Iberum
2108 1743 2462 1836 pervenire
2484 1754 2785 1836 possent.

631 1847 906 1938 Equites
943 1843 1028 1914 ab
1065 1871 1146 1916 eo
1187 1847 1370 1916 missi
1404 1848 1657 1916 flumen
1693 1862 2041 1917 transeunt
2060 1874 2088 1916 ·:
2126 1863 2193 1916 et
2217 1873 2430 1944 quum
2466 1847 2549 1916 de
2589 1848 2791 1917 tertia

632 1951 858 2045 vigilia
896 1953 1194 2023 Petreius
1229 1966 1426 2048 atque
1463 1954 1779 2024 Afranius
1824 1970 2042 2024 castra
2076 1957 2471 2043 movissent,
2508 1955 2790 2049 repente

635 2082 775 2127 sese
817 2059 904 2127 ad
947 2062 1382 2130 novissimum
1420 2083 1665 2154 agmen
1699 2061 2087 2149 ostendunt,
2132 2076 2237 2149 et,
2280 2085 2525 2155 magna
2560 2059 2791 2130 multi-

635 2165 867 2234 tudine
901 2167 1343 2256 circumfusa‚
1380 2156 1637 2236 'morari
1678 2183 1875 2262 atque
1914 2170 2041 2236 iter
2076 2167 2396 2262 impedire
2432 2169 2786 2262 incipiunt.

740 2271 992 2341 LXIV.
1020 2274 1244 2342 Prima
1282 2271 1465 2362 luce,
1495 2299 1579 2342 ex
1610 2275 2064 2369 superioribus
2098 2270 2297 2362 locis,
2326 2299 2473 2369 quae
2502 2273 2791 2346 Caesaris

633 2380 867 2448 castris
911 2395 1102 2448 erant
1135 2382 1494 2473 conjuncta
1514 2433 1535 2468 ‚
1562 2383 1962 2451 cernebatur
2001 2383 2330 2476 equitatus
2362 2383 2574 2482 nostri
2617 2407 2791 2475 prae·

635 2482 722 2553 lio
755 2483 773 2507 ¹
819 2488 1216 2557 novissimos
1263 2486 1530 2557 illorum
1574 2491 1788 2584 premi
1836 2489 2302 2577 vehementer,
2347 2513 2427 2557 ac
2476 2512 2792 2557 nonnun-

637 2617 836 2685 quam
876 2596 1197 2663 sustinere
1233 2610 1611 2691 extremum
1638 2620 1879 2690 agmen
1912 2610 2113 2690 atque
2154 2597 2589 2689 interrumpi:
2630 2594 2794 2663 alias

633 2814 926 2895 intrudunt
962 2834 1085 2877 non,
1125 2834 1294 2887 pravo
1337 2826 1390 2868 et
1423 2826 1670 2867 contorto

639 2890 839 2948 sensti:
869 2912 996 2947 nam
1034 2895 1106 2961 si,
1150 2908 1248 2947 tum
1287 2896 1549 2965 rapiditate
1560 2894 1671 2967 stu-

591 2964 596 2972 ’
639 2978 803 3037 minis,
829 2974 1082 3027 transitus
1101 2974 1347 3067 peditum
1367 2994 1479 3028 non
1499 2976 1673 3046 impe·

640 3052 848 3107 diretur
857 3071 989 3121 ,cur
1001 3056 1178 3108 statim
1191 3056 1368 3108 Caesar
1378 3074 1488 3107 non
1505 3067 1676 3108 trans-

638 3133 736 3199 iit,
775 3153 900 3186 cum
945 3152 1134 3205 magna
1175 3147 1328 3207 parte
1375 3133 1675 3189 exercitus?

641 3212 793 3285 quod
819 3212 1062 3285 quidem,
1091 3234 1202 3267 non
1231 3215 1336 3267 nisi
1366 3216 1541 3286 capite
1570 3218 1643 3278 64
1658 3252 1675 3279 ‚

644 3293 794 3361 fecit,
825 3306 879 3346 et
903 3296 1145 3366 profecto
1167 3296 1466 3366 eger-rime,
1490 3294 1675 3347 tertia-

643 3390 749 3445 que
770 3374 970 3445 vigilia.
1001 3376 1160 3428 Certe
1183 3392 1286 3428 vox
1318 3394 1415 3425 non
1447 3374 1595 3427 abest
1618 3374 1675 3426 in

643 3466 830 3507 nostro
869 3454 988 3507 cod.
1037 3454 1188 3526 5768
1221 3472 1236 3508 :
1265 3453 1480 3508 tollatur
1520 3472 1677 3526 ergo,

644 3546 698 3587 et
710 3534 1004 3607 intelligere
1017 3536 1092 3587 fas
1109 3535 1212 3589 erit
1225 3533 1422 3588 vadum
1439 3533 1678 3587 fluminis

642 3614 890 3669 nondum
912 3616 1160 3685 pervium
1183 3615 1344 3667 fuisse
1357 3652 1374 3675 ,
1393 3614 1498 3667 nisi
1525 3615 1677 3685 equi-

647 3695 779 3747 tatui
807 3695 1106 3748 Caesariano
1121 3732 1138 3760 ‚
1161 3694 1256 3765 qui
1280 3694 1454 3765 reipsa
1483 3706 1677 3766 praete·

646 3776 770 3842 riit‚
808 3789 870 3829 ut
897 3786 1107 3828 motum
1145 3774 1561 3829 Afranianorum
1592 3794 1680 3828 re·

650 3853 897 3909 tardaret.
933 3851 1354 3926 Oudendorpius
1381 3856 1680 3927 suspicatur

645 3935 932 4009 legendum
963 3954 1076 3988 esse
1103 3935 1237 3987 ‘vado
1249 3974 1265 3999 ‚
1299 3933 1445 4005 quod
1471 3936 1681 3988 incuria

643 4016 991 4069 librariorum
1011 4016 1210 4067 mutari
1227 4016 1410 4087 potuit
1429 4017 1488 4069 in
1511 4034 1679 4070 vocu-

648 4097 754 4148 lam
767 4116 880 4148 non.
905 4096 964 4147 V
957 4096 1054 4147 ado
1073 4100 1294 4160 transire,
1311 4096 1444 4149 ‘vado
1463 4097 1683 4168 impediri

649 4176 930 4229 familiares
957 4188 1085 4229 sunt
1123 4178 1325 4231 Caesari
1365 4178 1679 4231 locutiones.

1759 2816 2027 2869 Caeterum
2044 2814 2128 2867 his
2141 2824 2319 2867 motus
2338 2812 2574 2867 duorum
2592 2814 2795 2866 exerci-

1758 2908 1913 2948 tuum
1926 2894 2264 2967 dignissimus
2281 2914 2405 2948 sane
2422 2906 2527 2959 est,
2548 2894 2641 2965 qui
2656 2913 2687 2946 a
2714 2894 2796 2947 rei

1758 2976 2003 3028 militaris
2011 2974 2197 3047 peritis
2206 2972 2795 3045 attenteperpendatur.

1844 3056 1896 3108 3.
1922 3056 2057 3107 Pons
2080 3056 2294 3122 effictus.
2318 3054 2402 3106 Ab
2426 3052 2651 3106 Afranio
2680 3054 2794 3106 scil.

1842 3136 1971 3187 Car.
1988 3134 2188 3187 LXIII.
2209 3153 2231 3187 1
2244 3175 2256 3187 .
2276 3134 2524 3205 Carperet.
2540 3135 2796 3199 Vexaret,

1758 3215 1844 3268 vel
1872 3224 2169 3269 attenuaret
2183 3253 2199 3277 ‚
2225 3227 2286 3266 ut
2309 3214 2537 3286 explicat
2564 3212 2793 3267 Nonius.

1761 3294 1903 3347 Male
1923 3295 2172 3347 nonnulli
2194 3294 2395 3347 habent
2416 3304 2623 3365 caperet.

1848 3394 1898 3428 2.
1928 3375 2062 3426 Pons
2092 3377 2215 3426 enim
2254 3377 2401 3445 ipsius
2440 3392 2665 3443 magnum
2699 3376 2799 3425 cir-

1761 3459 1939 3511 cuitum
1954 3454 2176 3508 habebat.
2191 3455 2261 3506 Et
2272 3452 2328 3505 id
2344 3452 2627 3505 confirmat
2647 3452 2800 3524 quod

1761 3534 1995 3588 diximus
2006 3553 2119 3606 cap.
2140 3532 2463 3605 praecedenti
2475 3551 2492 3601 ;
2506 3530 2641 3604 quid
2650 3534 2799 3585 enim

1762 3627 1928 3687 ponte
1957 3634 2093 3687 opus
2108 3653 2125 3680 ‚
2147 3612 2284 3670 vado
2316 3612 2552 3666 fluminis
2570 3612 2800 3685 pervio?

1844 3693 1975 3748 Cu’.
2006 3694 2206 3747 LXIV.
2247 3712 2270 3747 ι
2284 3734 2298 3746 .
2334 3692 2635 3747 Cemebatur
2662 3696 2800 3765 equi-

1766 3786 1895 3827 tatus
1913 3779 2068 3827 nostri
2072 3775 2251 3845 proelio
2256 3814 2271 3838 ‚
2293 3786 2384 3826 etc.
2404 3774 2551 3825 Bene
2568 3790 2624 3825 se
2636 3772 2801 3825 habet

1765 3856 1980 3927 vulgata
1998 3855 2185 3921 lectio;
2214 3870 2314 3907 nec
2339 3872 2551 3907 necesse
2574 3864 2655 3905 est
2676 3870 2801 3905 mu-

1765 3948 1878 3989 tare
1906 3935 2190 3987 cernebatur
2212 3936 2269 3987 in
2298 3933 2555 3986 cernebant
2578 3951 2593 3986 ε
2618 3932 2797 3994 male,

1766 4016 1863 4088 qui
1896 4034 2019 4068 cum
2062 4028 2247 4069 nostro
2280 4014 2346 4067 R.
2388 4013 2539 4085 5768
2556 4050 2573 4077 ‚
2616 4013 2803 4083 legunt

1767 4096 2095 4148 cernebantur.
2132 4122 2213 4138 --
2246 4093 2509 4147 Sustinet-e.
2549 4092 2799 4147 Ciaecon.

1768 4177 2004 4229 distineri.
2032 4172 2199 4229 Editt.
2226 4184 2355 4229 vett.
2379 4174 2649 4248 subsistere.
