3025 5025
54 1861 57 1896 .-
54 1291 61 1832 ...—--v-——⁷..--—-—-
55 1261 57 1268 -
55 1231 57 1238 -
55 1151 57 1206 ———
56 1095 57 1104 ⁴
57 1021 59 1034 -

545 475 690 544 DE
745 475 1102 544 BELLO
1145 474 1535 546 CIVILI.
1594 477 1787 545 LIB.
1844 479 1989 546 III.

2226 501 2365 548 201

340 609 449 676 IX.
505 609 822 678 Discessu
885 608 1337 678 Liburnarum
1367 609 1471 678 eit
1531 607 1800 704 Illyrico
1819 608 1868 698 ¹,
1906 613 2001 678 M.
2055 611 2379 680 Octavius

255 737 382 781 cum
427 715 504 783 iis
523 761 544 804 9
602 739 769 810 quas
831 714 1124 784 habebat
1147 769 1166 804 ,
1223 716 1507 786 navibus
1562 715 1837 786 Salonas
1898 720 2221 812 pervenit.
2269 717 2375 786 Ibi

255 821 568 892 concitatis
609 821 944 892 Dalmatis
977 821 1376 917 reliquisque
1419 822 1749 908 barbaris,
1784 827 1997 894 Issam
2028 848 2067 891 a
2094 825 2375 894 Caesaris

253 928 510 998 amicitia
549 931 835 998 avertit:
875 943 1285 998 conventum
1326 927 1633 1015 Salonis}
1671 955 1877 1024 quum
1922 955 2141 1025 neque
2184 930 2373 1024 polli—

255 1034 684 1124 citationibus,
713 1061 930 1129 neque
965 1035 1472 1124 denuntiatione
1499 1036 1779 1132 periculi
1808 1061 2201 1132 permovere
2234 1063 2381 1132 pos·

257 1154 367 1226 set,
417 1142 742 1238 oppidum
809 1167 1202 1236 oppugnare
1261 1145 1547 1212 instituit
1596 1169 1611 1211 :
1660 1158 1762 1214 est
1795 1159 2020 1213 autem
2056 1143 2379 1238 oppidum

253 1260 308 1312 et
342 1245 462 1318 loci
497 1263 778 1336 natura,
819 1263 888 1317 et
923 1247 1092 1318 colle
1130 1251 1462 1319 munitum
1491 1275 1508 1318 ε
1554 1249 1671 1320 sed
1710 1250 2013 1320 celeriter
2054 1253 2234 1320 cives
2270 1275 2378 1317 ro-

253 1357 436 1441 mani,
465 1354 700 1450 ligneis
725 1354 984 1425 effectis
1007 1355 1336 1444 turribuS,
1361 1357 1440 1425 iis
1462 1383 1607 1426 sese
1629 1359 2049 1442 munierunt3
2078 1371 2147 1426 et
2172 1381 2381 1451 quum

251 1476 444 1531 essent
457 1462 710 1532 infirmi
725 1461 812 1531 ad
829 1461 1267 1532 resistendum
1287 1479 1567 1559 propter
1583 1463 1987 1558 paucitatem
2010 1465 2383 1550 hominum,

249 1567 474 1638 crebris
527 1570 820 1639 confecti
845 1592 864 1624 ·-
879 1568 1267 1668 yulneribus
1284 1623 1302 1657 ,
1342 1570 1427 1638 ad
1465 1584 1837 1640 extremum
1890 1570 2207 1640 auxilium
2258 1570 2383 1639 de-
2430 1579 2437 1588 '

249 1675 660 1765 scenderunt,
707 1699 1070 1770 servosque
1119 1701 1350 1746 omnes
1389 1677 1677 1772 puberes
1716 1677 2169 1746 liberaverunt
2180 1663 2229 1764 ³,
2274 1690 2343 1745 et
2360 1729 2385 1764 ‚

245 1785 558 1872 praesectis
582 1785 888 1852 omnium
905 1782 1262 1852 mulierum
1285 1784 1581 1854 crinibus
1596 1839 1615 1872 ‚
1629 1799 1965 1853 tormenta
1988 1784 2381 1854 effecerunt.

310 1985 434 2038 Car.
461 1987 566 2039 ΙΧ.·
601 2005 650 2038 1.
677 1987 909 2040 Discessu
934 1986 1256 2038 Liburnarum

241 2085 290 2116 ex
301 2065 512 2134 Ιίζγνὶσο.
527 2066 778 2118 Diximus
791 2065 1078 2118 nonnullos
1097 2063 1255 2119 codd.

239 2146 517 2216 praesertim
541 2146 580 2197 ii
603 2146 701 2216 qui
721 2165 882 2218 supra
899 2146 1100 2198 habent
1123 2151 1262 2197 veni·

241 2237 304 2274 ret
321 2243 422 2296 pro
453 2229 620 2278 venire
639 2238 810 2297 posset
827 2266 843 2294 ,
872 2226 1126 2279 exhibere
1144 2238 1262 2298 post

239 2303 826 2358 discessum.Addendum
835 2307 980 2359 esth.
993 2307 1078 2360 loc
1083 2319 1260 2374 um,ut

235 2386 330 2455 jam
360 2385 857 2440 animadverterunt
885 2387 1092 2454 critici,
1108 2387 1262 2438 nullo

238 2463 386 2519 modo
422 2464 853 2537 praecedentibus
893 2479 1079 2539 aptum
1117 2483 1260 2533 esse;

236 2543 368 2599 unde
389 2550 741 2617 conjecerunt
771 2559 946 2603 totum
976 2549 1082 2599 hoc
1102 2560 1264 2619 caput
1291 2600 1295 2604 .

235 2627 608 2699 wanspositum
624 2628 796 2685 fuisse,
812 2628 878 2679 ab
903 2628 1086 2699 aliquo
1107 2628 1256 2681 loco:

234 2724 350 2759 nam
394 2707 658 2779 temporis
699 2708 992 2779 superioris
1037 2707 1264 2762 historia

234 2800 502 2854 narratur,
519 2806 642 2859 quae
657 2800 804 2858 gesta
829 2788 900 2841 sit
925 2800 1048 2841 ante
1067 2786 1264 2841 adven-

234 2879 340 2919 tum
372 2868 616 2921 Caesaris.

307 2968 358 3001 2.
391 2946 610 3002 Salonis.
639 2946 1044 3009 8οει1.,.ςαὶοηω,
1077 2960 1266 3001 contra

234 3026 384 3081 codd.
420 3046 628 3082 omnes.
663 3029 746 3081 De
775 3028 1129 3083 conventibus
1153 3029 1268 3099 jam

232 3106 440 3178 pridem
486 3106 721 3164 diximus
739 3145 757 3172 ,
793 3108 938 3161 libro
981 3107 1262 3178 superiori.

307 3190 360 3241 3.
385 3186 654 3260 Set-vosque
675 3206 836 3241 omnes
859 3188 1062 3258 pubet-es
1095 3187 1268 3241 libera-

234 3280 410 3321 verunt.
438 3269 520 3319 Ut
545 3274 742 3339 nempe
765 3268 996 3321 militare
1021 3278 1264 3339 possent3

183 3398 188 3404 .
230 3367 350 3401 nam
368 3348 583 3418 legibus
613 3350 892 3401 vetabatur
905 3386 924 3413 ,
937 3365 1116 3402 servos
1129 3384 1146 3412 ,
1171 3366 1270 3400 seu

230 3427 474 3481 homines
498 3428 704 3484 infima
725 3426 1052 3483 conditionis
1081 3426 1152 3479 ad
1181 3446 1266 3481 ar-

231 3526 312 3561 ma
331 3526 568 3562 vocare:
592 3527 724 3579 quas
751 3510 892 3580 leges
919 3508 1268 3561 restituerunt

230 3586 472 3643 Gratian.
489 3627 505 3655 ,
537 3586 900 3644 Valentinian'.
915 3628 930 3654 ‚
959 3586 1228 3641 Theodos.
1249 3624 1266 3653 ,

227 3668 390 3722 11:1²1».
421 3669 462 3721 l.
491 3688 548 3739 7,
566 3667 688 3722 cod.
717 3667 928 3723 Theod.
965 3668 1074 3721 Tit.
1102 3684 1178 3721 11:
1201 3668 1272 3719 ad

229 3749 450 3801 militiam
469 3749 632 3803 nullus
651 3749 891 3820 adspiret,
904 3750 1002 3801 m'si
1023 3764 1160 3820 quem
1176 3768 1266 3819 pe·-

230 3831 354 3881 m'tus
399 3828 603 3881 liberum
651 3842 742 3881 aut
777 3848 980 3899 genere,
1015 3840 1106 3879 aut
1147 3833 1268 3879 vitoe

229 3910 528 3972 conditione,
563 3912 812 3981 inqui-sitio
840 3920 988 3962 cauta
1011 3908 1272 3978 depmlaen-

229 3988 370 4041 derit.
389 3990 514 4045 Alia
533 3990 630 4048 lib.
651 4007 762 4056 vu,
785 3990 868 4044 tit.
898 4008 920 4045 1
934 3990 966 4043 3
985 4007 1001 4041 ι-
1021 3990 1160 4041 Inter
1179 4008 1268 4058 op·

230 4073 370 4123 cimas
409 4070 772 4127 lectissimorum
813 4071 1016 4124 militum
1055 4082 1236 4121 turmas
1249 4104 1266 4129 ‚

229 4154 456 4203 neminem
485 4172 515 4203 e
547 4170 746 4205 numm
777 4170 1016 4204 servorum
1051 4150 1270 4205 dandum

1345 2007 1442 2038 esse
1463 1987 1779 2040 decemimus.
1796 1987 2016 2053 Florus,
2028 1987 2123 2040 lib.
2149 2004 2195 2038 11
2210 2024 2226 2054 ,
2244 2005 2297 2039 c.
2319 1989 2353 2040 6
2366 2005 2385 2038 2

1347 2067 1535 2128 Arma,
1574 2067 1781 2139 inquit,
1819 2087 1916 2119 non
1962 2080 2104 2119 erant
2116 2087 2139 2130 ,·
2169 2067 2386 2118 detracta

1345 2159 1458 2198 sunt
1497 2147 1683 2217 templis
1702 2167 1721 2200 :
1746 2148 1915 2199 deerat
1934 2150 2196 2218 juveram-53
2225 2151 2274 2198 in
2302 2166 2387 2196 sa-

1347 2239 1638 2278 cramentum
1680 2228 1867 2280 militioe
1914 2228 2121 2280 liberata
2170 2230 2387 2278 servicia.

1349 2306 1480 2360 vid.
1497 2305 1729 2360 Godesc.
1742 2307 2097 2360 stewechium
2112 2305 2181 2360 ad
2194 2309 2385 2376 Veget.

1346 2387 1442 2440 lib.
1487 2405 1510 2443 1
1530 2426 1547 2454 ‚
1574 2405 1621 2440 c.
1672 2405 1727 2456 7.
1759 2417 1843 2430 —--
1873 2389 2129 2440 Proesectck
2180 2389 2393 2440 omnium

1349 2467 1598 2519 mulierum
1636 2467 1864 2521 crinibus.
1892 2467 1973 2519 Ut
2002 2468 2155 2521 funes
2185 2465 2253 2519 nd
2292 2466 2389 2519 ba-

1347 2548 1591 2603 listarum
1630 2566 1789 2599 usum
1832 2548 2122 2602 efficerent.
2166 2548 2247 2599 De
2295 2547 2390 2598 ba-

1349 2626 1482 2679 listis
1507 2626 1743 2681 diximus
1766 2628 1824 2681 iu
1852 2628 1985 2681 Bell.
2015 2627 2153 2682 Gall.
2174 2626 2277 2679 :de
2297 2626 2389 2677 fu·-

1348 2707 1508 2763 nibus
1544 2726 1611 2761 ex
1640 2708 1879 2761 crinibus
1917 2707 2166 2761 humanis
2201 2704 2389 2757 diceu-

1351 2786 1484 2839 dum
1528 2802 1639 2853 est;
1670 2806 1797 2841 nam
1840 2788 1995 2843 istius
2038 2786 2191 2841 modi
2232 2787 2391 2837 funes

1350 2867 1577 2939 plurimi
1630 2869 1896 2923 faciebant.
1952 2881 2159 2921 veteres
2192 2884 2207 2921 2
2242 2862 2389 2917 unde

1353 2965 1490 3018 saepe
1528 2947 1598 3002 ad
1643 2949 1805 3003 talem
1834 2966 1993 3003 usum
2036 2948 2288 3003 mulieres
2329 2958 2391 3007 ¹et

1351 3027 1460 3081 viri
1471 3028 1634 3086 etiam
1651 3046 1775 3082 suos
1786 3028 2009 3099 capillos
2023 3028 2391 3083 conferebant:

1353 3104 1463 3159 vid.
1492 3110 1733 3161 Lactant.
1764 3106 1884 3161 adv.
1902 3121 2047 3179 gent.
2060 3108 2097 3161 l.
2115 3106 2387 3171 nesti-ab.

1353 3186 1412 3242 in
1435 3187 1547 3241 fine
1574 3189 1611 3241 l.
1630 3206 1779 3255 xv113
1808 3188 2099 3259 Capitolia.
2139 3188 2200 3239 in·
2237 3187 2385 3241 Max.

1355 3279 1410 3319 et
1430 3269 1663 3334 Balb.,c.
1696 3287 1719 3321 1
1736 3287 1793 3334 1;
1816 3270 1878 3321 L.
1898 3269 2042 3321 Flor.
2060 3268 2099 3320 l.
2124 3285 2199 3333 11,
2218 3285 2267 3319 c.
2290 3267 2391 3329 153

1355 3347 1627 3407 Plutarch.
1680 3346 1750 3401 de
1798 3349 2032 3413 soenore3
2068 3347 2356 3417 vegetium
2374 3383 2389 3410 ‚

1353 3426 1448 3484 lib.
1469 3446 1527 3481 lv
1544 3466 1561 3494 ‚
1592 3448 1641 3483 c.
1673 3432 1726 3498 9.
1751 3431 1821 3481 At
1851 3428 1911 3481 C.
1937 3426 2203 3481 Ctesibius
2226 3425 2285 3477 in
2321 3425 2390 3477 li-

1353 3507 1456 3559 bro
1489 3507 1561 3561 de
1591 3509 1853 3561 machinis
1888 3506 2265 3559 bellicishanc
2304 3524 2395 3557 ra·

1357 3588 1561 3647 tionem
1580 3586 2040 3642 conficiendorum
2059 3588 2273 3641 funium
2298 3583 2395 3637 do-

1357 3680 1440 3721 cet
1452 3706 1472 3733 ‚
1503 3688 1639 3740 quos
1685 3668 1862 3723 Graeci
1907 3679 2043 3726 tonos
2088 3666 2389 3737 appellant:

1356 3748 1504 3809 Τόνος
1518 3748 1603 3804 καὶ
1620 3750 1675 3803 ἐκ
1691 3755 1871 3820 τριχῶν
1884 3748 2075 3819 γίνεται
2086 3746 2399 3817 γυναικείων,

1359 3828 1510 3880 αὐταὶ
1536 3828 1631 3899 γὰρ
1664 3828 1850 3881 λεπταί
1873 3843 1949 3881 ’τι
1993 3822 2133 3881 οὖσαι
2172 3823 2268 3879 καὶ·-
2296 3844 2405 3895 pa.-
2486 3836 2495 3846 ·

1357 3908 1468 3979 κραὶ
1491 3948 1506 3973 ,
1551 3906 1634 3960 καὶ
1666 3908 1853 3979 ’πολλῷ
1908 3910 2053 3977 ἐλαίῳ
2102 3908 2399 3977 maesiam,

1359 3988 1476 4041 {itm
1518 3993 1774 4041 πλακῶσιν
1791 4023 1808 4053 ,
1836 3988 2055 4041 εὐτονίαν
2090 3981 2360 4049 (άίαείἱσὶτέ
2370 3980 2393 4047 )

1358 4069 1551 4125 πολλὴν.
1573 4060 2036 4137 λαμὲάνοιῐύι,·ὤςε
2065 4068 2137 4137 μὴ
2172 4062 2275 4119 δεῖν
2307 4069 2397 4125 τῆς

1360 4144 1452 4203 διὰ
1467 4155 1565 4203 τῶν
1581 4149 1759 4218 νεύρων
1772 4148 1959 4215 ἰσχύος.
1976 4147 2277 4211 Vin-avim,
2291 4146 2329 4198 1.
2344 4165 2399 4209 x,
