3025 5025
545 499 636 573 18

492 690 502 700 ,
532 637 756 727 tique,

820 492 897 559 C.
951 479 1244 555 JULII
1299 467 1711 543 CAESARI
1730 464 1777 531 S
1834 454 2395 531 COMMENT.

799 619 972 691 votis
1034 606 1438 703 nuncupatis
1465 589 1547 690 ¹⁴,
1574 607 1829 669 exeant.
1856 586 2206 663 -Consules
2222 642 2242 676 ‚
2287 583 2471 680 quod
2534 595 2694 652 ante

531 742 612 811 id·
630 752 896 827 tempus
924 710 972 751 ¹⁵
1009 719 1345 792 acciderat
1385 730 1731 803 nunquam
1748 758 1767 791 ,
1811 722 1894 770 ex
1929 698 2099 769 urhe
2141 692 2694 791 proficiscuntur-5

533 848 932 933 lictoresque

971 830 1225 901 habent
1265 824 1335 891 in
1377 818 1547 887 urbe
1582 827 1653 883 et
1694 805 2028 905 Capitolio
2071 802 2319 899 privati
2342 784 2415 886 ¹⁶,
2458 811 2699 867 contra

534 951 760 1026 omnia
798 938 1148 1013 'vetustatis
1183 925 1505 1021 exempla.
1536 924 1709 991 Tota
1736 914 1931 987 Italia
1956 911 2237 982 dilectus
2265 907 2603 977 hahentur
2623 901 2699 991 ¹⁷,

535 1083 724 1133 arma
781 1056 1230 1145 imperantur,
1276 1032 1575 1133 pecuniae
1630 1052 1672 1096 a
1724 1021 2105 1115 mumcipiis
2159 1018 2515 1111 exiguntur
2544 996 2616 1100 ²⁸,
2658 1034 2701 1078 e

535 1168 708 1241 fanis
750 1158 1106 1241 toll-untur,
1149 1144 1373 1217 omnia
1427 1138 1654 1243 diuina
1709 1134 2139 1221 humanaque
2195 1125 2348 1219 jura
2410 1115 2701 1215 permis-

445 1349 451 1359 ,
539 1288 794 1348 centur.

644 1380 805 1449 VII.
856 1367 1120 1459 Quibus
1159 1358 1358 1429 rebus
1399 1349 1683 1446 cognitis
1697 1397 1718 1435 ,
1762 1346 1987 1415 Caesar
2031 1336 2225 1434 apud*
2250 1331 2492 1406 milites
2540 1353 2703 1400 con·

538 1492 847 1561 cionatur
873 1478 891 1503 ¹
924 1502 939 1543 :

977 1503 1012 1539 <t
1046 1467 1369 1539 Omnium
1409 1476 1792 1553 temporum
1844 1449 2119 1544 injurias
2167 1443 2589 1512 inimicorum
2632 1440 2706 1505 in

543 1623 614 1668 se
642 1592 1158 1665 commemorat,
1187 1598 1226 1643 a
1255 1570 1496 1665 quibus
1526 1555 1909 1633 diductum²
1934 1580 2015 1625 ac
2041 1554 2479 1647 depravatum
2505 1548 2707 1614 Pom·

543 1704 770 1800 peium

636 1920 660 1955 1
674 1906 728 1965 4.
785 1889 1026 1947 Paludati
1040 1924 1057 1951 ,
1101 1884 1223 1935 votis
1281 1874 1583 1945 nuncupatis,

551 1984 666 2039 Cic.
701 1976 854 2048 epist.
887 1988 987 2031 xv,
1017 1983 1117 2035 17,
1143 1958 1209 2013 ad
1237 1959 1347 2009 Att.
1371 1972 1460 2027 nr,
1494 1952 1584 2004 13.

582 2110 589 2118 .
639 2080 666 2115 1
680 2058 730 2113 5.
761 2050 1007 2108 Consules,
1027 2041 1160 2117 quod
1170 2050 1281 2092 ante
1303 2035 1362 2089 z'd
1373 2046 1553 2105 tempus
1566 2069 1583 2097 ‚

553 2156 644 2197 etc.
679 2138 820 2191 Tota
839 2132 955 2184 haec
974 2122 1182 2198 phrasis
1213 2117 1470 2171 varietate
1487 2112 1593 2165 lec-

826 1688 1128 1787 queritur
1143 1737 1162 1771 ,
1196 1677 1446 1755 invidia
1499 1687 1699 1765 atque
1756 1661 2241 1735 obtrectatione
2282 1654 2495 1723 laudis
2540 1676 2711 1739 suae‚

1761 1867 1851 1919 16.
1880 1861 2091 1915 Privati.
2124 1856 2334 1923 Quibus
2368 1853 2591 1927 privatis
2616 1850 2712 1905 de-

1676 1958 1832 1999 cretae
1849 1953 2002 2005 erant
2018 1934 2325 2011 provinciae.
2338 1934 2415 1989 M.
2438 1930 2575 1987 Cod.
2591 1951 2715 1984 nos-

1678 2040 1761 2079 ter
1798 2022 1949 2095 5764
1966 2061 1981 2083 ‚
2011 2022 2258 2091 privatim.

1768 2124 1855 2175 17.
1898 2104 2027 2154 Tota
2049 2100 2200 2152 Italia
2226 2098 2426 2149 dilectus
2460 2092 2713 2167 habentur.
2780 2133 2785 2147 .

551 2220 717 2280 tionis
746 2209 967 2282 insignis
989 2203 1222 2268 videtur.
1251 2194 1386 2251 Cod.
1411 2205 1593 2253 noster
1680 2186 1912 2257 Vulgata
1934 2182 2066 2253 legit
2089 2178 2319 2239 habetur;
2351 2174 2529 2227 minus
2556 2174 2713 2225 bene.

553 2307 621 2358 R.
651 2300 802 2369 5764
817 2332 833 2357 ,
857 2289 946 2343 cui
976 2282 1332 2357 astipulantur
1353 2274 1444 2327 alii
1474 2292 1596 2345 per-

555 2380 751 2443 multi,
783 2373 947 2427 habet
977 2383 990 2419 ε
1024 2374 1256 2436 praetores
1309 2356 1590 2415 mittuntur,

559 2480 708 2534 neque
735 2458 1016 2527 expectant,
1047 2442 1178 2517 quod
1212 2435 1351 2490 arinis
1382 2438 1598 2505 superio-

561 2545 694 2603 ribus
726 2528 1009 2594 acciderat,‘
1033 2537 1089 2577 ut
1116 2524 1176 2575 de
1206 2536 1366 2572 eorum
1402 2517 1599 2585 imperio

1681 2267 1933 2319 Formam
1972 2258 2197 2313 dilectus
2225 2253 2461 2309 habendi
2490 2266 2613 2325 pete
2652 2268 2719 2305 ex

1684 2347 1875 2418 Polyb.
1904 2344 1941 2396 1.
1975 2359 2065 2406 vr,
2099 2356 2218 2413 quae
2249 2348 2427 2392 tamen
2466 2351 2577 2387 non
2614 2329 2720 2392 fuit

1685 2444 1894 2497 semper
1916 2420 2118 2476 eadem.

2648 2466 2653 2473 ι

1773 2525 1797 2559 1
1808 2511 1839 2561 8
1848 2547 1861 2559 .
1876 2503 2106 2580 Pecuniae
2120 2521 2151 2552 α
2169 2498 2431 2570 municipiis·
2444 2498 2720 2564 exiguntur.

560 2625 636 2678 ad
644 2619 879 2694 populum
887 2613 1086 2680 feratur
1097 2625 1118 2668 ‚·
1133 2601 1452 2675 paludatique
1469 2597 1601 2653 ‘votis
1690 2588 1798 2654 Qui
1830 2587 1937 2639 sint
1962 2582 2258 2655 municipes
2272 2617 2288 2644 ‚
2315 2577 2437 2630 Aul.
2477 2574 2616 2629 Gell.
2637 2612 2653 2640 ,
2682 2575 2723 2626 l.

565 2700 852 2771 nuncupatis
870 2700 1076 2749 exeunt;
1095 2680 1320 2742 consules,
1345 2676 1476 2750 quod
1490 2685 1604 2725 ante
1690 2685 1785 2721 xv1
1802 2707 1817 2732 ‚
1843 2686 1889 2719 c.
1921 2685 1944 2718 1
1960 2665 1989 2718 3
2008 2703 2023 2730 ,
2050 2661 2295 2739 explicat.
2315 2657 2463 2710 -E
2474 2657 2615 2724 fanis
2638 2654 2730 2705 tol-

569 2787 625 2838 id
660 2795 839 2850 tempus
877 2769 1056 2824 accidit
1095 2779 1363 2836 nunquam,
1399 2777 1459 2808 ex
1491 2753 1606 2806 urbe
1695 2749 1874 2800 luatur.
1904 2745 2120 2814 Vulgat.
2153 2754 2203 2792 et
2228 2763 2255 2792 e
2277 2739 2419 2807 fanis
2446 2737 2549 2791 toll.
2584 2745 2729 2788 recte

559 2862 965 2937 proficiscuntur-‚-
997 2861 1051 2902 et
1086 2864 1146 2898 ea
1178 2841 1340 2894 lectio
1379 2854 1498 2909 quae
1530 2846 1631 2912 est·

569 2934 1030 3006 Oudendorpiana
1069 2917 1326 2979 servanda
1357 2917 1493 2980 mihi
1528 2915 1610 2967 vi-

571 3024 765 3084 detur3
793 3015 926 3069 dum
951 3007 1116 3062 modo
1145 3001 1423 3070 transfigas
1453 2995 1610 3049 obelo

572 3106 691 3158 haec
721 3097 884 3151 verba
921 3089 1052 3164 quod
1087 3097 1199 3138 ante
1229 3081 1286 3134 id
1314 3093 1495 3149 tempus
1528 3095 1612 3129 ac-

576 3183 700 3237 cidit
737 3191 1004 3247 ηιιηᾳαφη,
1041 3185 1158 3240 quae
1202 3159 1433 3232 margini
1476 3177 1506 3210 a
1546 3152 1614 3207 li-

575 3261 760 3318 brario
791 3252 1025 3329 quodam
1040 3287 1058 3313 ‚
1089 3259 1181 3299 aut
1209 3244 1502 3312 interprete
1529 3233 1617 3289 ad-

579 3355 700 3400 suta
731 3341 788 3392 in
820 3343 1129 3388 contextum
1169 3327 1462 3394 irrepsere:
1491 3335 1617 3369 nam

580 3414 775 3478 falsum
811 3428 890 3468 est
924 3409 1166 3466 consules
1193 3417 1468 3476 nunquam
1498 3408 1619 3448 ante

583 3504 641 3559 id
671 3510 880 3570 tempus
902 3514 966 3547 ex
985 3492 1120 3546 urhe
1143 3483 1412 3560 profectos
1440 3477 1615 3528 fuisse.

585 3585 694 3638 Alii
719 3600 784 3634 ex
799 3574 1000 3629 Davisii
1021 3563 1395 3625 emendatione
1409 3558 1617 3628 legunt:

584 3675 731 3738 praet.
762 3663 885 3722 mitt.
910 3673 1058 3726 neque
1075 3655 1254 3718 expect.
1283 3638 1414 3713 quod
1424 3677 1438 3699 ,
1460 3648 1549 3687 etc.
1572 3645 1627 3685 ut

591 3747 652 3798 de
696 3755 855 3795 eorum
888 3741 1001 3805 imp.
1035 3729 1103 3781 ad
1140 3721 1366 3798 populum
1398 3717 1620 3784 fiet-atur,

587 3823 907 3898 paludatique
949 3817 1078 3868 votis
1111 3803 1392 3872 nuncupatis
1423 3805 1623 3868 exeant,

597 3905 731 3982 quod
757 3910 868 3956 ante
902 3893 956 3952 id
996 3904 1174 3959 tempus
1216 3880 1461 3934 acciderat
1505 3895 1628 3928 nun·

599 4005 760 4062 quam.
786 3974 1015 4034 Consules
1040 3990 1100 4042 ejx
1119 3966 1232 4020 urbe
1245 3960 1627 4035 proficiscuntur.

603 4063 728 4120 Non
759 4059 895 4114 male
929 4055 1100 4112 certe,
1133 4045 1226 4110 sed
1257 4046 1371 4098 sine
1403 4039 1633 4112 auctori·

604 4160 728 4202 tate.
760 4142 888 4192 Haec
914 4134 1110 4207 probat
1138 4129 1191 4195 J,
1216 4127 1336 4180 Jur.

1698 2825 1947 2880 Oudend.
1985 2843 2049 2876 ex
2079 2819 2237 2898 codd.
2283 2817 2543 2892 expunxit
2572 2816 2629 2868 τὸ
2663 2825 2727 2866 et.

1779 2909 1909 2962 Cu».
1952 2905 2082 2955 VII.
2126 2918 2175 2978 t.
2205 2899 2389 2981 'Caesar
2428 2915 2508 2966 ap.
2557 2894 2733 2946 milites

1700 2992 2025 3041 concionatur.
2060 3008 2083 3029 e<
2113 2979 2269 3035 Flens
2301 2989 2355 3030 et
2381 2983 2525 3028 veste
2551 2992 2581 3026 a
2604 2992 2731 3045 pec-

1700 3083 1817 3122 tore
1843 3063 2055 3118 discissa
2072 3101 2085 3128 ‚
2119 3086 2141 3106 2·
2181 3068 2242 3110 ut
2266 3057 2339 3109 ait
2364 3055 2509 3108 Suet.
2542 3053 2599 3110 in
2622 3053 2736 3112 (ἕως

1702 3166 1844 3213 sare,
1876 3163 1920 3198 c.
1950 3144 2059 3196 33.
2102 3133 2206 3192 Sed
2242 3137 2381 3198 hanc
2420 3135 2734 3188 concionem
2786 3157 2793 3162 ·

1704 3225 1977 3289 habuisse,
2014 3231 2261 3294 superato
2310 3228 2519 3270 tantum
2566 3214 2735 3266 Rubi-

1704 3325 1863 3370 cone,
1908 3305 2075 3359 refert
2120 3299 2434 3363 Suetonius3
2475 3291 2569 3349 sed
2614 3294 2739 3347 satis

1706 3385 1890 3442 mirari
1933 3399 2141 3457 nequeo
2186 3381 2447 3434 Caesa'rem
2490 3375 2628 3433 nihil
2670 3371 2739 3426 de

1708 3465 1999 3520 Rubiconis
2010 3461 2237 3516 transitu
2251 3458 2466 3519 dixisse,
2486 3447 2589 3510 nisi
2604 3455 2741 3508 forte

1708 3549 1853 3604 illius
1885 3545 2209 3598 mentionem
2244 3533 2426 3593 fecerit
2457 3536 2600 3590 iniis
2623 3551 2741 3608 quae

1712 3647 1832 3688 cum
1865 3627 2024 3696 hujus
2052 3623 2179 3675 libri
2209 3621 2364 3676 initio
2391 3615 2577 3675 amissa
2608 3613 2744 3668 desi-

1716 3707 1989 3760 derantur.
2006 3707 2085 3757 De
2106 3705 2207 3757 hac
2230 3695 2373 3774 apud
2394 3699 2589 3750 milites
2613 3713 2743 3746 con-

1717 3791 1871 3844 cione
1910 3785 2020 3840 vid.
2068 3803 2280 3858 quoque
2324 3783 2521 3834 Lucan.
2553 3775 2649 3828 lib.
2680 3792 2703 3825 1
2726 3810 2745 3838 ,

1718 3882 1770 3926 v.
1804 3889 1913 3939 ²99
1936 3880 1987 3920 et
2010 3885 2154 3938 seqq.

1804 3967 1856 4024 a.
1883 3948 2163 4002 Diductum.
2192 3937 2455 3995 Revocavi
2472 3955 2535 3989 ex
2552 3931 2751 3986 nostris

1722 4029 1879 4088 codd.
1918 4042 1971 4082 et
2010 4028 2123 4080 aliis
2162 4018 2457 4095 permultiS.
2496 4009 2747 4068 Oudend.

1724 4133 1788 4168 ex
1822 4110 2037 4181 ingenio
2068 4124 2165 4160 suo
2201 4099 2441 4174 reposuit
2468 4096 2712 4150 seductum
2729 4129 2747 4158 ,
2812 4163 2819 4168 ·
