3025 5025
623 479 726 567 64
899 481 975 549 C.
1031 481 1339 550 JULII
1394 479 1899 548 CAESARIS
1954 479 2541 554 COMMENT.

617 613 878 731 generis
924 613 1228 682 homines
1270 636 1353 680 ex
1396 598 1741 706 Aquitanis
1782 613 2281 742 montanisque,
2320 614 2435 708 qui
2478 609 2771 684 Galliam

615 721 1032 814 provinciam
1067 719 1422 812 attingunt.
1461 704 1817 787 Audierat⁵
1822 721 2269 813 ‚Pompeium
2295 745 2417 814 per
2442 721 2771 790 Maurita-

613 827 795 894 niam
834 850 989 895 cum
1025 823 1427 918 legionibus
1431 825 1560 892 iter
1592 825 1662 892 in
1690 825 2077 919 Hispaniam
2112 825 2363 916 facere,
2392 826 2771 896 confestim-

613 957 746 1026 que
787 956 930 1001 esse
967 946 1374 1000 venturum·
1411 929 1605 999 simul
1650 954 1691 998 a
1732 931 2015 1000 tribunis
2042 931 2328 1001 militum
2368 935 2771 1003 centurioni·

608 1037 869 1132 busque
897 1052 1162 1106 mutuas
1193 1037 1506 1132 pecunias
1545 1039 1871 1131 sumpsit·
1905 1039 2025 1107 has
2058 1042 2377 1107 exercitui
2406 1039 2764 1109 distribuit.

610 1146 770 1234 Quo
814 1144 1022 1231 facto,
1053 1143 1220 1212 duas
1259 1167 1364 1212 res
1409 1157 1806 1212 consecutus
1850 1159 1982 1230 est,
2031 1144 2213 1238 quod
2255 1131 2576 1240 pignore⁶
2612 1134 2767 1214 ani-'-

608 1276 755 1320 mos
799 1253 1267 1320 centurionum
1306 1248 1641 1348 devinxit,
1666 1264 1735 1318 et
1762 1197 2109 1344 largitione
2153 1251 2435 1322 redemit
2475 1253 2767 1322 militum

608 1357 1006 1426 voluntates.

709 1465 858 1533 XL.
916 1463 1160 1532 Fabius
1189 1462 1619 1532 finitimarum
1650 1465 1997 1534 civitatum
2026 1466 2283 1535 animos
2314 1465 2547 1537 litteris
2577 1491 2761 1535 nun-

600 1572 840 1666 tiisque
881 1571 1200 1640 tentabat.
1233 1573 1318 1638 In
1358 1572 1585 1639 Sicore
1621 1569 1893 1640 flumine
1927 1587 2167 1666 pontes
2200 1573 2517 1642 effecerat
2552 1573 2761 1660 dum,

496 1679 502 1686 “
599 1680 775 1752 inter
809 1702 878 1746 se
915 1675 1232 1746 distantes
1265 1675 1469 1745 millia
1512 1700 1829 1771 passuum
1870 1680 1989 1748 IV.
2033 1679 2154 1752 His
2186 1680 2501 1774 pontibus
2542 1679 2757 1774 pabu-

601 1782 812 1852 latum
842 1784 1182 1872 mittebat3
1227 1783 1410 1876 quod
1439 1807 1549 1870 ea,
1580 1807 1725 1876 quae
1754 1785 1919 1854 citra
1952 1785 2202 1856 flumen
2230 1785 2533 1875 fuerant,
2556 1811 2756 1880 supe-

597 1890 884 1959 rioribus
933 1889 1168 1959 diebus
1210 1904 1733 1983 consumpserat.
1785 1893 1935 1960 Hoc
1994 1890 2168 1959 idem
2205 1892 2343 1961 fere
2362 1947 2381 1981 ‚
2415 1885 2614 1986 atque
2644 1904 2778 1960 ea·‘

599 1995 755 2066 dem
818 1995 901 2065 de
967 2019 1197 2083 causa,
1265 1997 1652 2090 Pompeiani
1719 1999 2043 2066 exercitus
2117 1997 2320 2068 duces
2380 1997 2758 2086 faciebant3

599 2103 970 2197 crebroque
1005 2104 1180 2172 inter
1212 2127 1281 2170 se
1317 2101 1732 2196 equestribus
1767 2102 2007 2198 praeliis
2044 2105 2553 2176 contendebant.
2599 2109 2757 2174 Huc

595 2234 804 2304 quum
849 2209 1234 2304 quotidiana
1275 2208 1755 2278 consuetudine
1800 2209 2202 2305 congressae¹
2249 2210 2755 2306 pabulatoribus

595 2315 902 2410 praesidio
924 2317 1198 2412 proprio
1227 2314 1519 2410 legiones
1536 2315 1841 2384 Fabianae
1870 2316 2017 2385 duae
2049 2317 2301 2386 flumen
2332 2321 2755 2402 transissent,

595 2535 764 2588 quum
793 2515 937 2570 idem
973 2526 1182 2570 sonent.
1212 2514 1410 2569 Videat
1439 2514 1623 2568 lector.

591 2628 674 2639 -··
702 2598 1058 2669 Montanisque.
1117 2594 1401 2649 Goduinus
1458 2596 1625 2649 inter·

589 2690 833 2747 pretatur
847 2678 1142 2741 Arvernos,
1166 2677 1403 2748 aliosque
1424 2677 1628 2729 Ceben-

591 2775 718 2809 nam
732 2769 972 2809 montem
986 2757 1274 2809 incolentes
1289 2774 1305 2822 ;
1334 2775 1432 2827 ego
1446 2768 1625 2809 autem

589 2836 904 2907 Bigerrones
920 2874 936 2901 ,
977 2836 1256 2889 Convenas
1275 2874 1291 2901 ,
1338 2838 1626 2889 Consorra-

586 2934 686 2967 nos
704 2954 720 2981 ‚
739 2916 974 2987 aliosque
987 2916 1366 2987 Pyrenaeorum
1390 2916 1624 2969 saltuum

590 2995 790 3048 incolas
806 3032 822 3059 ,
849 2996 916 3047 les
945 2995 1180 3067 Basques.

675 3075 727 3128 5.
742 3075 1004 3127 Audierat.
1029 3075 1210 3127 Nonn.
1239 3069 1395 3127 codd.
1417 3088 1470 3127 et
1493 3073 1615 3128 edd.

589 3155 632 3207 F
633 3155 823 3207 lorent.
858 3169 911 3209 et
940 3153 1185 3207 Beroald.
1208 3174 1221 3208 :
1239 3166 1495 3226 postquam
1526 3176 1617 3207 au·

587 3235 762 3288 dierat.
797 3235 922 3287 Non
959 3235 1096 3288 male
1117 3252 1332 3307 quoque
1345 3273 1361 3299 ‚
1394 3248 1447 3289 et
1480 3235 1618 3289 forte

587 3316 812 3381 tectim,
841 3328 901 3367 ut
925 3334 1108 3369 sensus
1133 3316 1201 3368 sit
1223 3316 1452 3387 plenior.

667 3400 723 3449 6.
754 3397 986 3466 Pignore.
1013 3396 1095 3449 Al.
1138 3400 1358 3466 pigneoe.
1394 3396 1618 3448 Utrum·

582 3495 687 3549 que
729 3477 882 3529 bene.
916 3474 1158 3529 Prudens
1199 3476 1523 3547 caeteroquin
1555 3494 1615 3529 ac

580 3557 863 3629 politicum
891 3569 1199 3627 stratagema
1229 3575 1244 3609 :
1272 3576 1396 3608 nam
1427 3568 1612 3609 centu-

580 3636 798 3689 rionum
824 3637 1050 3708 pecunia
1079 3637 1229 3708 quasi
1256 3655 1358 3707 pro
1387 3636 1612 3707 pignore

579 3718 860 3771 tenebatur
893 3737 924 3770 a
951 3717 1186 3781 Caesare,
1215 3736 1284 3769 ne
1319 3716 1386 3767 ab
1417 3715 1510 3767 illo
1543 3714 1611 3767 ad

577 3798 893 3869 Pompeium
927 3796 1378 3868 propinquantem
1411 3792 1611 3847 defice·

577 3890 715 3930 rent.
1313 3887 1322 3903 ‘

658 3959 788 4011 Cu’.
802 3956 914 4009 XL.
943 3974 966 4009 1
981 3994 994 4007 .
1018 3957 1135 4009 Huc
1157 3974 1300 4027 quum
1321 3974 1603 4025 congr-essm,

575 4050 664 4091 etc.
705 4034 856 4089 Ordo
899 4049 954 4089 et
1001 4055 1184 4089 sensus
1221 4054 1234 4088 :
1287 4036 1394 4088 huc
1438 4055 1607 4107 quum

499 4124 503 4128 '
573 4114 958 4185 consuetudine
1015 4113 1326 4187 quotidiana
1371 4116 1607 4187 legiones

1716 2513 1837 2567 duae
1860 2517 1903 2568 F
1905 2517 2105 2579 abian&
2120 2556 2137 2583 ,
2160 2537 2277 2589 quae
2298 2519 2509 2571 fuerant
2526 2520 2751 2590 pabula-

1712 2597 1919 2649 toribus
1949 2597 2199 2667 praesidio
2228 2600 2510 2669 peculiari,
2542 2600 2755 2660 flumen,

1712 2677 2043 2744 transissent,
2071 2690 2172 2731 etc.
2200 2678 2271 2731 Et
2298 2692 2535 2731 nostram
2562 2680 2751 2731 lectio-

1709 2775 1834 2809 nem
1861 2757 2022 2809 habet
2048 2756 2167 2810 cod.
2196 2778 2303 2829 reg.
2347 2758 2517 2828 5764.
2548 2759 2619 2811 At
2656 2760 2745 2813 in-

1710 2847 1967 2908 terpretes
1989 2838 2135 2889 hunc
2158 2838 2341 2899 locum
2361 2838 2467 2891 suis
2488 2838 2745 2892 emenda-

1709 2915 1945 2969 tionibus
1968 2918 2334 2972 obscurarunt.
2363 2918 2593 2989 Scaliger
2606 2957 2623 2985 ,
2652 2920 2741 2971 cui

1706 2993 2019 3067 displicebat
2036 3016 2143 3061 vox
2172 3018 2466 3069 congress-ce,
2492 3017 2611 3051 eam
2636 3018 2742 3051 un·-

1704 3074 1780 3129 cis
1804 3076 2035 3137 inclusit.
2059 3078 2281 3131 Vossius
2304 3096 2489 3131 vocem
2504 3084 2739 3149 prope-io,

1703 3174 1873 3225 quum
1904 3175 1933 3208 a
1962 3176 2071 3227 quo
2092 3170 2145 3209 et
2166 3160 2513 3228 quamobrem
2531 3157 2741 3229 adjecta

1702 3248 1865 3301 esset,
1906 3234 2149 3289 divinare
2193 3238 2468 3308 nequiret,
2508 3240 2743 3292 mutavit

1702 3315 1759 3366 in
1786 3336 2004 3387 propere.
2044 3316 2197 3369 Idem
2228 3316 2439 3370 delebat
2470 3319 2735 3388 prce-sidio,

1698 3408 1755 3447 et
1777 3396 2012 3472 legebat:
2029 3397 2145 3449 Hac
2163 3416 2307 3469 quum
2322 3398 2608 3469 quotidiana
2624 3419 2738 3451 con-

1698 3476 1946 3529 suetudine
2006 3496 2273 3545 congressoe
2320 3477 2730 3546 pabulatoribus,

1691 3576 1895 3625 propere
1920 3556 2129 3625 legumes
2150 3558 2287 3621 duee,
2318 3569 2408 3609 etc.
2440 3557 2567 3609 Non
2594 3560 2735 3612 male

1697 3648 1865 3701 certe,
1898 3634 1992 3689 sed
2030 3637 2143 3689 sine
2183 3638 2293 3689 ulla
2330 3638 2646 3701 auctoritate
2678 3651 2733 3691 et

1695 3716 2005 3769 necessitate
2028 3710 2042 3767 ὲ
2070 3736 2197 3769 nam
2240 3716 2401 3769 lectio
2446 3715 2605 3770 codd.
2652 3731 2733 3772 est

1694 3796 1853 3866 plana
1874 3806 1930 3847 ct
1950 3808 2145 3867 aperta.
2160 3828 2241 3839 --·
2256 3797 2497 3847 Praesidio
2506 3802 2731 3868 propt-1⁹0.

1694 3874 1857 3940 Quod
1870 3895 2077 3948 semper
2094 3888 2148 3929 et
2166 3887 2311 3929 certo
2330 3877 2617 3929 comitatur
2636 3897 2730 3949 pa-

1692 3956 1985 4015 bulatores.
2025 3954 2335 4027 hujusmodi
2384 3956 2695 4027 praesidium
2709 3996 2727 4022 ‚

1692 4048 1929 4089 assuetum
1948 4050 2103 4089 vocat
2127 4037 2193 4089 T.
2218 4036 2337 4088 Liv.
2364 4056 2545 4101 xxxvr,
2560 4056 2607 4091 e.
2634 4043 2727 4104 18,

1691 4130 1745 4169 et
1768 4135 1891 4171 cum
1922 4134 1985 4169 eo
2012 4116 2322 4187 elephantos
2344 4117 2517 4187 ponit.
