3025 5025
576 481 717 548 DE
772 478 1127 546 BELLo
1182 439 1565 546 CIVILI.
1625 480 1816 548 LIB.
1875 481 2021 548 111.

2223 507 2356 578 191

206 635 321 680 nes
342 613 477 680 XII
506 625 577 680 et
606 612 977 705 equitatum
1007 633 1280 677 omnem
1317 611 1546 678 venire
1566 609 1871 702 jusserat.
1913 612 2044 681 Sed
2070 615 2365 684 tantum²

208 721 471 786 navium
503 720 790 813 reperit,
825 731 902 785 ut
936 731 1219 835 anguste
1250 719 1386 786 XV
1417 715 1624 786 millia
1653 715 2170 812 legionariorum
2197 722 2365 792 mili-

206 839 371 913 tum,
408 827 479 894 D
517 826 773 918 equites
818 837 1277 918 transportare
1322 837 1612 917 possent.
1662 827 1812 893 Hoc
1845 849 2056 894 unum
2101 819 2369 924 [inopia

208 917 563 1022 navium³]
615 932 863 999 Caesari
912 931 997 1000 ad
1041 929 1438 1000 conficiendi
1482 929 1638 999 belli
1681 929 2088 1002 celeritatem
2132 935 2364 1006 defuit.

206 1041 417 1132 Atque
462 1063 559 1107 eae
604 1039 815 1132 copioe
832 1023 859 1067 ⁴

208 1344 327 1398 disii
366 1343 533 1398 fuisse
549 1383 566 1410 ,
609 1357 663 1396 et
706 1341 833 1398 inde
882 1343 1113 1396 solvisse.
1161 1345 1243 1396 De

208 1426 285 1477 his
323 1439 502 1477 tamen
546 1437 690 1478 recte
737 1423 1094 1496 intelligendis
1123 1443 1240 1476 mo-

210 1505 325 1558 nuit
363 1505 617 1558 Usserius
666 1504 725 1556 in
772 1503 965 1557 Annal.
1005 1502 1073 1556 ad
1116 1523 1239 1557 ann.

209 1585 393 1638 mundi
431 1585 587 1654 3956
604 1626 621 1651 ‚
644 1584 959 1638 Ianuarium
978 1585 1135 1638 illum
1162 1603 1245 1638 re-

207 1664 469 1738 spondere
496 1665 683 1717 octobri
703 1665 736 1717 J
738 1665 918 1718 uliano
934 1703 951 1732 ,
984 1683 1015 1718 e
1044 1665 1239 1718 vitiosa

208 1759 328 1799 tunc
383 1746 599 1798 ratione
652 1746 777 1797 anni
820 1744 1033 1796 romani
1067 1764 1082 1797 ε
1116 1743 1242 1797 inde

207 1845 310 1878 non
342 1844 459 1879 esse
490 1825 724 1891 mirum,
759 1843 856 1878 cur
886 1825 1057 1890 infra,
1092 1843 1137 1877 c.
1172 1843 1204 1893 9
1223 1862 1239 1890 ‚

208 1906 375 1960 hiems
408 1907 867 1979 appropinquasse
902 1903 1126 1958 dicatur.
1162 1905 1241 1958 M.

286 2008 337 2040 2.
384 1987 619 2039 Tantum.
655 1987 761 2038 Pro
796 1999 893 2037 tam
915 2004 1093 2056 parum
1107 2025 1121 2046 ,
1156 2004 1243 2037 ra·-

205 2069 310 2120 rior
344 2067 601 2119 formula.
620 2099 701 2108 —-
722 2065 793 2118 Ut
814 2077 1019 2136 anguste
1038 2083 1108 2117 xv
1132 2065 1242 2116 mil-

210 2149 274 2199 lia
302 2149 403 2217 leg.
434 2147 577 2198 milit.
602 2147 683 2198 Ita
708 2145 910 2198 habent
940 2143 1101 2198 codd.
1135 2164 1246 2198 om-

208 2247 297 2280 nes
314 2227 437 2280 noti
454 2245 472 2292 ;
490 2238 545 2279 at
572 2226 802 2297 Scaliger
816 2245 883 2278 xx
896 2227 1075 2288 millia,
1098 2224 1247 2296 quod

206 2309 383 2380 reipsa
406 2307 603 2358 melius
635 2308 886 2360 convenit
908 2325 1033 2359 cum
1056 2323 1141 2360 vu
1165 2307 1243 2358 le-

212 2387 355 2457 gion.
395 2385 467 2439 de
500 2387 693 2458 quibus
738 2387 878 2439 infra
917 2384 1143 2439 dicetur.
1176 2387 1248 2438 At

208 2487 379 2539 quum
419 2467 566 2519 infra
596 2485 810 2539 quoque
846 2466 1023 2521 Caesar
1054 2464 1249 2519 dixerit

206 2567 285 2601 eas
330 2546 523 2619 copias
573 2548 1017 2618 infrequentiores
1054 2547 1215 2600 fuisse
1230 2586 1247 2613 .,

208 2622 329 2699 quia
366 2639 421 2679 et
448 2627 738 2680 Gallicanis
768 2628 948 2693 bellis,
973 2640 1028 2680 et
1058 2628 1248 2681 itinere
1309 2641 1329 2653 '‘

208 2708 506 2780 Hispanico
519 2747 535 2769 ,
564 2719 618 2759 et
659 2705 963 2761 valetudine
1004 2708 1063 2759 in
1094 2706 1249 2761 Italia

212 2790 407 2841 attritae
438 2798 626 2853 erant,
642 2787 721 2841 nil
752 2786 979 2859 impedit
1001 2788 1136 2859 quin
1165 2806 1249 2844 vn

203 2868 445 2939 legiones
484 2880 867 2939 repraesentent
906 2886 976 2921 xv
1008 2868 1123 2921 mil.
1154 2868 1254 2921 ho-

208 2950 424 3001 minum
440 2948 631 3012 3aliter
641 2964 724 3000 vn
740 2947 973 3019 legiones
986 2986 1003 3014 ,
1023 2950 1067 3000 si
1076 2950 1249 3020 justus

150 3038 161 3057 '
211 3046 475 3081 numerus
492 3028 679 3080 fuisset
692 3066 709 3093 ‚
724 3026 992 3081 dedissent
1010 3028 1081 3081 35
1102 3048 1174 3081 m.
1190 3029 1247 3081 h.

209 3110 608 3180 ——Quingentos
617 3112 809 3181 equites.
822 3108 955 3164 Scal.
967 3121 1155 3161 eontra
1166 3126 1253 3163 co·

208 3187 347 3246 dices
378 3208 454 3242 ex
482 3188 718 3260 Appian.
732 3227 749 3254 ,
772 3200 828 3241 et
855 3189 1127 3247 Plutarch.
1157 3208 1245 3243 ne.

211 3288 373 3340 quem
416 3287 711 3321 numerum
748 3271 859 3341 jam
896 3282 1253 3340 proposuerat

212 3350 469 3403 Ciaccon.
516 3380 598 3393 ——-
636 3348 1004 3419 Tmmpvrtare.
1033 3350 1067 3401 J
1070 3350 1257 3403 urinus

215 3432 363 3483 malit
394 3432 821 3499 transportat-int
848 3448 947 3500 ego
964 3445 1197 3501 quoque.

294 3512 350 3563 3.
378 3510 563 3579 Inopia
578 3513 787 3563 navim.
809 3508 937 3561 Hae
953 3510 1116 3562 verba
1143 3528 1257 3565 sus·

213 3603 367 3661 pecta
424 3586 681 3642 videntur
718 3588 917 3651 criticis
964 3590 1213 3645 omnihus
1239 3629 1258 3657 ,

217 3671 307 3740 qui
339 3688 411 3723 ea
440 3669 657 3721 uncinis
687 3666 1011 3726 includenda
1038 3688 1259 3725 cumve-

218 3763 381 3815 runt3
418 3749 615 3819 quibus
644 3747 714 3803 de
753 3749 923 3803 causis
952 3768 1065 3802 non
1102 3750 1261 3821 plane

218 3829 425 3901 liquet:
445 3829 587 3881 nihil
616 3830 765 3882 enim
782 3830 839 3883 h.
865 3830 903 3882 l.
928 3828 1143 3883 videtur
1173 3832 1263 3895 ah,-

221 3928 439 3963 sonum.
467 3910 539 3962 Id
559 3929 705 3961 unum
732 3910 805 3961 ad
832 3910 1119 3963 celeritatem
1149 3910 1263 3963 belli

218 3988 375 4056 defuit
397 4029 411 4052 ,
440 3994 607 4061 inopia
637 3990 836 4043 scilieet
877 3996 1085 4045 ramum,
1122 3991 1261 4043 Nam

222 4071 320 4122 etsi
352 4068 647 4123 duodecim
664 4070 898 4143 legiones
916 4110 932 4136 ,
950 4090 1069 4143 quae
1091 4073 1264 4123 Brun-

226 4146 429 4204 disium
458 4163 853 4217 convenerant,
876 4150 1011 4207 adeo
1040 4152 1263 4209 inferio-

528 4348 560 4375 s

895 1038 1053 1132 ipsae
1109 1037 1240 1105 hoc
1292 1037 1848 1130 infrequentiores
1892 1041 2333 1134 imponuntur
2349 1097 2369 1132 ,

86 1179 101 1192 ·
206 1145 382 1239 quod
426 1143 627 1214 multi
670 1143 944 1213 Gallicis
990 1158 1092 1212 tot
1132 1141 1319 1212 hellis
1360 1144 1779 1234 defecerant,
1807 1144 2214 1242 longumque
2243 1150 2370 1218 iter

1336 1362 1421 1396 res
1454 1357 1629 1398 essent
1649 1382 1666 1411 ,
1693 1357 1756 1398 ut
1785 1365 1896 1402 non
1932 1345 2214 1402 dimidiam
2240 1351 2374 1420 justi

1334 1424 1550 1477 numeri
1571 1437 1783 1496 partem
1805 1441 2246 1500 repraesentarent
2263 1449 2280 1496 ;
2299 1443 2373 1484 ta-

1336 1523 1460 1556 men
1474 1518 1546 1557 ita
1561 1524 1774 1577 quoque
1783 1525 1978 1578 parvus
1993 1521 2107 1562 erat
2115 1528 2371 1565 numerus

1335 1584 1582 1650 navium,
1604 1598 1666 1638 ut
1682 1586 1773 1638 vix
1790 1606 1858 1640 xv
1876 1587 2008 1641 mill.
2031 1588 2178 1642 hom.
2197 1602 2370 1644 trans-

1334 1665 1542 1737 p'ortari
1571 1680 1806 1736 possent.
1851 1668 2024 1722 Porro
2053 1688 2234 1722 seeum
2275 1671 2372 1724 ha-

1334 1746 1454 1797 buit
1504 1746 1709 1812 Caesar,
1764 1761 1961 1817 praeter
2006 1749 2330 1819 legionarios
2353 1790 2370 1816 ,

1337 1825 1630 1896 equitatum
1651 1845 1866 1899 quoque
1883 1865 1900 1894 ,
1915 1841 1968 1880 et
1985 1830 2170 1882 velites
2182 1869 2198 1895 ,
2217 1844 2272 1884 ct
2293 1831 2372 1883 le·

1336 1923 1459 1958 vem
1500 1918 1824 1960 armaturam
1841 1945 1858 1972 ,
1892 1927 2010 1980 quae
2049 1911 2229 1962 omnia
2269 1931 2371 1964 xxx

1336 1986 1473 2037 mill.
1489 1985 1774 2039 hominum
1793 1987 2098 2044 efficiebant
2113 2031 2128 2058 ,
2147 2009 2372 2064 quaeque

1339 2063 1407 2120 ad
1445 2065 1769 2120 celeritatem
1799 2067 1927 2122 belli
1953 2069 2250 2140 plurimum
2279 2090 2370 2125 va-

1334 2143 1559 2198 luissent
1577 2185 1593 2212 ,
1616 2147 1660 2199 si
1680 2147 1858 2200 statim
1880 2151 2178 2220 potuissent
2205 2165 2374 2213 trans-

1336 2225 1497 2279 mitti.
1533 2224 1638 2278 Sed
1681 2230 1846 2298 Inopia
1891 2233 2082 2283 navium
2113 2232 2370 2301 impedivit.

1337 2306 1481 2380 Ergo
1525 2307 1666 2361 nihil
1705 2319 1785 2360 est
1814 2307 1871 2361 h.
1912 2308 1951 2362 l.
1969 2347 1984 2374 ‚
2016 2310 2164 2381 quod
2193 2330 2375 2366 secum

1338 2397 1568 2458 pugnet,
1583 2398 1645 2440 ut
1660 2387 1777 2440 vult
1796 2385 2046 2442 Oudend.
2061 2428 2074 2457 ,
2090 2390 2184 2462 qui
2201 2391 2274 2444 ait
2286 2393 2375 2444 ab·

1339 2484 1534 2520 sonum
1557 2484 1668 2519 esse
1691 2467 1849 2519 simul
1867 2467 1936 2521 de
1958 2469 2141 2542 inopia
2153 2471 2373 2525 navium

1342 2558 1395 2600 et
1424 2545 1493 2599 de
1521 2546 1880 2619 infrequentia
1903 2550 2138 2602 militum
2169 2553 2342 2623 queri.

1425 2634 1479 2691 4.
1510 2628 1679 2701 Atque
1705 2648 1774 2679 ece
1807 2631 1924 2699 ipsoe
1945 2633 2113 2699 copioe.
2137 2631 2280 2685 Plut.
2316 2632 2374 2683 in

1342 2708 1576 2772 Caesare,
1593 2726 1643 2761 c.
1670 2709 1742 2771 48
1760 2745 1777 2773 ,
1805 2708 1969 2761 refert
1999 2710 2224 2776 milites,
2245 2729 2374 2773 con·

1344 2788 1509 2840 fectos
1540 2788 1725 2840 labore
1757 2800 1810 2840 et
1840 2789 2182 2858 valum-ihm,
2213 2809 2376 2863 aeger-

1340 2868 1479 2920 rime
1509 2868 1722 2933 tulisse,
1755 2866 1903 2939 quod
1933 2868 2180 2922 nondum
2225 2871 2376 2942 quies

1342 2948 1471 3019 ipsis
1502 2946 1872 3019 indulgeretur
1903 2967 1932 3001 a
1967 2950 2174 3003 Caesare
2190 2989 2207 3017 ,
2232 2950 2379 3005 ideo-

1342 3046 1449 3099 que
1478 3028 1678 3081 invitos
1707 3026 2056 3081 Brundisium
2091 3032 2373 3085 convenis·

1343 3126 1429 3160 se:
1456 3106 1550 3161 sed
1568 3108 1662 3160 ubi
1684 3109 2092 3174 intellexissent,
2113 3110 2376 3165 Caesarem

1340 3190 1449 3260 jam
1498 3188 1745 3255 solvisse,
1786 3186 2106 3243 verecundia
2149 3192 2338 3261 plenos
2359 3231 2378 3255 ‚

1342 3286 1515 3323 unum
1554 3267 1690 3323 illud
1719 3281 1962 3341 optasse,
1991 3280 2053 3321 ut
2084 3288 2208 3322 eum
2250 3290 2378 3325 mox

1315 3349 1493 3421 .sequi
1509 3361 1742 3420 possent.
1771 3350 1981 3415 Quibus
1999 3350 2176 3404 verbis
2203 3352 2379 3405 Caesar

1344 3430 1543 3483 milites
1587 3429 1832 3485 hortatus
1878 3432 1946 3483 sit
1965 3470 1980 3497 ,
2023 3443 2085 3483 ut
2125 3450 2156 3483 e
2197 3430 2380 3485 littore

1345 3510 1613 3563 solverent
1633 3552 1646 3575 ,
1678 3510 1918 3565 invenies
1960 3530 2045 3582 ap.
2073 3510 2380 3577 Lucanum,

1347 3590 1584 3643 Pharsal.
1607 3590 1702 3643 lib.
1721 3610 1772 3653 v,
1787 3610 1898 3644 ver.
1920 3598 1952 3654 4
1967 3611 1988 3645 1
2003 3592 2032 3645 3
2061 3604 2114 3644 et
2138 3609 2280 3662 seqq.
2297 3621 2380 3634 ---

1350 3671 1503 3740 Quod
1541 3671 1684 3723 mult?
1729 3670 1937 3725 Gallicis
1979 3682 2054 3722 tot
2087 3672 2225 3723 bellis
2239 3710 2256 3736 ,
2287 3682 2380 3725 etc.

1348 3748 1598 3806 Notanda
1629 3762 1707 3803 est
1725 3750 1885 3804 lectio
1913 3750 2069 3805 codd.
2096 3752 2341 3805 omnium
2361 3769 2377 3802 ε

1348 3831 1481 3907 quod
1520 3832 1659 3882 multi
1705 3830 1852 3885 Galli
1885 3842 1960 3882 tot
1991 3831 2126 3883 bellis
2137 3870 2152 3893 ,
2187 3844 2276 3885 etc.
2310 3833 2376 3891 Τὸ

1354 3910 1499 3965 Gaui
1529 3928 1714 3963 omnes
1745 3912 2060 3981 interpretes
2102 3913 2160 3965 in
2191 3911 2380 3983 adject.

1356 3991 1566 4044 Gallicis
1597 4003 1973 4056 mutaverunt3
2006 3992 2132 4061 quia
2167 4010 2279 4043 non
2312 3988 2380 4043 de

1350 4070 1521 4123 Gallis
1551 4071 1606 4123 h.
1641 4071 1679 4123 l.
1709 4071 1882 4143 agitur
1899 4108 1915 4137 ,
1951 4070 2043 4123 sed
2070 4070 2138 4124 de
2163 4071 2383 4143 legioni-

1352 4152 1450 4204 bus
1495 4152 1760 4218 romanis,
1792 4170 1910 4222 quse
1953 4164 2107 4204 erant
2128 4150 2274 4205 ‘totae
2317 4170 2383 4205 ex
