3025 5025
565 468 712 544 520
818 537 823 546 .

1345 475 1924 545 D·E··BELL05
2007 509 2012 515 ·

562 620 631 674 et
668 629 709 674 a
746 603 1095 676 Canalibus
1136 605 1501 676 secundum
1548 621 1794 676 terram
1836 603 2266 702 provectus²,
2301 591 2724 675 duodetricess

562 714 733 780 simo
756 711 895 798 die,
923 737 1003 780 eo
1032 713 1215 806 quod
1247 714 1802 807 tempestatibus
1784 740 1854 783 m
1884 713 2216 808 portubus
2245 712 2712 800 cohibebatur,

560 817 646 888 ad
681 804 919 887 urbem
954 821 1243 890 Romam
1278 821 1479 888 venit.

566 1009 792 1081 assignat
833 1028 894 1062 vr
924 1022 977 1063 et
1007 1029 1101 1064 xx1
1142 1009 1285 1063 maii.
1333 1011 1600 1064 Caeterum

566 1087 724 1142 codd.
750 1091 1080 1160 antiquiores
1102 1090 1304 1144 habent
1335 1103 1449 1142 ante
1476 1091 1603 1143 diem

564 1170 647 1225 IV
676 1170 773 1222 kal.
814 1171 1011 1240 ῥαίῃσι.

656 1270 707 1304 2.
750 1250 1024 1310 Promotus..
1054 1249 1141 1310 Sic
1175 1248 1335 1304 codd.
1364 1263 1418 1303 et
1448 1248 1602 1304 editt.

570 1342 699 1384 vett.
731 1329 825 1385 sed
846 1329 1003 1402 Vulg.
1040 1330 1503 1402 habet,p1·ofictus.
1525 1363 1608 1374 --

574 1410 775 1462 Romam
788 1414 941 1463 venit.
960 1410 1045 1461 Ibi
1060 1423 1289 1481 quatuor
1304 1411 1610 1482 triumphos

576 1491 709 1561 egit,
734 1489 803 1542 de
834 1489 1034 1556 Gallis,
1066 1491 1374 1557 Pharnace,
1404 1493 1611 1562 AEgyp-

576 1583 661 1636 to,
689 1570 831 1622 Juba
850 1564 870 1632 (
888 1571 1165 1642 Appianus
1187 1571 1247 1623 Β.
1270 1571 1332 1626 C.
1362 1587 1408 1623 11
1428 1610 1443 1638 ,
1472 1588 1576 1632 101
1595 1607 1612 1634 ‚

574 1670 630 1722 p.
665 1657 771 1722 491
798 1667 813 1716 3
838 1649 1032 1703 velleii
1054 1651 1257 1708 Patere.
1285 1669 1361 1714 11,
1394 1651 1488 1716 56,
1508 1651 1613 1708 Dio

581 1731 727 1784 Cass.
740 1747 903 1799 xmu,
922 1749 944 1782 1
958 1749 990 1798 9
1007 1727 1043 1790 ).
1057 1727 1308 1782 Senatum
1319 1769 1336 1797 ,
1350 1730 1548 1783 milites
1563 1742 1616 1782 et

581 1809 847 1883 populum
878 1810 1122 1862 oratione
1142 1803 1281 1870 (Dio
1313 1809 1447 1862 ibid.
1482 1830 1505 1864 1
1522 1809 1616 1864 5.

590 1886 724 1960 19),
750 1890 1019 1961 praemiis,
1048 1890 1450 1960 largitionibus,
1474 1888 1620 1943 ludis

580 1969 695 2023 del
680 1969 875 2035 inivit
918 1988 1137 2030 censum
1176 1970 1281 2041 egit
1308 1965 1617 2032 (Plutarch.

588 2051 719 2104 Caes,
760 2045 906 2114 55);
960 2049 1089 2102 alios
1119 2048 1383 2116 honoreS,
1423 2069 1623 2121 prope-

587 2126 817 2183 modum
856 2128 1080 2196 nimios,
1118 2129 1218 2182 sibi
1263 2128 1505 2183 decretos
1538 2149 1622 2183 ιο·

591 2209 735 2282 cepit
754 2249 769 2274 ,
802 2207 931 2266 alios
974 2209 1135 2280 plane
1172 2209 1489 2268 immodicos
1528 2209 1626 2263 de-

595 2289 815 2348 clinavit
832 2283 960 2350 (Dio
978 2289 1123 2351 Cass.
1138 2308 1297 2356 xun,
1320 2309 1343 2342 1
1357 2286 1627 2363 4);-multis

595 2368 663 2422 de
694 2369 863 2422 causis
890 2368 1184 2422 clementiae
1217 2369 1431 2422 laudem
1460 2371 1586 2430 tulit
1610 2387 1627 2436 3

596 2451 962 2523 perturbatam
1022 2447 1255 2522 denique
1324 2463 1630 2523 temporum

600 2548 971 2601 annorumque
1002 2529 1266 2583 rationem
1283 2528 1501 2601 digessit
1514 2526 1580 2593 (F
1583 2550 1634 2583 a-

602 2611 736 2664 bric.
762 2608 831 2663 ad
856 2610 1014 2662 Dion.
1039 2611 1183 2663 Cass.
1211 2629 1349 2664 xmn
1365 2648 1382 2676 ,
1406 2607 1526 2675 26).
1545 2612 1611 2662 In

604 2704 749 2743 terea
800 2690 1060 2761 praemisit
1111 2691 1175 2744 C.
1234 2689 1459 2744 Didium
1508 2710 1634 2743 cum

606 2772 769 2839 classe
794 2770 852 2821 in
878 2770 1191 2840 Hispaniam
1210 2768 1461 2824 adversus
1478 2772 1636 2823 Pom-

605 2849 715 2923 peii
745 2848 885 2903 filios
914 2844 1055 2907 (Dio
1080 2844 1638 2917 1L111,14,28).-—-·

605 2928 875 3002 Equidem
901 2940 962 2981 ut
985 2929 1043 2981 in
1066 2930 1171 2983 hoc
1197 2949 1412 3003 quoque
1438 2930 1640 2983 Africa-

606 3030 679 3063 no
716 3010 859 3067 bello
892 3010 1113 3067 Caesaris
1142 3009 1522 3081 prudentiam,
1551 3029 1638 3063 ce-

610 3084 873 3149 leritatem
888 3128 903 3156 ,
928 3090 1239 3161 patientiam
1276 3103 1330 3144 et
1366 3088 1642 3144 fortitudi-

610 3190 734 3223 nem
766 3168 1031 3235 admiror,
1055 3170 1128 3234 ita
1151 3181 1331 3233 tamen
1354 3171 1644 3243 persentis-

615 3270 705 3316 οο,
730 3269 854 3302 eum
873 3249 1101 3311 fortunae
1125 3250 1223 3305 illo.
1244 3262 1487 3323 tempore
1519 3269 1644 3322 per·-

614 3330 842 3390 multum
871 3328 1147 3395 debuisse3
1176 3328 1311 3387 adeo
1337 3330 1475 3389 nihil
1507 3331 1648 3383 bene

614 3410 770 3464 cessit
800 3411 913 3481 ejus
944 3408 1289 3476 adversariis;
1315 3410 1447 3463 adeo
1480 3429 1650 3481 saepe,

617 3508 786 3563 quum
806 3488 1094 3553 videretur·
1107 3490 1193 3543 vel
1220 3503 1444 3561 propter
1474 3490 1650 3562 copia-2

618 3589 741 3624 rum
761 3570 1083 3643 paucitatem
1098 3570 1219 3641 ,vel
1238 3588 1423 3623 rerum
1448 3582 1654 3643 tempo-

620 3670 847 3722 rumque
876 3648 1245 3705 difficultatem
1262 3689 1279 3716 ,
1314 3651 1468 3705 facile
1498 3651 1653 3721 peniz

622 3743 813 3802 tusque
851 3728 1018 3783 deleri
1052 3750 1207 3801 posse
1220 3768 1235 3797 ,
1261 3731 1434 3787 salvus
1472 3731 1652 3795 evasit,

626 3808 731 3873 Sed
744 3810 1004 3863 nimirum
1016 3810 1289 3882 placuerat
1302 3809 1658 3882 providentiae

624 3890 863 3956 Divinae,
900 3890 1041 3943 hanc
1080 3892 1443 3944 Romanarum
1473 3909 1658 3943 rerum

626 3971 1030 4033 conversionem
1044 3970 1148 4024 hoc
1172 3972 1511 4043 potissimum
1531 3984 1662 4025 tem·

625 4070 758 4135 pore
786 4050 1105 4115 efficere.-
1121 4052 1305 4129 Liceat
1315 4052 1423 4128 hoc
1446 4069 1662 4125 quoque

1689 1029 1909 1064 monere
1929 1049 1946 1077 ,
1985 1011 2156 1064 multa
2204 1031 2314 1064 esse
2359 1011 2418 1064 in
2462 1010 2721 1064 Shawiani

1692 1091 1897 1144 itineris
1960 1089 2321 1162 descriptione
2349 1129 2366 1157 ,
2402 1109 2525 1162 quae
2567 1091 2723 1162 hujus

1690 1171 1816 1224 libri
1839 1171 2217 1244 geographiam
2244 1172 2514 1224 illustrent
2527 1207 2544 1236 ,
2559 1171 2722 1222 maxi-

1693 1271 1782 1304 me
1820 1252 1918 1304 ubi
1959 1251 2023 1304 T.
2071 1271 2094 1304 1
2123 1289 2140 1309 ,
2175 1250 2246 1304 de
2285 1253 2468 1322 Regno
2509 1251 2731 1304 Taneta·

1693 1351 1768 1384 no
1793 1332 2110 1402 exponitur:
2144 1331 2290 1384 unde
2316 1331 2428 1384 haec
2455 1331 2725 1402 excerpsi:

1696 1410 2053 1463 Adrumetum
2099 1429 2211 1479 non
2257 1429 2366 1463 esse
2406 1409 2731 1463 hodiernum

1698 1491 1960 1544 Hamamet
1976 1530 1991 1553 ,
2042 1490 2137 1544 sed
2179 1491 2360 1562 potius
2416 1491 2614 1542 Herkla
2647 1485 2731 1562 (p.

1705 1577 1850 1636 204,
1895 1567 2080 1641 237);
2115 1571 2396 1624 Sarsuram
2435 1589 2554 1624 esse
2598 1587 2736 1623 nunc

1701 1646 1937 1720 Sur-soff(
1959 1671 2014 1722 p.
2061 1647 2209 1716 265)
2231 1685 2262 1715 ,-
2283 1651 2585 1722 Ruspinam
2619 1668 2738 1704 vero

1703 1731 1932 1784 Sahaleel
1953 1725 2040 1804 (p.
2072 1726 2243 1795 242);
2277 1727 2418 1801 Agar
2449 1749 2579 1784 cum
2611 1731 2740 1782 Boo·

1705 1811 1904 1872 hadae'ar,
1922 1811 2118 1882 Leptin
2142 1829 2366 1881 parvam
2389 1829 2518 1863 cum
2545 1811 2736 1869 Lernen,

1705 1892 1981 1962 Thapsum
2019 1909 2144 1944 cum
2185 1891 2394 1942 Dema-ss
2440 1887 2532 1962 (p.
2573 1886 2744 1954 243),

1709 1970 1992 2026 Cercinam
2013 1988 2138 2024 cum
2173 1971 2456 2048 Quen-lesnes
2471 1965 2562 2041 (p.
2587 1971 2748 2037 248),

1709 2051 1895 2104 Zetam
1935 2070 2060 2104 cum
2093 2050 2313 2115 Menztl,
2346 2052 2585 2104 Vaccam
2628 2068 2747 2101 cum

1711 2131 1910 2184 Monzae‘l
1920 2131 2069 2183 Heire
2089 2124 2176 2202 (p.
2201 2133 2312 2194 264
2326 2126 2368 2196 ),
2379 2131 2615 2200 Tegeam
2629 2149 2747 2182 cum

1711 2211 1905 2269 Iimmel
1929 2206 2086 2282 (pag.
2127 2207 2306 2275 265),
2339 2209 2594 2262 Tisdram
2631 2227 2752 2262 cum

1713 2293 1889 2350 lemme
1903 2286 1930 2352 (
1943 2294 2052 2348 266
2073 2286 2094 2354 )
2105 2328 2120 2351 ,
2140 2290 2440 2362 comparari
2470 2309 2650 2360 posse.
2675 2320 2762 2332 -·

1715 2371 1904 2422 Unum
1936 2368 2129 2422 addam
2157 2387 2171 2422 :
2196 2369 2241 2420 si
2271 2369 2391 2441 quis
2422 2389 2550 2422 cum
2583 2383 2751 2423 extre·

1717 2449 1820 2503 mis
1868 2449 2164 2522 praesertim
2211 2448 2372 2521 hujus
2425 2450 2588 2515 libri,
2635 2451 2760 2502 satis

1663 2584 1669 2591 ,
1720 2531 1825 2591 illis
1870 2530 1938 2583 ad
1987 2528 2394 2585 similitudinem
2445 2530 2756 2583 Caesariana

1613 2640 1634 2653 -
1720 2611 1980 2663 orationis
2007 2610 2346 2681 compositis,
2369 2611 2759 2681 comparaverit

1722 2710 1836 2762 cap.
1865 2708 1885 2743 1
1899 2710 1932 2759 9
1954 2703 2046 2743 aut.
2061 2710 2089 2743 2
2101 2689 2152 2756 5,
2171 2689 2257 2743 vel
2275 2690 2440 2743 alium
2451 2690 2637 2745 locum
2651 2680 2684 2757 ,⁸
2695 2691 2760 2743 ab

1722 2771 1812 2823 illa
1831 2771 2083 2823 facilitate
2109 2771 2268 2841 longe
2299 2782 2598 2836 remotum,
2617 2770 2762 2823 hunc

1725 2850 2047 2919 miraturum
2065 2868 2176 2903 esse
2193 2888 2210 2913 ,
2221 2850 2417 2921 opinor
2427 2851 2616 2919 ,unius
2628 2852 2764 2923 ejus·

1727 2912 1852 2983 dem
1873 2930 2146 3001 scriptoris
2177 2930 2234 2983 in
2261 2929 2453 2982 eodem
2484 2931 2629 2983 libro
2655 2944 2760 2983 tam

1727 3010 2002 3065 diversum
2031 3010 2259 3083 reperiri
2299 3028 2466 3081 genus
2505 3008 2758 3075 dioendi;

1731 3104 1822 3144 aut
1865 3089 1998 3143 adeo
2045 3091 2106 3143 in
2155 3090 2514 3161 suspicionem
2564 3088 2764 3145 addita-

1731 3183 2036 3228 mentorum
2091 3170 2522 3225 mutationumve
2575 3182 2768 3223 ventu-

1731 3271 1856 3310 rum
1871 3286 1888 3319 ,
1920 3268 2178 3323 quarum
2177 3268 2330 3303 causa
2357 3248 2524 3303 hodie
2547 3248 2767 3321 quidem

1733 3330 1910 3401 detegi
1947 3343 2192 3401 nequeat.
2195 3312 2358 3401 Legi
2393 3331 2598 3403 poterit
2626 3328 2772 3383 Dod-

1734 3412 1873 3463 welli
1907 3410 2206 3463 dissertatio
2247 3410 2316 3463 de
2363 3422 2584 3464 auctore
2613 3410 2772 3482 hujus

1739 3492 1865 3551 libri
1882 3509 2068 3561 ,quam
2084 3510 2201 3562 pag.
2223 3496 2332 3555 401
2350 3528 2367 3556 ,
2382 3504 2514 3545 tom.
2531 3492 2586 3554 1,
2601 3502 2773 3547 unns·

1741 3570 2050 3627 cribendam
2103 3570 2303 3625 curavi.
2345 3570 2486 3623 Plut.
2529 3571 2589 3625 in
2621 3572 2774 3635 Cos..

1743 3670 1789 3724 9,-
1829 3650 1931 3717 55,
1964 3664 2071 3704 tres
2102 3649 2406 3722 triumphos
2436 3651 2660 3705 Caesaris
2687 3670 2772 3703 re-

1747 3732 1878 3796 fert3
1905 3731 2048 3785 Vell.
2099 3732 2136 3783 l.
2175 3750 2224 3785 c.
2255 3730 2510 3802 quinque.
2539 3732 2684 3783 Loca
2711 3749 2774 3783 ex

1747 3810 2024 3865 Shawiano
2079 3812 2269 3865 itinere
2316 3811 2475 3863 citata
2524 3811 2773 3883 leguntur

1748 3891 1806 3943 in
1839 3890 1922 3946 ed.
1959 3892 2160 3963 anglica
2185 3889 2312 3943 inde
2341 3910 2370 3943 a
2395 3911 2450 3962 p.
2485 3891 2596 3945 105
2627 3888 2696 3942 ad
2715 3909 2768 3960 p.

1749 3990 1780 4041 ,ι
1797 3989 1880 4042 17.
1909 3972 2132 4041 ⁴Vaccam
2171 3990 2316 4025 nunc
2347 3972 2524 4042 Bejam
2557 3969 2663 4023 dici
2691 3987 2770 4021 re-

1750 4051 1854 4121 fert
1871 4070 1926 4123 p.
1957 4071 1990 4123 9
2001 4072 2050 4106 2.
2067 4052 2150 4107 Ita
2167 4052 2354 4119 Morus
2371 4064 2425 4105 et
2447 4050 2746 4107 Oberlinu&

1530 4194 1907 4223 —n-Q-h—e—
