3025 5025
593 546 732 616 DE
785 545 1138 614 BELLo
1180 545 1555 616 clv-Im
1603 546 1794 614 ΜΒ.
1845 487 1901 614 ι.

2265 543 2364 638 89

265 673 648 772 legionesque
725 701 792 746 11
863 677 1116 748 flumen
1173 679 1455 749 Sicorim
1520 675 1881 747 traducunt
1907 675 1965 765 ⁹,
2018 691 2366 811 castraque

264 785 540 852 muniunt
563 782 740 853 vallo
771 784 1020 879 pedum
1049 808 1169 854 x11.

346 890 544 959 LXII.
571 892 729 980 Qua
759 915 830 960 re
864 917 988 986 per
1017 890 1469 986 exploratores
1507 892 1776 986 cognita
1790 945 1811 980 ,
1847 915 2108 960 summo
2138 889 2368 959 labore

260 994 510 1065 militum
545 1001 805 1086 Caesar,
833 1001 1222 1069 continuato
1257 997 1431 1066 diem
1470 1011 1871 1093 noctemque
1903 1013 2107 1092 opere
2140 999 2210 1065 in
2240 997 2365 1066 flu·

257 1103 404 1172 mine
429 1105 792 1173 avertendo
808 1158 829 1193 ,
853 1105 990 1174 huc
1013 1106 1154 1199 jam
1181 1103 1581 1176 deduxerat¹
1616 1129 1759 1173 rem
1775 1159 1795 1194 ,
1822 1119 1898 1174 ut
1922 1105 2181 1198 equites
2195 1157 2215 1191 ,
2246 1105 2368 1172 etsi

255 1206 583 1280 difficulter
619 1227 820 1306 atque
861 1237 1036 1306 aegre
1072 1211 1307 1299 fiebat,
1346 1225 1622 1306 possent
1666 1226 1891 1281 tamen
1930 1225 2131 1304 atque
2166 1209 2367 1278 aude·

253 1331 373 1384 rent
407 1317 660 1388 flumen
699 1319 1016 1406 transire3
1061 1318 1316 1412 pedites
1358 1343 1523 1387 vero
1564 1317 2032 1387 tantummodo
2067 1316 2368 1386 humeris

251 1443 311 1490 ac
343 1449 595 1494 summo
636 1440 909 1518 pectore
941 1423 1206 1494 extare²

312 1616 356 1666 9.
372 1599 694 1672 Legiones-que
709 1601 832 1652 duas
833 1601 1022 1674 flumen
1042 1600 1246 1653 Sicorim

253 1677 490 1732 traducunt.
518 1681 591 1733 Et
626 1679 684 1732 id
727 1694 805 1733 est
839 1680 1078 1752 primum
1099 1678 1246 1750 quod

247 1756 554 1830 Pompeianis
593 1761 922 1832 exprobrant
964 1761 1150 1830 Turpia
1187 1760 1248 1811 de

251 1835 386 1888 Cri-ml
405 1851 458 1892 et
493 1839 801 1903 Guischard,
835 1840 950 1893 scil.
979 1840 1248 1894 transiisse

247 1915 466 1985 Sicorim,
484 1914 540 1973 et
555 1921 700 1973 inter
711 1933 911 1991 gentes,
934 1939 1054 1992 quae
1073 1940 1127 1972 se
1137 1922 1248 1991 jam

247 1995 413 2051 Caesari
423 1998 763 2066 dediderant,
773 2001 806 2053 J
810 2012 1072 2066 acetanOS,
1081 2001 1247 2052 Ause-

247 2089 372 2130 tanos
397 2074 538 2140 (vid.
570 2099 721 2151 supr.
747 2099 797 2134 c.
833 2077 970 2145 60),
1007 2091 1061 2132 et
1085 2075 1247 2145 alios,

243 2155 328 2210 iter
377 2159 548 2212 facere
620 2160 956 2214 constituisse
987 2197 1004 2225 ,
1078 2177 1248 2230 quum

241 2237 388 2293 multo
425 2240 594 2293 tutius
633 2239 754 2311 ripa
789 2239 986 2292 Sicoris
1030 2237 1216 2292 dextra
1231 2278 1248 2305 ,

237 2330 435 2387 pontem
447 2321 654 2411 jactum
674 2338 834 2390 super
849 2319 1068 2372 Iberum
1087 2319 1248 2371 attin·

236 2415 344 2466 gere
361 2400 673 2470 potuissent.
703 2400 770 2450 In
794 2417 1018 2463 vanum,
1041 2412 1102 2452 ut
1125 2401 1245 2478 opi·

234 2494 348 2542 nor,
368 2475 543 2533 cadit
526 2492 628 2533 ista
649 2479 984 2533 criminatio:
1012 2499 1034 2532 1
1043 2469 1250 2546 “Quod

233 2556 391 2610 Caesar
427 2572 594 2612 castra
636 2580 730 2612 sua
773 2557 840 2612 ad
880 2558 1128 2612 dextrum
1165 2560 1248 2613 Si-

231 2640 356 2691 coris
383 2640 519 2693 latus
554 2652 609 2691 et
641 2659 812 2712 prope
842 2640 1124 2691 Afranium
1150 2638 1246 2692 ha-

230 2718 389 2785 beret;
432 2717 608 2785 unde,
651 2738 774 2772 cum
815 2731 931 2772 toto
975 2720 1245 2786 exercitu·,

227 2816 282 2849 ac
309 2800 574 2873 praecipue
593 2800 829 2871 equitatu
849 2800 1038 2870 gallico
1057 2812 1111 2852 et
1126 2818 1245 2870 ger-

229 2880 449 2945 manico,
480 2898 591 2950 quo
630 2880 970 2951 potissimum
1009 2880 1246 2947 valebat,

227 2958 420 3011 Afranii
451 2960 622 3013 aciem
652 2960 932 3023 lacessere,
966 2972 1020 3012 et
1060 2961 1248 3031 oppri-

228 3056 359 3091 mere
393 3040 552 3092 facile
578 3040 870 3111 potuisset3
907 3028 964 3093 2⁰
989 3041 1112 3092 Duo
1145 3040 1244 3091 ob-

225 3120 418 3171 stabant
443 3118 602 3171 fluvii
637 3117 963 3191 trajiciendi,
996 3120 1166 3191 Cinga
1191 3132 1247 3173 et

225 3197 486 3271 Noguera,
534 3198 628 3270 qui
665 3212 786 3251 ante
818 3199 1134 3268 Octogesam
1160 3199 1244 3251 Si-

225 3280 321 3331 cori
355 3279 622 3344 influunt;
654 3292 952 3351 pontesque
980 3291 1134 3331 erant
1157 3278 1243 3331 in-

220 3357 430 3427 jiciendi
444 3397 463 3423 ,
510 3377 664 3412 novae
713 3378 988 3411 morarum
1038 3377 1207 3411 causae
1225 3398 1242 3425 ,

224 3456 338 3507 quas
369 3437 542 3492 dubio
577 3440 767 3510 procul
797 3440 946 3491 omni
978 3452 1090 3491 arte
1127 3439 1243 3493 Cae-

225 3536 298 3570 sar
326 3519 575 3571 auxisset.
605 3519 762 3570 Parte
791 3532 968 3571 autem
998 3520 1240 3585 sinistra,

224 3596 384 3651 Caesar
414 3617 518 3651 nec
551 3599 713 3651 fossas
751 3617 870 3651 suas
907 3597 1082 3651 adhuc
1116 3618 1241 3669 per-

221 3676 404 3731 fecerat
418 3717 437 3743 ,
484 3697 586 3731 nec
630 3676 804 3730 adhuc
846 3676 1044 3731 vadum
1087 3698 1242 3749 repe-

221 3771 374 3824 rerat,
401 3776 506 3811 nec
530 3758 822 3810 exercitum
852 3760 992 3811 ultra
1015 3758 1241 3821 Sicorim

222 3836 491 3892 traducere
534 3850 746 3909 poterat
760 3876 776 3904 ,
804 3838 908 3890 nisi
936 3839 1098 3909 longo
1137 3839 1240 3891 cir-

221 3918 383 3984 cuitu,
415 3937 592 3990 quum
617 3937 756 3989 pons
786 3920 852 3971 ab
876 3936 942 3970 eo
973 3919 1138 3979 factus
1173 3936 1243 3970 xx

221 3997 374 4051 millia
403 4017 544 4069 pass.
589 4000 806 4052 abesset.
840 3999 1050 4051 Interea
1087 3996 1242 4049 Afra·

219 4076 354 4129 niani
371 4080 546 4141 saltus,
561 4089 688 4130 ante
706 4078 1020 4149 Octogesam
1041 4078 1242 4149 positos

218 4170 411 4223 petere,
448 4170 504 4212 et
524 4170 704 4211 tutum
733 4157 834 4212 iter
862 4158 1123 4212 conficere
1141 4177 1240 4230 po·-

1219 1452 1238 1514 3
1281 1437 1350 1494 et
1393 1439 1539 1494 tum
1583 1424 1931 1494 altitudine
1974 1449 2195 1520 aquae,
2224 1438 2369 1492 tum

1334 1612 1525 1655 terant.
1547 1598 1711 1666 Quod
1734 1600 1779 1653 si
1802 1619 1887 1653 res
1908 1601 2047 1652 male
2071 1598 2243 1664 cessit,
2257 1617 2369 1650 non

1335 1699 1364 1732 a
1395 1679 1746 1752 dispositione
1784 1681 1987 1752 optima
2026 1679 2247 1751 quidem
2283 1698 2372 1731 re-

1334 1779 1488 1825 rum,
1524 1758 1645 1824 sed,
1688 1771 1752 1812 ut
1788 1759 2049 1824 diximus,
2085 1778 2116 1812 a
2149 1759 2369 1830 segnitie

1336 1838 1539 1892 ducum
1564 1853 1785 1894 eventus
1814 1838 2087 1912 pependit.

1417 1921 1549 1972 Cn.
1568 1919 1741 1972 LXII.
1764 1940 1813 1973 1.
1836 1921 2139 1972 Deduxemt.
2168 1920 2249 1971 Ita
2269 1937 2369 1989 op-

1336 1999 1455 2051 timi
1479 1997 1673 2062 codd„
1698 2011 1751 2052 et
1773 2001 1942 2053 nostri
1967 2002 2109 2064 RR.;
2133 1999 2223 2051 alii
2240 2000 2370 2050 daz·

1335 2091 1458 2132 erat.
1485 2081 1557 2132 At
1597 2099 1695 2130 rem
1734 2081 1904 2131 ducere
1939 2093 2055 2132 tum
2082 2079 2220 2137 aliis,
2253 2092 2368 2131 tum

1336 2159 1532 2212 Caesari
1544 2199 1559 2226 ,
1585 2171 1665 2211 est
1686 2159 1909 2228 dffrre,
1928 2158 2077 2232 quod
2096 2178 2209 2211 non
2240 2175 2371 2212 con-

1335 2240 1486 2292 venit
1512 2239 1619 2292 hoc
1652 2239 1798 2305 loco;
1838 2252 1983 2292 recta
2013 2239 2177 2310 igitur
2211 2238 2369 2292 lectio

1335 2317 1494 2372 codd.
1522 2331 1847 2390 nostrorum.

1422 2419 1472 2452 2.
1491 2397 1689 2450 Summo
1699 2411 1893 2468 pectore
1904 2409 2091 2460 extare,
2111 2409 2201 2450 etc.
2216 2397 2370 2450 Hane

1333 2478 1647 2544 lectionem,
1678 2497 1796 2551 quae
1816 2480 1975 2551 plana
2000 2497 2111 2532 esse
2130 2489 2368 2550 poterat,

1335 2560 2367 2631 etaperta,obscuraveruntinterpreteS.
2402 2548 2414 2559 ’

1335 2640 1417 2691 De-
1451 2658 1561 2710 quo
1602 2639 1776 2701 enim,
1822 2640 1930 2691 hoc
1971 2638 2121 2701 loco,
2160 2638 2367 2709 agitur?

1335 2719 1510 2772 Caesar
1537 2717 1782 2771 nondum
1822 2737 1983 2791 opera
2020 2736 2139 2783 sua,
2168 2716 2364 2771 Sicoris

1333 2796 1504 2851 undas
1535 2797 1768 2851 diversas
1806 2811 2006 2871 egerat3
2038 2800 2185 2851 solus
2214 2798 2365 2869 equi-

1333 2890 1500 2943 tatus,
1530 2898 1630 2931 nec
1664 2890 1842 2933 tamen
1872 2878 1986 2932 sine
2021 2877 2364 2946 difficuitate,

1330 2957 1534 3011 flumen
1572 2959 1797 3019 transire
1826 2971 2035 3030 poterat
2066 2977 2079 3011 ε
2113 2978 2238 3010 nam
2269 2977 2364 3030 pe-

1333 3036 1470 3091 dites
1502 3039 1825 3091 tantummodo
1856 3041 2063 3091 Iaewneris
2095 3058 2153 3089 ac
2184 3058 2364 3095 summo

1324 3130 1519 3187 pectore
1539 3138 1700 3189 supra
1726 3117 1897 3173 undas
1921 3108 2186 3181 extabant3
2204 3118 2331 3171 inde
2344 3159 2361 3186 ,

1330 3216 1432 3269 pro
1467 3196 1751 3269 rapiditate
1791 3198 2055 3259 fluminis,
2102 3200 2331 3252 maxima
2346 3238 2365 3265 ,

1332 3276 1390 3329 in
1427 3276 1783 3343 transeunda,
1818 3279 2103 3331 hominum
2136 3282 2361 3349 jactura.

1329 3356 1472 3409 Pons
1514 3370 1692 3411 tamen
1733 3360 1790 3411 in
1830 3360 1989 3411 Ibero
2020 3359 2087 3411 ab
2116 3358 2365 3413 hostibus

1329 3455 1502 3509 prope
1517 3439 1737 3491 effectus
1759 3430 2141 3505 nunciabatur,
2166 3450 2220 3490 et
2242 3439 2365 3491 hos·

1330 3528 1435 3581 te3‚
1469 3520 1581 3587 jam
1615 3516 1823 3571 duabus
1850 3518 2165 3571 transmissis
2194 3518 2360 3588 legio-

1328 3597 1510 3663 nibus,
1536 3599 1595 3651 in
1623 3616 1688 3651 eo
1715 3611 1895 3665 erant,
1922 3610 1984 3650 ut
2012 3610 2187 3650 totum
2212 3614 2361 3650 exer·

1328 3676 1495 3731 citum
1509 3715 1526 3743 ,
1554 3676 1743 3731 eodem
1781 3677 1945 3730 modo
1961 3716 1979 3741 ‚
2000 3675 2357 3731 traducerent.

1327 3756 1402 3811 Iis
1440 3756 1604 3828 igitur
1646 3758 2043 3828 quamprimum
2081 3775 2361 3810 occurren-

1329 3834 1462 3888 dum
1488 3850 1621 3889 erat.
1658 3836 1893 3903 Quidam
1928 3855 2031 3907 pro·
2058 3848 2249 3905 extare,
2280 3840 2359 3891 le-

1329 3928 1461 3986 gunt
1477 3928 1713 3968 extarent.
1731 3919 1947 3969 Vanum
1965 3935 2213 3987 prorsus:
2234 3937 2359 3973 nam

1329 3998 1384 4049 τὸ
1408 4007 1595 4057 extare,
1626 3995 1775 4068 quod
1791 4009 1869 4049 est
1890 3996 2049 4050 lectio
2074 3996 2261 4065 codd„
2290 3998 2359 4051 ad

1327 4077 1553 4129 verbum
1580 4089 1814 4153 possent
1843 4078 2072 4143 refertur
2118 4096 2133 4130 ε
2191 4036 2359 4131 iidem

1329 4174 1545 4228 quoque
1573 4169 1696 4210 ante
1734 4158 1959 4213 verbum
1990 4157 2353 4229 impedirentur,
