3025 5025
868 502 1727 593 ALEXANDRINO.
2230 507 2381 591 423

341 634 728 705 LXXVIII.
785 636 892 702 Ita
952 658 1076 728 per
1161 630 1671 729 Gallograeciam
1742 634 2251 733 Bithyniamque
2318 642 2387 708 in

233 740 458 807 Asiam
473 738 491 763 ¹
551 740 678 807 iter
725 738 884 809 facit
907 792 930 826 ,
987 741 1418 834 omniumque
1473 738 1705 809 earum
1756 743 2251 836 provinciarum
2300 745 2385 815 de

233 847 708 915 controversiis
743 848 1116 940 cognoscit,
1143 860 1211 915 et
1243 848 1514 933 statuit3
1544 848 1697 940 jura
1729 848 1797 915 in
1840 844 2207 919 tetrarchas
2226 904 2245 939 ,
2280 876 2382 920 re—

233 975 347 1045 ges
371 1004 391 1037 ,
448 952 750 1021 civitates
815 951 1167 1022 distribuit.
1229 952 1692 1022 Mithridatem
1756 958 2241 1049 Pergamenum
2262 1010 2283 1044 ,
2344 982 2403 1027 a*

231 1082 366 1149 quo
412 1082 558 1125 rem
607 1057 923 1145 feliciter,
967 1057 1396 1151 celeriterque
1447 1074 1701 1153 gestam
1742 1062 1813 1129 in
1857 1063 2145 1156 AEgypto
2182 1088 2385 1158 supra

225 1162 658 1288 scripsimus'
664 1219 683 1253 ,
731 1168 915 1260 regio
959 1190 1200 1261 genere
1237 1179 1504 1250 ortum,
1543 1165 1903 1261 disciplinis
1949 1170 2147 1237 etiam
2189 1170 2385 1263 regiis

225 1252 588 1339 educatum
623 1261 842 1359 (nam
901 1270 1367 1358 Mithridates,
1412 1297 1531 1343 rex
1590 1275 1762 1343 Asiae
1807 1276 2051 1361 totius,
2108 1290 2386 1369 propter
2430 1336 2449 1353 ,

231 1376 644 1445 nobilitatem
711 1380 1040 1473 Pergamo
1105 1325 1460 1472 parvulum
1534 1403 1763 1449 secum
1810 1395 2271 1481 asportaverat
2316 1384 2385 1450 in

231 1496 492 1565 castra,
553 1483 930 1579 multosque
1008 1497 1314 1552 tenuerat
1394 1507 1605 1553 annos
1627 1478 1712 1577 ),
1756 1510 1981 1581 regem
2060 1488 2342 1583 Bospori
2360 1472 2383 1513 ³

229 1590 610 1677 constituit,
656 1588 837 1684 quod
883 1590 1007 1661 sub
1052 1591 1335 1685 imperio
1382 1592 1743 1661 Pharnacis
1790 1590 2057 1677 fuerat3
2104 1595 2383 1687 provin-

228 1696 494 1789 ciasque
529 1696 765 1791 populi
803 1697 1062 1767 romani
1095 1719 1138 1765 a
1175 1696 1512 1801 barbaris,
1532 1712 1743 1792 atque
1770 1700 2051 1768 inimicis
2086 1700 2385 1794 regibus,

225 1802 620 1897 interposito
659 1801 1056 1873 amicissimo
1105 1827 1298 1899 rege,
1333 1806 1636 1872 munivit.
1676 1804 1912 1875 Eidem
1953 1806 2381 1876 tetrarchiam

227 1898 548 2003 [legibus
573 1896 648 1999 ⁴]
688 1908 1302 2005 Gallograecorum
1278 1934 1428 2003 Jure
1466 1910 1681 2004 gentis
1709 1925 1776 1979 et
1814 1914 2229 2007 cognationis
2266 1911 2381 1981 ad·

219 2014 580 2107 judicavit,
641 2032 1036 2111 occupatam
1089 2030 1158 2086 et
1216 2040 1587 2110 possessam
1637 2019 1869 2112 paucis
1912 2033 2070 2086 ante
2109 2021 2301 2088 annis
2346 2044 2386 2087 a

229 2236 364 2271 nova
396 2214 662 2271 oriundus
702 2216 822 2271 fuit.
857 2219 1102 2283 Quaestor
1129 2235 1258 2288 pro·

227 2298 472 2352 vincialis
495 2317 578 2350 an.
606 2302 719 2367 697
740 2336 757 2363 ,
777 2297 978 2350 tribun.
998 2297 1140 2369 pleb.
1170 2316 1254 2349 an.

233 2396 338 2447 70²
355 2416 373 2443 ,
398 2390 458 2430 et
477 2389 654 2449 partes
680 2377 924 2449 Pompeii
954 2388 1259 2430 constanter

229 2470 446 2512 secutus
476 2470 580 2524 est,
611 2475 711 2511 nec
756 2457 865 2509 ulla
905 2458 1018 2529 ejus
1055 2456 1258 2509 mentio

229 2539 360 2592 facta
389 2551 475 2591 est
497 2557 667 2609 usque
696 2535 766 2590 ad
788 2555 988 2590 annum
1017 2556 1132 2609 7²0
1150 2537 1257 2589 kal.

228 2619 540 2690 septembr.,
577 2637 686 2689 quo
725 2636 831 2670 cos.
864 2617 1119 2672 suffectus
1163 2628 1259 2669 est.

232 2699 428 2751 Caelius
471 2709 649 2750 autem
694 2708 876 2750 noster
893 2736 908 2765 ,
943 2698 1262 2769 cognomine

227 2777 550 2831 Vinicianus
563 2815 581 2844 ,
623 2790 685 2831 ut
744 2788 992 2848 apparet,
1030 2775 1134 2830 fuit
1193 2774 1262 2828 de

227 2871 386 2928 gente
437 2858 599 2910 Galia
620 2897 635 2923 ‚
666 2856 734 2909 de
781 2875 889 2928 qua
933 2858 1044 2927 jam
1096 2856 1264 2908 locuti

227 2956 436 2992 sumus.
468 2937 692 2990 Nullum
722 2936 1046 3007 caeteroquin
1088 2934 1158 2988 de
1197 2953 1263 2988 eo

231 3030 646 3071 monumentum
669 3015 816 3069 aliud
846 3027 1100 3088 superest.
1199 3024 1206 3030 ’

312 3100 455 3152 Cu’.
499 3095 860 3149 LXXXVIII.
901 3115 949 3149 1.
978 3097 1040 3148 In
1071 3095 1262 3148 Asiam.

227 3177 576 3231 Provinciam
589 3195 888 3243 romanam,
903 3193 1021 3246 qua
1035 3176 1268 3228 Procon-

232 3257 428 3310 sularis
459 3257 584 3308 Asia
613 3253 756 3309 dicta
793 3268 888 3310 est.
933 3255 1266 3309 enum.—

231 3337 522 3390 Distribuit.
541 3336 683 3399 Alii,
707 3336 958 3407 disposuit.

314 3437 365 3470 2.
407 3415 462 3468 A
493 3435 643 3488 quo...
671 3419 959 3486 scripsimus.
988 3415 1128 3480 Alii,
1152 3435 1262 3487 qno.

232 3495 402 3562 Quod
423 3507 598 3567 potest
617 3493 844 3548 admitti.
860 3493 990 3548 Vid.
1020 3496 1169 3549 Cort.
1199 3492 1266 3546 ad

234 3576 356 3630 Sall.
396 3575 522 3646 Jug.
570 3593 661 3629 21.
691 3607 772 3617 —-
797 3573 1099 3646 Scripsimus.
1133 3575 1262 3645 Cap.

240 3675 267 3708 2
277 3662 330 3712 6.
347 3656 430 3708 Μ.
443 3687 498 3697 -
515 3655 774 3724 Pergamo.
792 3655 933 3724 Lege
956 3656 988 3706 ὰ
1003 3655 1263 3725 Pergamo.

319 3738 375 3789 3.
410 3735 636 3806 Bospori.
675 3734 899 3787 Tractus
916 3771 933 3801 ,
969 3734 1061 3805 qui
1106 3752 1266 3805 supra

237 3815 478 3868 Pontum
505 3815 778 3866 Euxinum
799 3831 830 3866 a
855 3814 1096 3885 Bosporo
1119 3813 1267 3867 Cim-

233 3895 412 3948 merio
445 3893 514 3946 ad
542 3892 772 3947 Colchos
809 3894 1070 3958 excurrit,
1099 3905 1154 3945 et
1181 3912 1266 3945 re·

233 3993 406 4046 gnum
435 3975 807 4044 Bosporanum
835 3985 1087 4038 vocatur,
1109 3990 1268 4043 quem

236 4053 540 4108 Pharnaces
570 4053 832 4106 beneficio
864 4052 1106 4125 Pompeii
1121 4089 1140 4117 ‚
1161 4053 1270 4104 vic·

235 4145 292 4186 to
358 4131 674 4188 Mithridate
731 4145 882 4204 patre
899 4171 915 4200 ‚
977 4144 1263 4205 acceperat.

1351 2216 1521 2271 Can..
1555 2218 1787 2289 Appian.
1830 2218 1895 2271 B.
1930 2218 2117 2272 Mithr.
2148 2239 2193 2273 c.
2238 2226 2378 2286 114,

1349 2316 1404 2367 p.
1443 2297 1576 2350 251.
1602 2298 1681 2349 M.
1700 2330 1783 2341 --·
1808 2294 2272 2371 Quod(regnum)
2294 2300 2382 2352 sub

1343 2380 1549 2446 'imperio
1575 2377 1866 2430 Pharnacis.
1898 2377 1976 2429 Μ.

1433 2462 1486 2520 4.
1520 2456 1749 2527 Legibus.
1787 2455 1905 2509 Hoc
1945 2458 2173 2511 verbum
2212 2458 2379 2512 iuter·

1345 2548 1526 2608 pretes
1556 2535 1847 2589 delendum
1876 2549 2093 2590 censent
2106 2576 2122 2604 ,
2144 2538 2382 2592 inc-lusit-

1349 2634 1454 2686 que
1481 2617 1632 2668 uncis
1651 2618 1760 2688 jam
1786 2617 2131 2670 Casaubonus
2154 2615 2221 2669 ad
2244 2617 2385 2671 Stra-

1347 2696 1476 2748 bon.
1512 2713 1648 2762 1111,
1673 2715 1727 2767 p.
1760 2695 1894 2750 625.
1924 2694 2029 2749 Sed
2055 2698 2101 2749 si
2132 2698 2383 2768 Dejotaro

1348 2793 1525 2846 neque
1551 2776 1786 2847 legibus,
1808 2794 1983 2848 neque
2000 2777 2241 2830 moribus
2254 2795 2382 2830 con-
2456 2809 2465 2820 ·

1350 2874 1492 2908 cessa
1525 2856 1629 2908 fuit
1651 2850 1731 2916 (c.
1766 2852 1907 2926 67):
1933 2857 2136 2928 poterit
2166 2853 2273 2910 dici
2304 2857 2382 2910 le·

1350 2935 1504 3006 gibus
1559 2932 1863 3006 adjudicata
1903 2935 2011 2988 alii.
2059 2935 2136 2988 M.
2158 2969 2242 2980 --
2263 2937 2384 2989 Jure

1347 3020 1508 3084 gentis
1533 3027 1585 3066 et
1606 3017 1926 3084 cognationis.
1958 3013 2015 3067 Si
2040 3015 2386 3070 Casaubonus

1350 3094 1388 3146 l.
1419 3092 1473 3148 d.
1502 3114 1691 3148 verum
1716 3092 1885 3160 vidit,
1912 3107 2082 3148 mater
2101 3095 2387 3150 Mithrida-

1353 3175 1420 3226 tis
1450 3175 1613 3246 hujus
1637 3175 1740 3227 fuit
1772 3172 1879 3228 filia
1912 3174 2072 3228 unius
2105 3194 2134 3228 e
2164 3176 2383 3230 Tetrar-

1353 3254 1468 3308 chis
1485 3252 2014 3325 Gallograeciae.Vide
2032 3253 2240 3309 Victor.
2267 3276 2381 3310 var.

1351 3334 1471 3387 lect.
1505 3353 1580 3387 111
1596 3375 1613 3403 ,
1639 3335 1729 3388 23.
1754 3336 1830 3387 M.
1858 3333 2145 3388 Oudend.:
2172 3336 2383 3401 forsan,

1341 3416 1458 3484 jure
1483 3419 1645 3483 gentis
1662 3427 1709 3465 et
1730 3413 1915 3484 legibus
1941 3418 2261 3484 cognationis.
2277 3414 2380 3468 On.

1334 3525 1436 3537 ---
1462 3493 1767 3564 Occupatam
1810 3506 1859 3546 et
1892 3513 2179 3565 possessam.
2224 3493 2387 3548 Haud

1354 3571 1520 3626 dubie
1546 3574 1649 3626 fuit
1680 3593 1741 3626 ea
1771 3592 1894 3644 pars
1915 3612 1930 3641 ,
1955 3591 2115 3644 quam
2147 3592 2261 3645 cap.
2295 3577 2387 3646 67,

1355 3653 1535 3705 ceteri
1564 3653 1871 3707 Tetrarcbae
1908 3653 2082 3724 questi
2114 3666 2238 3706 sunt
2278 3655 2387 3708 De·

1351 3734 1528 3804 jotaro
1567 3751 1743 3804 neque
1768 3732 1975 3802 legibus
1990 3769 2008 3798 ,
2032 3751 2209 3805 neque
2228 3734 2396 3786 mori·

1354 3813 1482 3877 bus,
1497 3829 1799 3866 concessam
1813 3830 1944 3864 esse.
1963 3812 2157 3888 Unam⁸
2172 3811 2391 3884 quidem
2450 3832 2463 3849 ·

1354 3905 1566 3964 partem
1601 3891 1960 3962 Gallograeciae
2004 3903 2230 3963 paterno
2268 3895 2395 3964 jure

1356 3974 1573 4026 tenebat
1610 3973 1911 4043 Dejotarus.
1941 3969 2073 4024 Vid.
2105 3971 2278 4026 Strab.
2298 4012 2314 4040 ,
2331 3993 2387 4046 p.

1363 4052 1496 4124 547.
1515 4053 1723 4105 Locum
1747 4051 1860 4104 Cic.
1892 4049 1962 4103 de
1978 4051 2181 4118 Divin„
2200 4071 2275 4121 11,
2294 4053 2396 4121 3⁶7,

1359 4131 1705 4189 casaubonus
1731 4133 1842 4205 jam
1862 4131 2105 4186 contulit.
2132 4132 2208 4186 M.

1995 4225 2021 4270 4

1876 4263 1968 4335 27
