3025 5025
922 444 998 510 C.
1055 443 1340 510 JULII
1397 441 1865 509 CAESARIS
1922 440 2475 514 COMMENT.

599 576 779 645 ultro
801 576 869 643 in
893 590 1156 643 nostros
1179 576 1501 667 impetum
1526 571 1824 641 faciebat.
1852 574 2206 666 Equitatus
2234 578 2513 645 Caesaris
2532 630 2552 666 ,
2570 576 2751 671 quod

601 697 886 778 angusto
929 682 1163 749 itinere
1218 706 1341 776 per
1377 704 1653 773 aggeres
1700 678 2148 748 adscendebat
2185 679 2207 705 ²
2230 736 2250 771 ‚
2286 686 2583 777 receptui
2628 710 2748 753 suo

602 791 842 858 timens
872 842 893 876 ,
933 788 1195 856 initium
1250 787 1425 881 fugae
1496 784 1798 853 faciebat.
1860 788 2194 855 Dextrum
2264 814 2475 857 cornu
2498 844 2517 879 ,
2568 790 2749 885 quod

597 912 742 966 erat
771 920 811 961 a
843 894 1107 964 sinistro
1139 892 1499 980 seclusum,
1532 907 1786 959 terrore
1816 896 2114 986 equitum
2142 895 2635 983 animadvers0,
2664 922 2751 965 ne

597 1002 774 1071 intra
801 1003 1240 1071 munitionem
1265 1000 1785 1095 opprimeretur,
1815 1023 1893 1067 ea
1919 1015 2141 1094 parte,
2174 1026 2303 1095 qua
2329 989 2752 1097 proruebat³,

593 1134 735 1179 sese
777 1109 1166 1211 recipiebat,
1209 1131 1287 1176 ac
1325 1105 1622 1200 plerique
1666 1129 1748 1172 ex
1788 1106 1896 1195 iis,
1947 1132 2031 1175 ne
2073 1110 2143 1175 in
2196 1110 2532 1204 angustias
2578 1112 2749 1180 inci-

593 1215 863 1302 derent,
907 1214 1138 1285 decem
1176 1214 1424 1308 pedum
1467 1211 1851 1280 munitionis
1882 1237 1952 1281 se
2004 1215 2072 1281 in
2116 1214 2323 1283 fossas
2367 1218 2747 1311 praecipita-

593 1322 756 1392 bant
782 1348 797 1390 ε
828 1322 1190 1415 primisque
1220 1320 1583 1415 oppressiS,
1605 1316 1838 1412 reliqui
1866 1344 1987 1414 per
2005 1319 2250 1389 horum
2275 1347 2563 1417 corpora
2586 1323 2748 1391 salu-

591 1445 728 1499 tem
743 1429 868 1512 sibi
887 1443 1086 1523 atque
1101 1429 1350 1495 exitum
1366 1426 1733 1521 pariebant.
1745 1425 2022 1495 Sinistro
2037 1452 2249 1496 cornu
2264 1427 2525 1515 milites,
2535 1455 2745 1523 quum

592 1561 674 1604 ex
735 1534 911 1604 vallo
971 1536 1363 1629 Pompeium
1422 1532 1650 1601 adesse
1670 1584 1690 1620 ,
1750 1545 1819 1599 et
1874 1558 2028 1602 suos
2076 1534 2307 1629 fugere
2361 1552 2748 1624 cernerent,

589 1644 816 1730 veriti,
853 1667 937 1710 ne
967 1642 1284 1735 angustiis
1321 1636 1957 1727 intercluderentur,
1992 1665 2202 1735 quum
2240 1656 2426 1710 extra
2464 1656 2533 1711 et
2568 1645 2753 1712 intus

591 1750 854 1818 hostem
888 1748 1244 1836 haberent,
1275 1744 1543 1833 eodem,
1578 1769 1711 1838 quo
1750 1761 2106 1837 venerant,
2133 1763 2407 1843 receptu
2436 1749 2559 1818 sibi
2588 1775 2750 1819 con·

607 442 758 539 276

589 1962 728 2003 rent.
746 1947 1051 2001 Prudentiae
1063 1960 1240 1999 autem
1253 1964 1484 1999 romanae
1493 1956 1623 2006 erat,

590 2030 768 2081 nullos
799 2031 1066 2084 Romanos
1104 2028 1302 2079 habere
1333 2026 1470 2079 circa
1493 2044 1627 2096 prae-

589 2095 816 2171 torium}
835 2106 902 2161 ad
919 2106 1215 2162 custodiam
1229 2104 1424 2157 ducum
1440 2123 1452 2157 :
1470 2124 1625 2157 causa

592 2190 651 2241 in
681 2202 897 2260 apert03
923 2200 984 2240 ut
1014 2188 1088 2241 sic
1104 2228 1120 2255 ,
1149 2186 1304 2239 sociis
1332 2186 1388 2237 in
1419 2184 1627 2237 honore

591 2269 790 2323 habitis
805 2308 822 2333 ‚
859 2268 1093 2321 strictius
1137 2266 1488 2337 astringerent
1535 2284 1627 2317 eo-

593 2369 718 2403 rum
751 2348 950 2402 fidem:
976 2367 1131 2402 causa
1160 2348 1326 2399 latens
1343 2384 1360 2411 ‚
1392 2357 1453 2397 ut
1489 2364 1628 2416 prae-

592 2430 780 2503 cipuos
825 2429 1091 2482 sociorum
1135 2425 1296 2479 duces
1314 2467 1330 2495 ,
1364 2438 1418 2489 et
1448 2426 1629 2496 copias

589 2511 900 2565 lectissimas
922 2511 1063 2562 circa
1082 2528 1136 2562 se
1160 2521 1318 2578 atque
1337 2507 1437 2560 sub
1459 2506 1629 2560 oculis

592 2591 853 2660 haberent
869 2628 885 2656 ,
916 2609 986 2643 ne
1029 2587 1164 2662 quid
1207 2589 1344 2640 clam
1387 2587 1629 2640 consule·

593 2683 742 2738 rent,
769 2684 858 2724 aut
884 2688 1024 2724 nova
1054 2669 1378 2722 affectarent.
1412 2659 1467 2718 5⁰
1496 2668 1630 2719 Duae

595 2752 709 2804 aliae
766 2762 944 2824 partes
1005 2748 1276 2821 aequaliter
1331 2745 1631 2801 distributae

595 2831 890 2884 exercitum
918 2829 1263 2882 continebant
1288 2828 1346 2880 in
1377 2846 1441 2879 eo
1481 2826 1630 2879 ordi-

596 2930 666 2964 ne
707 2929 720 2963 :
769 2913 948 2981 equites
993 2899 1178 2960 roma'm·
1221 2907 1593 2960 honoratiores
1610 2943 1627 2971 ‚

597 2989 799 3054 triarii,
820 2989 1119 3060 principes,
1146 2987 1338 3039 hastati
1370 2987 1426 3039 in
1450 2985 1631 3039 medio

599 3083 654 3122 et
676 3070 742 3134 ab
765 3081 991 3139 utraque
1011 3079 1185 3140 parte:
1202 3066 1268 3119 ad
1285 3068 1448 3119 latera
1461 3104 1477 3131 ‚
1495 3072 1631 3138 equi-

603 3161 669 3202 tes
677 3153 924 3214 sociorum,
934 3147 1120 3218 pedites
1129 3151 1378 3200 sociorum.
1393 3136 1454 3200 6⁰
1463 3145 1634 3211 Quin-

600 3248 706 3302 que
728 3239 881 3282 erant
907 3227 1007 3280 viae
1037 3224 1250 3279 directae
1270 3239 1321 3278 et
1342 3226 1630 3298 parallelae,

601 3327 832 3382 quarum
853 3325 961 3359 una
976 3305 1151 3359 media
1168 3320 1222 3358 et
1238 3307 1424 3372 latior,
1449 3327 1478 3358 a
1500 3325 1634 3377 prae-

599 3389 742 3444 torio
771 3386 836 3442 ad
859 3383 1069 3458 portam
1096 3385 1441 3439 decumanam
1465 3405 1478 3438 ε
1512 3385 1632 3439 duae

603 3472 669 3524 ab
691 3482 919 3540 utraque
932 3479 1082 3540 parte
1111 3467 1182 3520 50
1205 3464 1328 3538 ped.
1353 3466 1472 3519 latae
1487 3506 1502 3535 ,
1525 3486 1633 3520 una

599 3564 897 3606 transversa
911 3587 928 3614 ,
985 3552 1216 3620 quintana
1280 3544 1438 3598 dicta.
1491 3549 1633 3601 Ante

603 3645 770 3700 castra
792 3629 1060 3701 legionum
1081 3666 1096 3691 ,
1128 3627 1227 3680 alia
1246 3626 1332 3680 via
1346 3665 1361 3691 ‚
1386 3627 1490 3679 lata
1513 3647 1633 3682 cen·

605 3724 720 3765 tum
750 3709 978 3782 pedibus
994 3749 1010 3778 ,
1027 3710 1272 3780 principia
1297 3705 1470 3759 dicta:
1495 3707 1554 3770 in
1571 3726 1633 3761 ea

604 3810 752 3844 sacra
773 3791 997 3856 fiebant,
1029 3807 1132 3840 aroe
1159 3800 1212 3840 et
1240 3786 1423 3840 altaria
1451 3807 1632 3860 surge-

604 3871 758 3935 bant;
787 3867 931 3922 unde
961 3886 1106 3922 sacra
1149 3879 1204 3920 et
1241 3880 1378 3920 casta
1418 3867 1629 3934 habita,

605 3967 870 4022 quamque
898 3947 1099 4002 violare
1132 3947 1277 4000 nefas
1315 3959 1457 4012 erat;
1484 3947 1630 4018 quod

605 4042 750 4104 patet
766 4047 831 4081 ex
854 4028 1175 4094 Quintil-,et
1203 4027 1371 4079 Tacit.
1407 4027 1547 4079 Hist.
1575 4047 1629 4095 1,

606 4113 658 4163 in
687 4111 804 4180 ipsis
817 4111 1072 4180 principiis
1093 4126 1262 4161 ausam
1285 4127 1406 4170 esse,
1433 4119 1488 4160 et
1504 4108 1633 4162 alibi

1712 1941 1780 1995 de
1807 1945 2026 2017 Sejano:
2062 1948 2279 1999 Tiben‘us
2310 1950 2404 2001 coli
2432 1948 2623 2021 effigies
2648 1954 2749 2021 ejus

1713 2028 1838 2076 inter·
1849 2028 2093 2098 principia
2116 2028 2355 2097 legionum
2375 2033 2567 2084 sineret.
2592 2030 2749 2085 Idem

1712 2105 1883 2158 Tacit.
1918 2103 1987 2158 de
2024 2108 2239 2161 Planco,
2282 2103 2486 2163 Caetera
2517 2124 2646 2183 pete
2686 2130 2749 2164 ex

1712 2184 1830 2257 ipso
1856 2184 2115 2238 iconismo
2146 2201 2457 2243 castrorum.

1799 2285 1826 2317 2
1836 2305 1849 2317 .
1868 2265 2225 2343 Adscendebat2
2244 2270 2279 2319 J
2282 2269 2506 2337 urinius,
2518 2272 2749 2324 ascende-

1714 2356 1821 2407 rat;
1833 2363 1942 2397 non
1956 2346 2161 2417 ingrata
2176 2348 2550 2404 emendatione
2559 2390 2575 2417 ,
2592 2353 2749 2424 quip-

1711 2444 1781 2497 pe
1797 2464 1813 2492 ,
1828 2436 1891 2476 ut
1904 2424 2109 2479 dictum
2136 2440 2214 2481 est
2226 2466 2243 2494 ,
2264 2448 2381 2502 cap.
2398 2430 2749 2502 praecedent„

1716 2506 2124 2561 transcenderant.

1798 2585 1943 2639 &Ex
1957 2598 2103 2658 parte
2118 2609 2213 2661 qua
2226 2591 2505 2660 proruebat.
2522 2593 2606 2644 Ita
2624 2613 2749 2647 nos·

1718 2666 1787 2717 tri
1816 2665 1975 2720 codd.
2010 2681 2063 2721 et
2094 2667 2447 2742 Oudendorp.
2486 2671 2603 2741 Qua
2624 2693 2745 2743 pro-

1716 2745 1911 2808 ruebat,
1947 2747 2109 2801 scilic.
2141 2768 2245 2820 qua
2275 2751 2563 2812 intraverat
2602 2752 2749 2806 intra

1714 2827 2057 2881 munitiones.
2099 2829 2134 2880 J
2138 2829 2343 2882 urinius
2384 2829 2528 2883 idem
2574 2834 2747 2910 expli-f

1716 2919 1800 2958 cat
1826 2925 1839 2959 :
1873 2927 1933 2958 ex
1947 2921 2091 2977 parte
2120 2929 2215 2981 qua
2232 2923 2515 2980 pror-uerat,
2550 2910 2608 2964 id
2640 2925 2744 2981 est,

1716 2985 1979 3038 ceciderat
2004 3026 2021 3052 ,
2048 2987 2211 3041 fracta
2256 2991 2428 3043 fuerat
2472 2993 2711 3046 munitio
2728 3032 2747 3060 ,

1716 3066 2027 3119 cohortibus
2045 3069 2421 3141 equitibusque
2439 3089 2557 3123 eam
2582 3085 2751 3126 nans·

1716 3144 2082 3200 cendentibus.
2104 3149 2274 3202 Aliter
2292 3151 2452 3202 etiam
2469 3152 2748 3220 Davisius,

1717 3225 1809 3296 qui
1837 3226 2087 3298 intelligit
2108 3247 2121 3282 ε
2145 3249 2207 3281 ex
2220 3241 2363 3300 parte
2382 3251 2525 3303 quam
2538 3253 2747 3302 prome·

1718 3318 1819 3368 rat,
1846 3303 1902 3357 id
1933 3319 2043 3373 est,
2070 3327 2233 3380 quam
2262 3308 2550 3380 dejecerat,
2585 3332 2747 3383 quam
2818 3349 2828 3359 -

1716 3384 1869 3437 humi
1887 3400 2244 3457 prostraverat
2257 3389 2585 3444 Caesarianus
2601 3413 2750 3446 exer·

1717 3465 1854 3518 citus
1869 3504 1885 3532 ,
1912 3486 2079 3537 quum
2111 3468 2537 3538 transcenderet;
2566 3485 2621 3524 et
2651 3493 2745 3546 qua

1718 3563 1819 3616 pro
1864 3566 2005 3616 quam
2052 3549 2287 3620 positum
2334 3550 2600 3604 existimat
2627 3554 2744 3605 hel·

1714 3625 1940 3679 lenismo
1970 3628 2064 3680 illo
2095 3648 2256 3700 quem
2285 3631 2456 3683 nostri
2478 3651 2745 3703 gramma·

1718 3705 1810 3758 tici
1851 3720 2046 3760 vocant
2080 3728 2163 3760 cas
2208 3710 2549 3774 d'attraction,
2585 3725 2647 3765 ut
2685 3714 2743 3765 in

1718 3785 1897 3837 Hirtio
1914 3827 1929 3852 ,
1953 3788 2085 3842 Bell.
2110 3789 2295 3855 Afric„
2318 3809 2435 3862 cap.
2462 3799 2530 3854 41
2560 3811 2574 3844 ε
2596 3795 2658 3845 ln
2688 3813 2744 3844 eo

1719 3867 1824 3917 loco
1844 3905 1859 3927 ,
1894 3886 1987 3938 quo
2021 3870 2174 3939 paulo
2212 3880 2324 3921 ante
2364 3878 2744 3926 commemoravi.

1719 3945 1823 3998 Sed
1870 3949 2167 4002 contortior
2206 3950 2343 4001 mihi
2371 3950 2587 4005 videtur
2629 3953 2745 4006 haec

1718 4027 2086 4095 interpretatio
2107 4068 2125 4093 ,
2168 4042 2224 4083 et
2276 4043 2473 4086 nostrae
2515 4031 2743 4086 firmiter

1719 4105 1980 4161 adhaereo.
