3025 5025
569 377 679 513 ε.

876 438 952 513 C.
1008 440 1293 509 JULII
1349 438 1819 507 CAESARIS
1873 436 2427 509 COMMENT.

575 570 942 644 Curionem
999 582 1481 667 propraetorem
1544 596 1701 639 cum
1756 566 2123 663 legionibus
2176 585 2467 665 quatuor
2504 596 2519 638 ε
2572 594 2737 642 eun-

575 679 764 770 dem,
843 704 1050 773 quum
1121 677 1412 746 Siciliam
1481 678 1871 771 recepisset,
1936 678 2244 771 protinus
2303 680 2375 746 in
2438 676 2741 746 Africam

575 786 1005 855 transducere
1074 786 1442 854 exercitum
1495 783 1706 875 jubet.
1784 782 2157 853 Sardiniam
2232 782 2578 853 obtinebat
2638 786 2737 853 M.

578 895 782 962 Cotta
797 878 844 979 ⁴,
867 891 1158 961 Siciliam
1190 894 1284 960 M.
1314 893 1486 960 Cato
1500 876 1547 979 ⁵,
1568 890 1869 959 Africam
1900 905 2079 960 sorte
2104 876 2407 961 Tuber-0⁶
2436 892 2743 961 obtinere

576 1060 701 1117 dem
713 1062 1047 1134 C.Scribonii
1061 1062 1332 1127 CurioniS,
1342 1062 1436 1133 qui
1447 1080 1612 1132 quaes-

577 1158 664 1198 tor
683 1183 700 1211 ,
714 1164 799 1197 an.
827 1144 940 1215 657
957 1182 973 1209 ,
997 1142 1063 1195 ad
1082 1144 1418 1195 tribunatum
1440 1142 1613 1212 plebis

576 1223 845 1290 ascendit,
879 1242 1022 1277 anno
1061 1224 1209 1289 663,
1245 1241 1371 1275 mox
1412 1220 1612 1287 aedffis,

577 1303 773 1357 deinde
811 1316 1011 1376 praetor
1035 1305 1303 1366 urbanus,
1337 1304 1450 1372 673
1469 1339 1486 1368 ,
1518 1300 1612 1354 de-

574 1404 726 1438 mum
744 1384 950 1448 consul,
964 1386 1099 1453 677,
1110 1402 1234 1435 cum
1250 1382 1352 1434 Cn.
1367 1382 1610 1435 Octauio·

575 1465 664 1517 Illi
714 1462 1030 1517 Macedonia
1071 1462 1351 1533 provincia
1401 1460 1613 1514 decreta

577 1558 658 1597 est
689 1563 775 1597 an.
813 1562 923 1615 seq.
940 1581 958 1607 ‚
985 1554 1039 1593 et
1067 1538 1370 1613 prorogata.
1398 1542 1613 1595 Primus

574 1624 775 1677 ducum
823 1624 1190 1675 Romanorum
1206 1660 1223 1686 ‚
1253 1620 1434 1674 Moesis
1475 1624 1613 1673 Dar-

575 1703 834 1775 danisque
867 1701 1168 1768 debellatis‚
1211 1699 1280 1759 ad
1305 1702 1614 1754 Danubium

577 1784 820 1857 accessit,
845 1796 906 1835 ut
935 1794 1197 1835 testantur
1227 1799 1510 1834 marmora.

575 1877 972 1921 &SCRIBONIVS
983 1876 1032 1917 C.
1043 1876 1100 1916 F..
1108 1906 1117 1915 .
1130 1877 1183 1917 N.
1192 1876 1364 1917 CVRIO
1373 1876 1483 1915 PRO
1493 1876 1613 1917 COS.

657 1950 732 1989 DE
759 1947 1078 1989 THRACIBVS.
1098 1947 1171 1987 ET
1200 1947 1528 1987 DARDANms.

853 2020 930 2059 Ex
957 2018 1302 2060 MACEDONIA.

577 2104 751 2173 Hujus
794 2120 1047 2153 nummus
1089 2100 1252 2152 habet
1300 2118 1415 2170 cap.
1461 2100 1495 2151 J
1497 2099 1613 2151 ovis

577 2181 868 2253 Capitolini
886 2180 1169 2232 barbatum
1189 2198 1203 2233 ε
1224 2180 1448 2233 Prionos,
1469 2198 1539 2231 131
1556 2178 1611 2233 S.

583 2264 644 2315 C.
657 2281 673 2329 ;
693 2281 755 2313 ex
769 2259 1010 2317 adversa,
1035 2260 1096 2311 C.
1118 2258 1402 2311 Scmnom.
1417 2258 1613 2311 Cvn10.

577 2374 659 2385 --
699 2340 990 2410 Legionihus
1035 2351 1256 2410 quatuor.
1307 2339 1390 2390 Ita
1434 2336 1614 2408 legen-

578 2416 712 2473 dum
743 2419 940 2473 docent
969 2419 1147 2471 Davis.
1175 2430 1230 2469 et
1267 2418 1471 2484 Clark.;
1502 2437 1615 2470 non

581 2520 653 2555 111
669 2540 684 2566 ,
710 2501 792 2554 uti
807 2500 1010 2553 habent
1029 2496 1186 2551 codd.
1205 2537 1222 2565 ,
1246 2509 1299 2551 et
1316 2511 1462 2570 patet
1486 2498 1613 2552 infr.

580 2601 646 2636 ex
672 2582 708 2634 l.
736 2600 814 2646 11,
848 2581 952 2644 23,
984 2580 1080 2650 ubi
1112 2597 1158 2630 11
1195 2579 1402 2648 legiones
1431 2599 1490 2630 ex
1523 2598 1609 2642 Π,

580 2683 700 2736 quas
731 2681 763 2712 a
805 2659 1000 2712 Caesare
1031 2671 1304 2730 acceperat,
1341 2671 1615 2730 transpor-

581 2756 736 2806 tatam,
768 2752 821 2792 et
861 2758 910 2792 c.
965 2739 1036 2809 37
1057 2777 1073 2803 ,
1105 2739 1200 2790 ubi
1245 2736 1376 2790 duae'
1397 2739 1617 2819 reliquae

582 2823 754 2875 missae
783 2830 1089 2872 narrantur.

669 2908 722 2966 4.
746 2901 821 2952 Μ.
850 2898 1016 2951 Cotta.
1043 2899 1090 2950 E
1115 2909 1270 2968 gente
1296 2897 1494 2951 illustri
1511 2898 1621 2950 Au-

583 2982 746 3045 relia,
769 2979 1008 3052 plebeia,
1041 2976 1136 3031 sed
1166 2977 1527 3031 consulatibus
1565 2991 1621 3030 et

586 3060 876 3132 triumphis
907 3057 1151 3111 decorata
1165 3096 1182 3125 ,
1207 3077 1308 3110 nec
1337 3076 1448 3110 non
1469 3077 1500 3110 e
1526 3058 1619 3110 Sa·

584 3141 728 3194 binis
751 3136 997 3192 oriunda.
1029 3136 1182 3191 Hanc
1208 3138 1480 3192 Aureliam
1503 3135 1620 3190 dic-

587 3232 696 3274 tam
705 3231 896 3292 putant
906 3237 934 3270 a
945 3219 1054 3271 sole
1064 3255 1077 3276 ,
1095 3213 1270 3281 (unde
1287 3219 1465 3271 forsan
1483 3235 1622 3289 saepe

589 3301 826 3354 occurrit
854 3300 912 3352 in
935 3299 1172 3351 nummis
1194 3298 1466 3350 Aureliani
1483 3300 1619 3368 Aug.

591 3380 715 3434 solis
741 3380 910 3450 figura
938 3377 1154 3431 radians
1178 3396 1304 3430 cum
1333 3378 1623 3449 epigraphe

591 3460 721 3513 Son
741 3455 1023 3522 vam‘ro.)
1044 3456 1191 3529 quod
1213 3458 1426 3529 publice
1452 3457 1502 3509 ei
1526 3455 1622 3509 da-

593 3554 678 3594 tus
707 3541 777 3593 sit
801 3557 838 3591 a·
857 3539 1064 3610 populo
1103 3556 1327 3589 romano
1352 3537 1531 3599 locus,
1564 3537 1622 3590 in

593 3639 702 3691 quo
717 3638 862 3672 sacra
880 3619 979 3671 soli
999 3617 1191 3670 fierent
1203 3656 1219 3679 ,
1243 3631 1305 3670 ut
1327 3618 1400 3669 ait
1417 3617 1620 3671 Festus.

591 3700 665 3752 Hi
687 3701 926 3772 primum
947 3697 1142 3751 Auselii
1167 3695 1299 3749 dicti
1313 3735 1330 3762 ‚
1353 3709 1414 3750 ut
1437 3697 1495 3749 V
1487 3698 1628 3749 alesii

592 3799 694 3854 pro
729 3781 945 3841 Valerii,
975 3777 1200 3830 solemni
1234 3795 1318 3849 ap.
1349 3789 1480 3830 vett.
1512 3778 1621 3836 Ro-

592 3878 778 3912 manos
806 3858 1104 3911 mutatione
1131 3857 1432 3911 litterarum
1459 3857 1512 3910 S.
1543 3857 1620 3911 M.

592 3944 657 3994 R.
686 3941 933 4004 Quatuor
955 3951 1070 3990 erat
1093 3937 1504 4008 cognominibus
1518 3935 1626 3990 dis-

593 4021 781 4089 tincta,
813 4020 1116 4083 Cunarum,
1144 4018 1480 4076 Orestarum,
1511 4020 1624 4070 Ru-

593 4102 772 4155 forum
790 4113 844 4152 et
867 4097 1207 4152 Scaurorum.
1240 4097 1412 4151 Cottas
1430 4099 1496 4152 ab
1518 4099 1623 4152 ira-

1699 1061 1897 1115 cundia
1931 1076 1983 1115 et
2023 1064 2273 1116 torvitate
2311 1062 2483 1117 dictos
2518 1064 2739 1131 volunt,

1697 1162 1831 1196 voce
1848 1144 2034 1196 Graeca
2052 1144 2219 1210 κότος,
2244 1162 2363 1215 quse
2387 1147 2461 1195 ira
2478 1157 2575 1197 est.
2595 1144 2742 1197 Hinc

1678 1223 1877 1276 'lusum
1900 1234 2006 1276 est:

1698 1310 1821 1349 Irasci
1838 1308 1969 1349 faciles
1985 1309 2121 1349 Cottas
2134 1337 2146 1355 ,
2164 1310 2375 1365 vultusque
2400 1324 2556 1351 severos

1724 1379 1843 1417 Fama
1872 1379 1992 1419 refert
2006 1408 2017 1425 ,
2041 1380 2175 1418 domui
2198 1392 2343 1418 nomen
2363 1390 2402 1419 et
2421 1380 2511 1419 inde
2532 1381 2682 1421 datum.

1702 1459 1763 1511 V
1753 1460 1955 1524 αἰΙΙαητ,
1973 1461 2192 1513 Numm.
2214 1472 2321 1513 ant.
2341 1461 2464 1513 fam.
2480 1480 2619 1515 rom.
2634 1475 2672 1515 t.
2690 1482 2735 1530 1,

1696 1558 1755 1611 p.
1807 1540 1935 1611 159.
1970 1540 2195 1593 Nullum
2238 1541 2435 1593 certius
2475 1542 2737 1595 habemus

1696 1621 1962 1673 numisma
2006 1622 2176 1674 nostri
2216 1622 2416 1687 Cottae,
2448 1620 2551 1674 nisi
2592 1622 2736 1677 forte

1700 1700 1750 1752 ei
1778 1700 1846 1752 sit
1878 1697 2247 1753 attribuendus
2277 1698 2527 1753 denarius
2550 1720 2737 1772 argen-

1698 1791 1814 1832 teus
1826 1818 1843 1846 ,
1862 1798 2023 1854 quem
2043 1779 2189 1833 idem
2209 1780 2269 1833 V
2260 1780 2441 1831 amant
2452 1780 2579 1834 citat
2596 1781 2733 1835 ibid.
2791 1810 2796 1816 ·

1697 1879 1753 1931 p.
1783 1864 1912 1914 161.
1951 1862 2017 1913 In
2048 1880 2157 1932 quo
2198 1879 2314 1931 cap.
2347 1862 2531 1914 Romae
2560 1862 2735 1933 galea-

1699 1950 1816 1991 tum
1847 1941 2045 2011 absque
2085 1940 2403 2012 epigraphe3
2433 1942 2492 1994 in
2521 1960 2704 1995 aversa
2718 1982 2734 2009 ,

1698 2018 1955 2073 Hercules
1986 2038 2147 2093 quem
2171 2022 2228 2072 in
2258 2029 2429 2073 curru*
2448 2021 2733 2075 sublimem

1696 2099 1904 2153 vehunt
1927 2098 2037 2152 duo
2062 2100 2333 2167 centauri,
2350 2099 2533 2153 dextra
2556 2102 2735 2173 spicu-

1698 2178 1841 2245 lum,
1872 2180 2086 2233 sinistra
2100 2180 2290 2251 palmae
2308 2198 2518 2233 ramum
2546 2194 2733 2235 tenen-

1700 2270 1803 2324 tes;
1829 2278 1955 2312 cum
1977 2260 2219 2331 inscript.
2242 2260 2319 2313 M.
2338 2262 2542 2314 Avnm..
2560 2274 2614 2314 et
2632 2262 2732 2316 inf.

1701 2340 1880 2393 Rom.
1918 2341 1971 2391 Is
2006 2359 2171 2411 porro
2202 2352 2315 2393 erat
2352 2340 2431 2393 M.
2464 2340 2636 2394 Cottae
2666 2342 2735 2394 fi-

1698 2418 1802 2472 lius
1818 2458 1834 2485 ,
1867 2420 1961 2491 qui
1986 2439 2015 2471 a
2042 2421 2287 2473 Carbone
2314 2420 2486 2472 fuerat
2512 2418 2734 2475 damna-

1700 2511 1787 2552 tus
1802 2539 1818 2564 ‚
1841 2515 1895 2554 et
1924 2499 2183 2554 habuerat
2203 2513 2309 2554 tres
2328 2498 2501 2564 filios,
2524 2502 2639 2556 soil.
2671 2501 2733 2557 C.

1702 2578 1877 2633 Aur-el.
1904 2580 2097 2633 Cottam
2110 2619 2124 2642 ,
2155 2580 2418 2654 insignem
2439 2593 2736 2650 oratorem,

1704 2671 1834 2712 teste
1880 2661 2174 2726 Cicerone,
2206 2658 2274 2712 de
2323 2673 2457 2712 orat.
2500 2663 2595 2714 lib.
2630 2681 2735 2728 111,

1702 2758 1749 2792 c.
1785 2740 1865 2806 3.;
1898 2741 2153 2806 Marcum,
2180 2743 2329 2810 cujus
2368 2739 2425 2792 h.
2456 2741 2495 2792 l.
2530 2743 2735 2796 mentio

1703 2819 1765 2870 fit
1782 2857 1798 2884 ‚
1828 2832 1881 2873 et
1910 2821 2127 2872 Lucium.
2161 2820 2331 2872 Porro
2364 2823 2572 2873 nummi
2612 2841 2737 2894 pars

1702 2900 1907 2970 postica
1953 2897 2144 2952 alludit
2188 2897 2257 2952 ad
2296 2903 2739 2956 restaurationem

1704 2980 1891 3050 templi
1935 2979 2181 3032 Herculis
2197 3018 2214 3044 ‚
2242 2981 2301 3032 in
2346 2981 2465 3033 foro
2508 2983 2705 3036 Boario
2720 3023 2737 3050 ‚

1705 3057 1837 3110 dum
1858 3060 1939 3111 M.
1960 3059 2119 3113 Cotta
2139 3072 2275 3112 esset
2298 3061 2548 3114 triumvir
2576 3065 2741 3118 sacris

1704 3137 2083 3209 conquirendis
2097 3177 2115 3206 ,
2132 3140 2475 3211 turribusque
2500 3141 2745 3196 reficien-

1706 3216 1807 3271 dis.
1830 3220 2096 3273 Caeterum
2117 3220 2163 3272 si
2181 3219 2325 3272 idem
2350 3233 2454 3286 est,
2480 3222 2558 3274 M.
2580 3223 2741 3277 Cotta

1705 3301 1933 3365 nummi,
1952 3312 2109 3370 atque
2130 3300 2287 3353 Cotta
2304 3301 2739 3367 Coesaris‚admo-

1706 3375 1837 3432 dum
1868 3398 2028 3433 senex
2054 3399 2163 3432 esse
2190 3379 2394 3434 debuit.
2698 3424 2705 3428 .

1792 3459 1844 3511 5.
1861 3459 1941 3512 M.
1966 3459 2110 3512 Cato.
2130 3461 2211 3512 De
2228 3474 2385 3532 gente
2402 3461 2595 3516 Porcia
2612 3463 2741 3517 alias
2778 3501 2785 3510 -

1707 3537 1965 3592 dicemus.

1792 3623 1845 3673 6.
1908 3619 2115 3672 Tubero.
2162 3621 2231 3684 Q.
2276 3621 2448 3674 AElius
2496 3622 2737 3679 Tubero.

1710 3698 1855 3752 Gens
1900 3701 2039 3752 AElia
2054 3739 2070 3766 ,
2102 3700 2308 3772 plebeia
2324 3740 2343 3767 ‚
2374 3699 2467 3754 sed
2496 3703 2739 3758 celebris.

1710 3779 1839 3832 AElii
1885 3799 2014 3832 vero
2029 3819 2046 3847 ,
2086 3781 2143 3832 in
2184 3780 2499 3852 Capitolinis
2544 3802 2743 3836 monu-

1711 3859 1903 3913 mentis
1921 3858 2177 3914 dicuntur
2198 3861 2331 3915 Attii
2340 3900 2355 3922 ,
2380 3856 2401 3925 (
2424 3861 2557 3915 Attii
2594 3865 2742 3918 enim

1709 3954 1764 3992 et
1787 3941 1925 3994 AElii
1942 3941 1999 3994 in
2016 3953 2195 3994 vetere
2213 3941 2394 4012 lingua
2410 3942 2575 3996 latina
2594 3942 2743 3998 idem

1709 4020 2037 4092 significant)
2052 4021 2246 4092 quihus
2286 4022 2590 4094 nupsissent
2620 4021 2743 4078 dun

1711 4119 1918 4156 sorores
1948 4115 2163 4156 auctore
2186 4101 2467 4156 Eustathio
2482 4104 2543 4156 in
2565 4105 2633 4157 11.
2660 4123 2708 4158 11
2723 4143 2741 4173 ,
