3025 5025
48 847 76 1076 ssew-ffi-

617 491 764 558 DE
817 490 1176 558 BELLO
1223 489 1602 558 CIVILI.
1662 491 1853 558 LIB.
1910 493 2065 558 III.
2272 492 2419 584 247

285 633 562 712 angusta
593 645 666 690 re
696 619 1132 693 frumentaria
1161 621 1504 709 utebatur,
1535 620 1845 715 quodque
1873 624 2229 717 Pompeius
2260 621 2431 691 mul-

283 725 558 794 titudine
599 729 899 820 equitum
937 726 1238 814 valebat,
1290 751 1424 822 quo
1469 729 1726 798 minore
1778 727 2073 823 periculo
2137 729 2429 822 undique

283 827 692 902 frumentum
731 849 1312 928 commeatumque
1355 836 1675 904 exercitui
1719 849 2113 928 supportare
2156 849 2382 928 posset
2408 860 2439 922 3·

283 936 519 1027 simul,
555 942 654 1008 uti
697 939 1124 1034 pabulatione
1157 942 1553 1036 Pompeium
1588 942 2003 1035 prohiberet,
2040 943 2438 1035 equitatum-

279 1067 408 1135 que
449 1047 592 1138 ejus
637 1047 722 1114 ad
763 1071 906 1114 rem
951 1047 1313 1141 gerendam
1356 1045 1659 1116 inutilem
1696 1047 2031 1135 efficeret;
2074 1050 2271 1116 tertio
2296 1096 2315 1132 ‚
2352 1061 2431 1115 ut

280 1155 745 1221 auctoritatem
763 1207 782 1240 ‚
811 1177 941 1247 qua
969 1152 1078 1225 ille
1111 1151 1398 1222 maxime
1425 1154 1606 1248 apud
1642 1169 1901 1223 exteras
1936 1157 2239 1223 nationes
2272 1139 2426 1222 niti³

280 1257 631 1329 videbatur
649 1309 668 1343 ‚
705 1261 1076 1347 minueret3
1131 1284 1340 1354 quum
1385 1259 1563 1328 fama
1619 1287 1741 1355 per
1800 1261 2033 1330 orbem
2093 1275 2425 1330 terrarum

278 1365 767 1456 percrebuisset
787 1420 808 1454 ‚
865 1365 1054 1436 illum
1099 1391 1139 1434 a
1183 1369 1446 1436 Caesare
1501 1367 1835 1450 obsideri,
1894 1391 2113 1461 neque
2180 1367 2435 1435 audere

273 1468 498 1562 praelio
541 1471 874 1542 dimicare.

377 1581 632 1648 XLIV.
668 1581 1024 1674 Pompeius
1050 1601 1265 1674 neque
1293 1604 1332 1648 a
1357 1581 1529 1648 mari
1554 1579 2061 1674 Dyrrachioque
2088 1578 2425 1649 discedere

278 1682 546 1754 volebat
564 1738 583 1774 ‚
621 1686 802 1779 quod
844 1710 1113 1754 omnem
1155 1700 1552 1781 apparatum
1588 1686 1777 1774 belli,
1814 1685 1947 1754 tela
1967 1740 1986 1773 ‚
2030 1710 2215 1754 arma
2235 1739 2255 1772 ‚
2284 1700 2425 1754 tor-

277 1805 536 1878 menta,
565 1792 655 1861 ibi
693 1791 1138 1862 collocaverat
1155 1847 1175 1882 ‚
1211 1793 1755 1886 frumentumque
1792 1793 2111 1862 exercitui
2140 1793 2426 1864 navibus

273 1898 744 1991 supportabat3
768 1924 984 1994 neque
1009 1902 1410 1968 munitiones
1445 1901 1723 1969 Caesaris
1748 1900 2103 1994 prohibere
2130 1913 2425 1993 poterat,

271 2004 391 2070 nisi
423 2003 653 2098 praelio
682 2006 1023 2074 decertare
1039 2004 1273 2094 vellet,
1297 2005 1477 2099 quod
1502 2031 1583 2074 eo
1606 2021 1909 2100 tempore
1936 2019 2257 2074 statuerat
2286 2031 2423 2074 non

273 2134 416 2178 esse
460 2110 842 2182 faciendum
860 2111 900 2180 ¹.
939 2111 1500 2218 Relinquebatur,
1543 2127 1652 2204 ut,
1684 2126 2050 2181 extremam
2094 2113 2423 2192 rationem

273 2310 492 2364 stitisset
505 2351 520 2379 ,
551 2313 702 2383 cujus
725 2311 950 2365 interior
979 2323 1092 2364 erat
1121 2330 1302 2384 gyrus.

274 2391 580 2463 Appianas,
602 2393 696 2445 lib.
723 2410 771 2446 11
786 2430 802 2457 ,
828 2392 966 2448 hanc
995 2391 1306 2464 circumval-

269 2470 530 2525 lationem
545 2472 686 2525 inter
701 2472 954 2544 praeclara
970 2484 1024 2525 et
1043 2470 1306 2543 stupenda

269 2550 474 2622 ingenii
494 2553 718 2606 humani
737 2572 902 2623 opera
915 2565 1186 2618 numerat,
1198 2553 1304 2605 illi-

272 2650 378 2701 que
411 2633 656 2685 attribuit
682 2632 845 2683 stadia
875 2633 1080 2686 ducenta
1107 2632 1166 2684 in
1199 2632 1304 2685 cir-

277 2713 462 2776 cuitu,
489 2732 583 2765 seu
615 2713 802 2765 25000
833 2732 971 2783 pass·
997 2730 1205 2787 roman..
1225 2708 1246 2774 (
1269 2718 1300 2768 8

275 2792 422 2843 lienes
434 2793 606 2864 smne.
621 2790 642 2857 )
660 2792 919 2846 :munitio
935 2793 1160 2845 interior
1183 2806 1306 2846 ante

279 2872 516 2925 Alesiam
533 2891 590 2925 11
615 2884 825 2925 tantum
852 2872 1019 2925 millia
1039 2873 1305 2943 complec-

276 2952 520 3019 tebatur;
541 2954 604 3005 B.
635 2952 703 3005 G.
735 2953 770 3005 Ι.
805 2954 949 3016 VII,
977 2971 1023 3004 c.
1053 2955 1148 3022 69.
1174 2952 1304 3006 vid.

274 3049 492 3105 quoque
537 3031 606 3085 de
647 3032 949 3085 munitione
991 3030 1060 3085 ad
1103 3034 1307 3103 Dyrra-

272 3111 494 3178 chium,
519 3113 650 3166 Luc.
673 3132 758 3178 vr,
789 3112 860 3165 38
883 3129 898 3165 :

274 3200 532 3251 Frangunuu·
565 3208 718 3239 montes
738 3226 750 3246 ,
784 3198 1026 3251 planumque
1057 3212 1132 3253 per
1164 3198 1286 3237 ardun

461 3260 593 3301 Caesnr

278 3324 400 3365 Ducit
427 3338 551 3377 opus,
576 3324 714 3376 pandit
737 3323 882 3371 roms,
905 3324 1126 3377 tun-itaque
1149 3324 1310 3363 summis

275 3386 466 3439 Disponit
481 3386 639 3425 castella
652 3386 756 3439 jugis
769 3412 780 3431 ,
803 3398 1027 3438 magnoque
1045 3400 1202 3425 recessu

275 3448 494 3502 Amplexus
513 3447 612 3488 fine·
624 3477 638 3499 ,
660 3448 781 3487 ultus
793 3476 806 3495 ‚
827 3462 1114 3500 nemorosaque
1135 3456 1297 3501 tesqua,

276 3512 330 3551 Et
343 3511 503 3565 sylvus,
525 3522 714 3564 vastaque
739 3512 842 3550 ferus
870 3512 1052 3564 indagine
1073 3510 1231 3551 clausit.

278 3591 444 3647 Unde
474 3593 705 3665 Appiani
735 3611 982 3646 mensura
1011 3612 1123 3645 non
1156 3611 1311 3645 exsu-

279 3686 434 3743 perat
451 3672 634 3737 fidem,
649 3686 705 3725 et
714 3692 842 3726 vero
855 3674 1080 3744 propius
1093 3670 1310 3725 accedit.

368 3754 420 3805 3.
447 3754 577 3805 Niti.
605 3751 779 3805 Codd.
803 3753 974 3805 nostri
993 3752 1068 3806 ita
1088 3753 1312 3817 habent,

280 3844 444 3886 recte.
483 3832 592 3885 Alii
630 3833 885 3903 permulti
929 3834 1171 3885 scribunt
1208 3836 1313 3884 uti:

279 3913 420 3965 male
463 3931 532 3965 ex
573 3912 840 3983 frequenti
883 3912 1210 3965 confusione.
1233 3934 1314 3947 —

283 3993 433 4045 Illum
463 4012 494 4043 a
525 3992 738 4046 Caesare.
781 3991 1030 4045 Miranda
1064 4004 1206 4045 certe
1231 3992 1317 4043 vi-

279 4070 400 4125 deri
429 4086 636 4144 posset,
669 4086 722 4126 et
751 4072 969 4144 quidem
985 4072 1316 4143 sagacissima

277 4150 564 4225 dispositio
587 4154 715 4220 ista,
741 4150 1034 4209 dummodo
1057 4152 1180 4207 satis
1205 4152 1318 4207 Cae-

1391 2311 1495 2363 sari
1521 2310 1706 2367 fuisset
1736 2311 2009 2382 copiarum
2029 2349 2046 2376 ,
2070 2323 2131 2363 ut
2152 2312 2257 2363 tale
2286 2331 2423 2382 opus

1389 2409 1641 2462 peragere
1658 2405 1849 2462 posset.
1869 2389 2031 2455 Quod
2048 2403 2358 2460 stratagema
2373 2393 2424 2444 ei

1391 2471 1617 2524 feliciter
1630 2483 1854 2525 cesserat
1872 2468 2123 2524 adversus
2136 2471 2426 2541 Vercinge-

1392 2552 1644 2622 torigem,
1667 2552 1725 2602 in
1747 2552 1808 2603 B.
1834 2550 1976 2613 Gal„
2001 2550 2095 2603 lib.
2113 2552 2241 2616 VII,
2256 2552 2419 2603 alium

1391 2631 1496 2683 hoc.
1533 2632 1653 2683 loco
1690 2630 1881 2683 habuit
1908 2630 2142 2696 exitum;
2171 2648 2298 2681 nam
2326 2628 2421 2682 ad-

1390 2711 1649 2765 versarios
1702 2710 2019 2781 Pompeium
2072 2722 2127 2762 et
2173 2708 2420 2763 romanas

1390 2790 1623 2861 legiones
1646 2790 1905 2843 habebat:
1928 2789 2302 2861 imprudentiae
2335 2802 2419 2841 ta-

1391 2890 1515 2923 men
1548 2864 1618 2924 acx
1646 2870 1957 2923 temeritatis
1998 2871 2259 2923 Caesarem
2290 2869 2419 2922 insi-

1391 2953 1595 3004 mulare
1622 2969 1735 3002 non
1764 2950 1950 3004 ausim.

1474 3032 1605 3084 CAP.
1636 3032 1837 3083 XLIV.
1873 3048 1922 3083 1.
1957 3030 2109 3099 Quod
2124 3050 2181 3081 eo
2216 3042 2423 3100 tempore

1392 3121 1633 3163 statuerat
1648 3130 1745 3161 non
1763 3130 1861 3161 esse
1867 3110 2163 3177 factendam.
2186 3110 2288 3164 Hic
2311 3110 2423 3161 ani-

1394 3188 1839 3243 madvertendum
1848 3202 1943 3256 est,
1954 3188 2198 3262 quantuli
2212 3203 2314 3243 stet
2324 3190 2425 3242 ho-

1355 3282 1360 3287 '
1393 3272 1604 3323 minum
1619 3271 1703 3323 vel
1724 3271 2248 3341 praeclarissimorum
2261 3271 2419 3323 fama.

1397 3352 1629 3405 Omnem
1664 3351 1867 3404 bellicae
1909 3352 2123 3404 virtutis
2169 3348 2383 3402 laudem
2401 3388 2419 3413 ‚

1396 3452 1521 3485 cum
1578 3432 1878 3484 Pharsalica
1931 3448 2109 3502 pugna
2136 3467 2153 3495 ,
2206 3428 2425 3481 videtur

1397 3510 1631 3565 amisisse
1662 3512 1973 3582 Pompeius,
1994 3510 2089 3581 qui
2124 3521 2299 3561 tamen
2332 3507 2424 3561 hic

1395 3591 1717 3664 peritissimo
1730 3590 1867 3643 duce
1880 3592 2085 3643 Caesare
2103 3587 2425 3659 prudentior

1397 3673 1504 3724 fuit
1530 3691 1545 3726 ε
1574 3672 1773 3742 quippe
1810 3688 1971 3741 quem
1990 3710 2004 3736 ,
2037 3669 2150 3739 ipse
2167 3707 2183 3734 ,
2216 3667 2423 3720 viribus

1399 3753 1644 3823 superior
1658 3790 1674 3819 ,
1692 3750 1959 3815 irretitum
1977 3748 2271 3801 temeritate
2296 3766 2390 3799 sua
2402 3783 2419 3812 ,

1401 3845 1559 3903 atque
1590 3831 1756 3883 veluti
1780 3829 2047 3882 inclusum
2086 3828 2143 3880 in
2180 3826 2428 3881 Macedo·-

1400 3912 1489 3963 nia
1535 3911 1780 3977 tenebat,
1813 3927 1981 3979 quum
2024 3926 2122 3961 nec
2158 3908 2349 3960 auxilia
2392 3926 2423 3959 e

1401 3990 1569 4059 mari,
1593 3988 1741 4061 quod
1764 3990 1949 4042 classes
1983 3988 2423 4041 numerosissimae

1401 4071 1755 4141 occupabant,
1776 4088 1951 4142 neque
1976 4070 2135 4122 etiam
2158 4069 2425 4121 flumenta

1403 4170 1434 4205 e
1445 4163 1585 4205 terra
1599 4151 1750 4206 facile
1762 4148 2248 4223 suppeditarentur.
2262 4145 2424 4214 Quod
2466 4202 2469 4205 ,

1897 4246 2025 4328 16⁴
