3025 5025
695 458 837 527 DE
891 459 1242 531 BELLo
1297 457 1674 529 civim.
1730 461 1919 531 ΠΒ.
1976 466 2029 533 1.
2341 472 2441 563 49

307 586 572 657 Caesaris
615 589 1066 676 adhaeserant,
1103 590 1370 685 scaphis
1416 589 1855 686 lintribusque
1901 594 2409 690 deprehendunt
2426 654 2445 689 ‚

303 692 739 788 deprehensas
783 699 1138 791 excipiunt.

400 804 659 871 XXIX.
719 805 976 891 Caesar,
1013 806 1136 873 etsi
1167 802 1254 871 ad
1301 829 1487 899 spem
1526 806 1923 876 conficiendi
1954 812 2202 904 negotii
2227 815 2443 879 maxi-

303 932 403 975 me
451 909 788 1002 probabat
811 963 832 997 ‚
890 912 1138 979 coactis
1189 911 1472 981 navibus
1525 936 1710 981 mare
1758 915 2073 1003 transire,
2120 930 2187 984 et
2237 919 2445 987 Pom-

297 1016 512 1109 peium
539 1018 765 1111 sequi,
791 1018 1180 1113 priusquam
1209 1016 1320 1088 ille
1349 1042 1488 1087 sese
1519 1022 1976 1091 transmarinis
2000 1021 2253 1091 auxiliis
2285 1049 2444 1093 con-

253 1162 259 1168 ·
295 1119 634 1211 firmaret;
669 1137 895 1193 tamen
933 1126 1076 1217 ejus
1120 1126 1215 1193 rei
1252 1149 1512 1194 moram
1561 1128 2011 1221 temporisque
2070 1124 2445 1223 longinqui·-

297 1240 490 1296 tatem
518 1228 831 1317 timebat,
863 1230 1076 1323 quod,
1097 1231 1414 1300 omnibus
1451 1235 1701 1302 coactis
1742 1234 2062 1319 navibuS‚
2090 1237 2447 1329 Pompeius

293 1350 686 1427 praesentem
719 1335 1104 1407 facultatem
1136 1337 1525 1432 insequendi
1560 1340 1662 1407 sui
1692 1338 2047 1413 ademerat.
2088 1338 2446 1435 Relinque-

293 1440 480 1511 batur
499 1496 520 1531 ,
569 1458 649 1512 ut
689 1468 774 1512 ex
815 1442 1388 1539 longinquioribus
1441 1446 1823 1539 regionibus
1842 1444 1860 1471 ¹
1907 1445 2139 1517 Galliae
2181 1450 2445 1517 Piceni-

291 1574 413 1643 que
437 1604 457 1637 ,
501 1564 575 1617 et
627 1574 669 1619 a
723 1548 900 1618 freto
951 1574 1156 1619 naves
1209 1566 1434 1620 essent
1501 1552 1981 1645 exspectandas.
2032 1554 2115 1621 Id
2168 1571 2449 1649 propter

290 1650 438 1723 anni
471 1671 744 1751 tempus
782 1655 1059 1751 longum
1100 1672 1299 1751 atque
1337 1658 1736 1753 impeditum
1770 1658 2139 1729 videbatur.
2177 1662 2446 1731 Interea

289 1778 582 1832 veterem
611 1764 976 1834 exercitum
995 1818 1016 1852 ‚
1053 1760 1218 1833 duas
1247 1761 1636 1858 Hispanias²
1668 1764 2089 1853 confirmari,
2114 1757 2445 1861 (quarum

291 1866 490 1938 altera
529 1884 679 1938 erat
707 1872 1012 1938 maximis
1053 1869 1390 1939 beneficiis
1420 1872 1719 1965 Pompeii
1756 1865 2137 1963 devincta,)
2172 1873 2443 1964 auxilia,

289 1978 654 2069 equitatum
685 1978 946 2071 parari,
975 1974 1262 2045 Galliam
1294 1975 1689 2071 Italiamque
1721 1981 2001 2069 tentari,
2032 2004 2103 2049 se
2135 1980 2443 2070 absente,

290 2082 568 2153 nolebat.
1447 2110 1454 2115 ·
1566 2076 1573 2084 ¹

383 2192 641 2259 XXX..
669 2192 906 2284 Itaque
951 2192 1020 2257 in
1063 2190 1414 2283 praesentia
1457 2192 1755 2285 Pompeii
1800 2192 2191 2286 insequendi
2232 2197 2437 2265 ratio-

290 2296 470 2369 nem¹
505 2297 792 2384 omittit3
835 2298 904 2364 in
938 2297 1330 2390 Hispaniam
1375 2296 1709 2389 proficisci
1762 2301 2151 2389 constituit3
2191 2299 2439 2369 duum-

287 2405 436 2473 viris
496 2403 1022 2497 municipiorum
1069 2404 1368 2471 omnium
1405 2404 1721 2496 imperat,
1765 2418 1843 2471 ut
1896 2427 2101 2473 naves
2153 2408 2437 2499 conqui-

285 2513 466 2600 rant,
502 2509 1070 2606 Brundisiumque
1103 2508 1530 2578 deducendas
1573 2523 1828 2578 curent.
1868 2511 2081 2578 Mittit.
2106 2512 2175 2578 in
2205 2513 2434 2581 Sardi-

285 2621 453 2688 niam
497 2643 656 2686 cum
709 2615 967 2712 legione
1024 2641 1160 2684 una
1201 2614 1546 2686 Valerium
1568 2614 1589 2640 ²
1630 2615 1957 2710 legatum3
1994 2617 2064 2684 in
2106 2606 2433 2689 Siciliam³

349 2834 489 2887 Car.
535 2831 740 2884 XXIX.
789 2847 840 2880 ιι.
879 2825 1316 2900 longinquioribus
1401 2829 1486 2899 qui
1501 2825 1569 2878 ibi
1590 2838 1753 2887 erant,
1772 2827 2075 2900 relinquet-et,
2094 2847 2188 2900 quo
2204 2849 2255 2880 se
2278 2835 2435 2902 conji-

281 2913 550 2984 ngionc'hus
567 2910 785 2964 Gallice:
803 2926 987 2969 naves,
1007 2907 1202 2980 quibus
1210 2908 1316 2959 Ve-
1399 2919 1528 2958 cer-et
1555 2907 1835 2978 Pompeias,
1867 2919 1924 2960 ut
1947 2911 2148 2979 ancipiti
2184 2919 2435 2980 urgeretur

280 2994 446 3046 netica
477 3004 532 3046 et
563 2989 871 3043 Britannica
901 2988 1038 3040 bella
1071 2987 1314 3048 confece-

280 3086 384 3139 ταῖς
411 3073 500 3126 his
517 3069 740 3143 quidem
767 3066 1094 3122 Gaditanum
1113 3067 1314 3120 fretum

281 3149 640 3226 superandum
687 3162 800 3203 erat
818 3187 834 3214 ,
874 3160 928 3201 et
966 3165 1113 3199 mare
1147 3145 1316 3199 medi·

281 3245 578 3301 tei-rancum
599 3227 1081 3302 trajiciendum.-—
1095 3228 1150 3279 A
1158 3228 1312 3294 freto.

283 3314 522 3368 Davisius
555 3310 810 3381 intelligit
847 3310 1044 3362 fretum
1090 3305 1311 3360 Gadita-

281 3412 422 3460 num,
433 3413 500 3446 ex
515 3391 830 3446 auctoritate
839 3387 1124 3458 Pomponii
1136 3387 1310 3453 Meloe,

267 3460 368 3525 lib.
389 3491 442 3539 1,
459 3492 511 3527 c.
539 3473 606 3537 3;
629 3471 728 3523 lib.
743 3488 816 3534 ιι,
833 3469 892 3522 ο.’
907 3488 938 3538 7
957 3485 971 3520 :
993 3465 1313 3520 Oudendor-

282 3555 392 3625 pius
409 3553 670 3607 Siculum.
683 3549 954 3602 Posterius
973 3547 1310 3600 verisimilius
1359 3616 1362 3619 1

283 3646 353 3686 est
376 3632 529 3699 ideo,
560 3628 711 3703 quod
735 3631 934 3695 Caesar,
953 3647 1071 3700 cap.
1110 3628 1179 3679 25
1193 3645 1312 3693 ,co-

282 3713 386 3784 pias
396 3715 456 3767 in
470 3713 712 3766 Siciliam
727 3710 941 3762 miserat
950 3747 966 3774 ,
981 3705 1126 3759 unde
1136 3725 1311 3760 rever-

283 3811 418 3847 suras
435 3811 586 3846 nunc
617 3808 780 3844 naves
797 3787 1148 3860 exspectabat.
1174 3787 1252 3840 M.

357 3896 404 3928 2.
437 3875 584 3927 Duas
615 3872 904 3942 Hispanias.
933 3868 1068 3921 Scil.
1091 3867 1307 3920 citerio-

286 3970 416 4019 rem,
443 3967 497 4008 et
526 3951 859 4006 ulteriorem.
892 3951 1011 4014 Qua
1041 3947 1110 4000 de
1146 3967 1205 4001 re
1236 3948 1308 3998 ita

285 4033 446 4087 Varro
481 4053 495 4088 :
533 4031 712 4086 Coesar
741 4033 1048 4083 reversionem
1065 4030 1215 4096 ficit,
1251 4046 1310 4078 ne

275 4127 380 4182 post
395 4116 672 4187 occipitium
699 4114 750 4164 iu
771 4111 1046 4180 Hispania,
1075 4111 1308 4161 exercitus

373 4229 473 4294 II.

1399 2986 1540 3040 bello.
1562 3019 1636 3030 —-
1658 2987 1854 3041 Altera.
1900 2986 2134 3040 Citerior
2147 3028 2165 3054 ,
2195 2990 2432 3062 beneficiis

1397 3067 1630 3136 Pompeio
1642 3068 1859 3120 devincta
1872 3087 1893 3130 ‚·
1906 3066 1963 3119 in
1974 3069 2117 3121 bello
2130 3069 2331 3124 Sertor.

1480 3147 1611 3200 Car.
1641 3149 1815 3200 XXX.
1842 3166 1891 3200 1.
1910 3149 2183 3204 Rationem.
2216 3152 2429 3222 Cogita·-

1397 3228 1602 3280 tionem
1648 3225 1979 3298 insequendi.
2016 3261 2100 3271 —
2126 3231 2424 3285 Duumviraelr.

1396 3307 1504 3359 Eos
1557 3307 1891 3378 magistratus
1910 3306 2241 3380 oppidorum
2268 3310 2433 3364 fuisse

1397 3387 1649 3440 omnibus
1679 3400 1870 3439 notum
1901 3401 1995 3441 est.

1482 3487 1533 3520 ς.
1564 3468 1622 3520 V
1614 3467 1919 3520 aleriamM.
1948 3467 2007 3520 V
1999 3467 2200 3520 aleriam
2226 3470 2426 3522 Oreum.

1394 3548 1449 3600 Is
1473 3560 1581 3612 est,
1608 3546 1675 3599 ad
1700 3565 1862 3618 quem
1886 3548 2177 3600 mittuntur
2201 3549 2260 3600 in
2286 3549 2427 3603 libro

1394 3645 1503 3680 xm
1530 3628 1803 3680 Ciceronis
1830 3626 1898 3680 ad
1930 3628 2094 3680 famil.
2121 3628 2357 3699 epistolae
2373 3637 2428 3698 4,

1398 3711 1452 3761 6.
1483 3707 1564 3760 De
1594 3719 1750 3778 gente
1765 3708 1983 3760 Valeria
2012 3707 2137 3788 alias
2170 3706 2426 3765 dicemuS.

1479 3787 1533 3839 3.
1550 3788 1613 3839 In
1624 3787 1859 3839 Siciliam.
1882 3786 1938 3838 Si
1962 3787 2237 3841 nonnullis
2254 3788 2428 3843 credi-

1394 3885 1514 3918 mus
1530 3905 1546 3932 ,
1582 3867 1735 3938 prior
1774 3885 1839 3918 eo
1876 3865 2067 3919 missus
2098 3882 2175 3922 est
2214 3870 2427 3926 Asinius

1395 3946 1589 3999 Pollio.
1616 3947 1758 3998 Plut.
1787 3946 1845 3998 in
1876 3944 2096 4001 Catone.
2124 3947 2269 4002 Vide
2298 3952 2425 4006 infr.

1397 4037 1508 4079 not.
1535 4046 1587 4096 7.
1604 4058 1686 4069 —
1702 4025 1974 4080 Curionem.
1990 4027 2036 4079 E
2051 4042 2207 4100 gente
2221 4016 2430 4084 Scribo-

1394 4107 1501 4161 nia.
1514 4107 1587 4162 V.
1606 4125 1753 4180 supr.
1774 4125 1819 4160 c.
1840 4111 1933 4164 26.
1958 4107 2122 4164 Forte
2132 4108 2275 4176 filius
2284 4103 2425 4182 ejus·-

2010 4222 2055 4307 4
