<?xml version="1.0" encoding="UTF-8"?>
<!DOCTYPE html PUBLIC "-//W3C//DTD XHTML 1.0 Transitional//EN"
    "http://www.w3.org/TR/xhtml1/DTD/xhtml1-transitional.dtd">
<html xmlns="http://www.w3.org/1999/xhtml" xml:lang="en" lang="en">
 <head>
  <title>
</title>
<meta http-equiv="Content-Type" content="text/html;charset=utf-8" />
  <meta name='ocr-system' content='tesseract 3.04.00' />
  <meta name='ocr-capabilities' content='ocr_page ocr_carea ocr_par ocr_line ocrx_word'/>
</head>
<body>
  <div class='ocr_page' id='page_1' title='image "./caiusjuliuscsar00plutgoog_0529.png"; bbox 0 0 3025 5025; ppageno 0'>
   <div class='ocr_carea' id='block_1_1' title="bbox 632 489 1980 562">
    <p class='ocr_par' dir='ltr' id='par_1_1' title="bbox 632 489 1980 562">
     <span class='ocr_line' id='line_1_1' title="bbox 632 489 1980 562; baseline -0.004 -1"><span class='ocrx_word' id='word_1_1' title='bbox 632 489 778 562; x_wconf 83' lang='lat'>508</span> <span class='ocrx_word' id='word_1_2' title='bbox 1415 490 1559 558; x_wconf 87' lang='lat' dir='ltr'>DE</span> <span class='ocrx_word' id='word_1_3' title='bbox 1631 489 1980 557; x_wconf 90' lang='lat' dir='ltr'>BELLO</span> 
     </span>
    </p>
   </div>
   <div class='ocr_carea' id='block_1_2' title="bbox 626 606 2770 821">
    <p class='ocr_par' dir='ltr' id='par_1_2' title="bbox 626 606 2770 821">
     <span class='ocr_line' id='line_1_2' title="bbox 626 606 2764 716; baseline 0 -28"><span class='ocrx_word' id='word_1_4' title='bbox 626 623 784 710; x_wconf 88' lang='lat' dir='ltr'>Quo</span> <span class='ocrx_word' id='word_1_5' title='bbox 826 634 1181 716; x_wconf 77' lang='lat' dir='ltr'>postquam</span> <span class='ocrx_word' id='word_1_6' title='bbox 1226 633 1717 715; x_wconf 85' lang='lat' dir='ltr'>pervenerunt,</span> <span class='ocrx_word' id='word_1_7' title='bbox 1758 643 1837 688; x_wconf 91' lang='lat' dir='ltr'>ea</span> <span class='ocrx_word' id='word_1_8' title='bbox 1879 643 2144 714; x_wconf 86' lang='lat' dir='ltr'>quoque</span> <span class='ocrx_word' id='word_1_9' title='bbox 2163 606 2190 651; x_wconf 79' lang='lat'><strong><em>⁴</em></strong></span> <span class='ocrx_word' id='word_1_10' title='bbox 2227 621 2312 688; x_wconf 92' lang='lat' dir='ltr'>ab</span> <span class='ocrx_word' id='word_1_11' title='bbox 2357 618 2636 689; x_wconf 85' lang='lat' dir='ltr'>Julianis</span> <span class='ocrx_word' id='word_1_12' title='bbox 2677 635 2764 689; x_wconf 89' lang='lat' dir='ltr'>te-</span> 
     </span>
     <span class='ocr_line' id='line_1_3' title="bbox 626 725 2770 821; baseline 0 -26"><span class='ocrx_word' id='word_1_13' title='bbox 626 730 768 795; x_wconf 89' lang='lat' dir='ltr'>neri</span> <span class='ocrx_word' id='word_1_14' title='bbox 799 727 1044 795; x_wconf 85' lang='lat' dir='ltr'>vident.</span> <span class='ocrx_word' id='word_1_15' title='bbox 1080 728 1449 821; x_wconf 88' lang='lat' dir='ltr'>Desperata</span> <span class='ocrx_word' id='word_1_16' title='bbox 1481 725 1692 796; x_wconf 84' lang='lat' dir='ltr'>salute</span> <span class='ocrx_word' id='word_1_17' title='bbox 1711 779 1731 814; x_wconf 87' lang='lat'>,</span> <span class='ocrx_word' id='word_1_18' title='bbox 1759 727 1827 795; x_wconf 91' lang='lat' dir='ltr'>in</span> <span class='ocrx_word' id='word_1_19' title='bbox 1856 725 2146 820; x_wconf 88' lang='lat' dir='ltr'>quodam</span> <span class='ocrx_word' id='word_1_20' title='bbox 2181 725 2350 796; x_wconf 89' lang='lat' dir='ltr'>colle</span> <span class='ocrx_word' id='word_1_21' title='bbox 2381 728 2770 816; x_wconf 87' lang='lat' dir='ltr'>consistunt,</span> 
     </span>
    </p>
   </div>
   <div class='ocr_carea' id='block_1_3' title="bbox 622 832 2782 1355">
    <p class='ocr_par' dir='ltr' id='par_1_3' title="bbox 622 832 2782 1355">
     <span class='ocr_line' id='line_1_4' title="bbox 625 832 2767 930; baseline 0 -29"><span class='ocrx_word' id='word_1_22' title='bbox 625 847 857 928; x_wconf 84' lang='lat' dir='ltr'>atque,</span> <span class='ocrx_word' id='word_1_23' title='bbox 896 834 1097 902; x_wconf 86' lang='lat' dir='ltr'>armis</span> <span class='ocrx_word' id='word_1_24' title='bbox 1126 832 1423 903; x_wconf 88' lang='lat' dir='ltr'>demissis</span> <span class='ocrx_word' id='word_1_25' title='bbox 1442 888 1461 919; x_wconf 88' lang='lat'>,</span> <span class='ocrx_word' id='word_1_26' title='bbox 1492 832 1955 902; x_wconf 89' lang='lat' dir='ltr'>salutationem</span> <span class='ocrx_word' id='word_1_27' title='bbox 1980 857 2167 902; x_wconf 88' lang='lat' dir='ltr'>more</span> <span class='ocrx_word' id='word_1_28' title='bbox 2204 832 2473 902; x_wconf 88' lang='lat' dir='ltr'>militari</span> <span class='ocrx_word' id='word_1_29' title='bbox 2506 833 2767 930; x_wconf 66' lang='lat' dir='ltr'>faciunt.</span> 
     </span>
     <span class='ocr_line' id='line_1_5' title="bbox 622 938 2771 1034; baseline 0 -26"><span class='ocrx_word' id='word_1_30' title='bbox 622 941 893 1029; x_wconf 87' lang='lat' dir='ltr'><strong>Quibus</strong></span> <span class='ocrx_word' id='word_1_31' title='bbox 928 941 1190 1008; x_wconf 88' lang='lat' dir='ltr'>miseris</span> <span class='ocrx_word' id='word_1_32' title='bbox 1220 964 1297 1010; x_wconf 90' lang='lat' dir='ltr'>ea</span> <span class='ocrx_word' id='word_1_33' title='bbox 1343 965 1447 1009; x_wconf 89' lang='lat' dir='ltr'>res</span> <span class='ocrx_word' id='word_1_34' title='bbox 1474 964 1688 1034; x_wconf 89' lang='lat' dir='ltr'>parvo</span> <span class='ocrx_word' id='word_1_35' title='bbox 1728 938 2040 1034; x_wconf 83' lang='lat' dir='ltr'>praesidio</span> <span class='ocrx_word' id='word_1_36' title='bbox 2077 938 2202 1008; x_wconf 72' lang='lat' dir='ltr'>fiiit</span> <span class='ocrx_word' id='word_1_37' title='bbox 2231 966 2248 1007; x_wconf 74' lang='grc' dir='ltr'><em>τ</em></span> <span class='ocrx_word' id='word_1_38' title='bbox 2287 965 2582 1034; x_wconf 85' lang='lat' dir='ltr'>namque</span> <span class='ocrx_word' id='word_1_39' title='bbox 2617 939 2771 1008; x_wconf 89' lang='lat' dir='ltr'>mili·</span> 
     </span>
     <span class='ocr_line' id='line_1_6' title="bbox 629 1046 2774 1140; baseline 0.001 -26"><span class='ocrx_word' id='word_1_40' title='bbox 629 1060 727 1115; x_wconf 85' lang='lat' dir='ltr'>tes</span> <span class='ocrx_word' id='word_1_41' title='bbox 762 1049 1097 1134; x_wconf 85' lang='lat' dir='ltr'>veterani,</span> <span class='ocrx_word' id='word_1_42' title='bbox 1133 1047 1233 1114; x_wconf 82' lang='lat' dir='ltr'>ira</span> <span class='ocrx_word' id='word_1_43' title='bbox 1268 1062 1337 1116; x_wconf 91' lang='lat' dir='ltr'>et</span> <span class='ocrx_word' id='word_1_44' title='bbox 1371 1046 1604 1115; x_wconf 88' lang='lat' dir='ltr'>dolore</span> <span class='ocrx_word' id='word_1_45' title='bbox 1649 1047 1930 1133; x_wconf 85' lang='lat' dir='ltr'>incensi,</span> <span class='ocrx_word' id='word_1_46' title='bbox 1965 1071 2103 1114; x_wconf 88' lang='lat' dir='ltr'>non</span> <span class='ocrx_word' id='word_1_47' title='bbox 2149 1047 2353 1116; x_wconf 91' lang='lat' dir='ltr'>modo</span> <span class='ocrx_word' id='word_1_48' title='bbox 2377 1102 2397 1135; x_wconf 92' lang='lat'>,</span> <span class='ocrx_word' id='word_1_49' title='bbox 2438 1061 2518 1116; x_wconf 89' lang='lat' dir='ltr'>ut</span> <span class='ocrx_word' id='word_1_50' title='bbox 2557 1071 2774 1140; x_wconf 89' lang='lat' dir='ltr'>parce-</span> 
     </span>
     <span class='ocr_line' id='line_1_7' title="bbox 628 1151 2782 1246; baseline 0.001 -26"><span class='ocrx_word' id='word_1_51' title='bbox 628 1167 779 1221; x_wconf 85' lang='lat' dir='ltr'><strong>rent</strong></span> <span class='ocrx_word' id='word_1_52' title='bbox 799 1154 1012 1240; x_wconf 90' lang='lat' dir='ltr'>hosti,</span> <span class='ocrx_word' id='word_1_53' title='bbox 1042 1179 1180 1221; x_wconf 90' lang='lat' dir='ltr'>non</span> <span class='ocrx_word' id='word_1_54' title='bbox 1206 1167 1522 1246; x_wconf 88' lang='lat' dir='ltr'>poterant</span> <span class='ocrx_word' id='word_1_55' title='bbox 1553 1152 1831 1240; x_wconf 91' lang='lat' dir='ltr'>adduci,</span> <span class='ocrx_word' id='word_1_56' title='bbox 1861 1151 1977 1222; x_wconf 88' lang='lat' dir='ltr'>sed</span> <span class='ocrx_word' id='word_1_57' title='bbox 2006 1153 2204 1221; x_wconf 89' lang='lat' dir='ltr'>etiam</span> <span class='ocrx_word' id='word_1_58' title='bbox 2229 1178 2312 1222; x_wconf 86' lang='lat' dir='ltr'>ex</span> <span class='ocrx_word' id='word_1_59' title='bbox 2341 1179 2462 1223; x_wconf 88' lang='lat' dir='ltr'>suo</span> <span class='ocrx_word' id='word_1_60' title='bbox 2489 1155 2782 1222; x_wconf 86' lang='lat' dir='ltr'>exercitu</span> 
     </span>
     <span class='ocr_line' id='line_1_8' title="bbox 628 1258 2782 1355; baseline 0 -28"><span class='ocrx_word' id='word_1_61' title='bbox 628 1259 915 1328; x_wconf 87' lang='lat' dir='ltr'>illustres</span> <span class='ocrx_word' id='word_1_62' title='bbox 961 1260 1255 1328; x_wconf 89' lang='lat' dir='ltr'>urbanos</span> <span class='ocrx_word' id='word_1_63' title='bbox 1274 1314 1293 1348; x_wconf 97' lang='lat'>,</span> <span class='ocrx_word' id='word_1_64' title='bbox 1338 1285 1507 1354; x_wconf 90' lang='lat' dir='ltr'>quos</span> <span class='ocrx_word' id='word_1_65' title='bbox 1551 1273 1856 1328; x_wconf 85' lang='lat' dir='ltr'>auctores</span> <span class='ocrx_word' id='word_1_66' title='bbox 1912 1258 2369 1355; x_wconf 83' lang='lat' dir='ltr'>appellabant,</span> <span class='ocrx_word' id='word_1_67' title='bbox 2411 1259 2782 1354; x_wconf 85' lang='lat' dir='ltr'>complures</span> 
     </span>
    </p>
   </div>
   <div class='ocr_carea' id='block_1_4' title="bbox 518 1366 2783 1460">
    <p class='ocr_par' dir='ltr' id='par_1_4' title="bbox 518 1366 2783 1460">
     <span class='ocr_line' id='line_1_9' title="bbox 518 1366 2783 1460; baseline 0 -26"><span class='ocrx_word' id='word_1_68' title='bbox 518 1439 525 1448; x_wconf 65' lang='grc'><em>,</em></span> <span class='ocrx_word' id='word_1_69' title='bbox 629 1380 747 1434; x_wconf 89' lang='lat' dir='ltr'>aut</span> <span class='ocrx_word' id='word_1_70' title='bbox 788 1366 1262 1454; x_wconf 85' lang='lat' dir='ltr'>vulnerarunt,</span> <span class='ocrx_word' id='word_1_71' title='bbox 1302 1381 1419 1434; x_wconf 89' lang='lat' dir='ltr'>aut</span> <span class='ocrx_word' id='word_1_72' title='bbox 1461 1366 1938 1434; x_wconf 90' lang='lat' dir='ltr'>interfecerunt</span> <span class='ocrx_word' id='word_1_73' title='bbox 1972 1391 1988 1433; x_wconf 74' lang='grc' dir='ltr'><em>τ</em></span> <span class='ocrx_word' id='word_1_74' title='bbox 2040 1367 2110 1434; x_wconf 93' lang='lat' dir='ltr'>in</span> <span class='ocrx_word' id='word_1_75' title='bbox 2159 1391 2293 1460; x_wconf 90' lang='lat' dir='ltr'>quo</span> <span class='ocrx_word' id='word_1_76' title='bbox 2337 1391 2628 1456; x_wconf 78' lang='lat' dir='ltr'>numero</span> <span class='ocrx_word' id='word_1_77' title='bbox 2674 1367 2783 1434; x_wconf 83' lang='lat' dir='ltr'>fuit</span> 
     </span>
    </p>
   </div>
   <div class='ocr_carea' id='block_1_5' title="bbox 632 1471 2792 2609">
    <p class='ocr_par' dir='ltr' id='par_1_5' title="bbox 632 1471 2792 2609">
     <span class='ocr_line' id='line_1_10' title="bbox 632 1471 2782 1567; baseline 0 -25"><span class='ocrx_word' id='word_1_78' title='bbox 632 1471 886 1542; x_wconf 90' lang='lat' dir='ltr'>Tullius</span> <span class='ocrx_word' id='word_1_79' title='bbox 930 1473 1179 1561; x_wconf 84' lang='lat' dir='ltr'>Rufus,</span> <span class='ocrx_word' id='word_1_80' title='bbox 1218 1474 1646 1567; x_wconf 75' lang='lat' dir='ltr'>quaestoriuS,</span> <span class='ocrx_word' id='word_1_81' title='bbox 1676 1475 1825 1567; x_wconf 90' lang='lat' dir='ltr'>qui,</span> <span class='ocrx_word' id='word_1_82' title='bbox 1861 1472 1999 1567; x_wconf 88' lang='lat' dir='ltr'>pilo</span> <span class='ocrx_word' id='word_1_83' title='bbox 2043 1473 2439 1567; x_wconf 85' lang='lat' dir='ltr'>transjectus</span> <span class='ocrx_word' id='word_1_84' title='bbox 2483 1472 2782 1542; x_wconf 87' lang='lat' dir='ltr'>consulto</span> 
     </span>
     <span class='ocr_line' id='line_1_11' title="bbox 634 1578 2782 1676; baseline 0 -29"><span class='ocrx_word' id='word_1_85' title='bbox 634 1603 673 1647; x_wconf 90' lang='lat' dir='ltr'>a</span> <span class='ocrx_word' id='word_1_86' title='bbox 722 1578 930 1648; x_wconf 88' lang='lat' dir='ltr'>milite</span> <span class='ocrx_word' id='word_1_87' title='bbox 976 1581 1262 1648; x_wconf 85' lang='lat' dir='ltr'>interiit:</span> <span class='ocrx_word' id='word_1_88' title='bbox 1296 1582 1455 1649; x_wconf 89' lang='lat' dir='ltr'>item</span> <span class='ocrx_word' id='word_1_89' title='bbox 1486 1580 1843 1673; x_wconf 88' lang='lat' dir='ltr'>Pompeius</span> <span class='ocrx_word' id='word_1_90' title='bbox 1881 1579 2133 1668; x_wconf 84' lang='lat' dir='ltr'>Rufus,</span> <span class='ocrx_word' id='word_1_91' title='bbox 2173 1580 2525 1648; x_wconf 86' lang='lat' dir='ltr'>brachium</span> <span class='ocrx_word' id='word_1_92' title='bbox 2575 1578 2782 1676; x_wconf 83' lang='lat' dir='ltr'>gladio</span> 
     </span>
     <span class='ocr_line' id='line_1_12' title="bbox 635 1685 2788 1780; baseline 0 -26"><span class='ocrx_word' id='word_1_93' title='bbox 635 1710 1019 1780; x_wconf 81' lang='lat' dir='ltr'>percussuS,</span> <span class='ocrx_word' id='word_1_94' title='bbox 1050 1687 1176 1754; x_wconf 92' lang='lat' dir='ltr'>nisi</span> <span class='ocrx_word' id='word_1_95' title='bbox 1215 1685 1518 1756; x_wconf 84' lang='lat' dir='ltr'>celeriter</span> <span class='ocrx_word' id='word_1_96' title='bbox 1547 1685 1633 1754; x_wconf 85' lang='lat' dir='ltr'>ad</span> <span class='ocrx_word' id='word_1_97' title='bbox 1664 1688 1996 1754; x_wconf 83' lang='lat' dir='ltr'>Caesarem</span> <span class='ocrx_word' id='word_1_98' title='bbox 2043 1686 2536 1755; x_wconf 89' lang='lat' dir='ltr'>adcucurrisset</span> <span class='ocrx_word' id='word_1_99' title='bbox 2554 1740 2575 1774; x_wconf 89' lang='lat'>,</span> <span class='ocrx_word' id='word_1_100' title='bbox 2607 1688 2788 1754; x_wconf 85' lang='lat' dir='ltr'>inter-</span> 
     </span>
     <span class='ocr_line' id='line_1_13' title="bbox 638 1791 2785 1888; baseline 0 -27"><span class='ocrx_word' id='word_1_101' title='bbox 638 1792 851 1862; x_wconf 89' lang='lat' dir='ltr'>fectus</span> <span class='ocrx_word' id='word_1_102' title='bbox 888 1808 1075 1862; x_wconf 88' lang='lat' dir='ltr'>esset.</span> <span class='ocrx_word' id='word_1_103' title='bbox 1110 1793 1267 1881; x_wconf 91' lang='lat' dir='ltr'>Quo</span> <span class='ocrx_word' id='word_1_104' title='bbox 1300 1792 1477 1862; x_wconf 89' lang='lat' dir='ltr'>facto</span> <span class='ocrx_word' id='word_1_105' title='bbox 1521 1791 1898 1886; x_wconf 88' lang='lat' dir='ltr'>complures</span> <span class='ocrx_word' id='word_1_106' title='bbox 1941 1794 2193 1888; x_wconf 86' lang='lat' dir='ltr'>equites</span> <span class='ocrx_word' id='word_1_107' title='bbox 2238 1794 2497 1862; x_wconf 89' lang='lat' dir='ltr'>romani</span> <span class='ocrx_word' id='word_1_108' title='bbox 2537 1808 2785 1862; x_wconf 87' lang='lat' dir='ltr'>senato·</span> 
     </span>
     <span class='ocr_line' id='line_1_14' title="bbox 636 1897 2788 1995; baseline 0 -28"><span class='ocrx_word' id='word_1_109' title='bbox 636 1925 873 1993; x_wconf 89' lang='lat' dir='ltr'>resque</span> <span class='ocrx_word' id='word_1_110' title='bbox 909 1900 1243 1994; x_wconf 86' lang='lat' dir='ltr'>perterriti</span> <span class='ocrx_word' id='word_1_111' title='bbox 1280 1925 1362 1967; x_wconf 87' lang='lat' dir='ltr'>ex</span> <span class='ocrx_word' id='word_1_112' title='bbox 1398 1897 1628 1994; x_wconf 79' lang='lat' dir='ltr'>praelio</span> <span class='ocrx_word' id='word_1_113' title='bbox 1669 1923 1739 1966; x_wconf 90' lang='lat' dir='ltr'>se</span> <span class='ocrx_word' id='word_1_114' title='bbox 1781 1914 2209 1995; x_wconf 87' lang='lat' dir='ltr'>receperunt,</span> <span class='ocrx_word' id='word_1_115' title='bbox 2245 1924 2330 1968; x_wconf 89' lang='lat' dir='ltr'>ne</span> <span class='ocrx_word' id='word_1_116' title='bbox 2365 1925 2407 1968; x_wconf 89' lang='lat' dir='ltr'>a</span> <span class='ocrx_word' id='word_1_117' title='bbox 2439 1897 2788 1988; x_wconf 88' lang='lat' dir='ltr'>militibus,</span> 
     </span>
     <span class='ocr_line' id='line_1_15' title="bbox 638 2005 2787 2100; baseline 0.001 -28"><span class='ocrx_word' id='word_1_118' title='bbox 638 2007 751 2100; x_wconf 89' lang='lat' dir='ltr'>qui</span> <span class='ocrx_word' id='word_1_119' title='bbox 794 2031 877 2073; x_wconf 84' lang='lat' dir='ltr'>ex</span> <span class='ocrx_word' id='word_1_120' title='bbox 919 2020 1108 2075; x_wconf 88' lang='lat' dir='ltr'>tanta</span> <span class='ocrx_word' id='word_1_121' title='bbox 1146 2007 1426 2074; x_wconf 89' lang='lat' dir='ltr'>victoria</span> <span class='ocrx_word' id='word_1_122' title='bbox 1460 2005 1799 2075; x_wconf 86' lang='lat' dir='ltr'>licentiam</span> <span class='ocrx_word' id='word_1_123' title='bbox 1843 2006 1970 2075; x_wconf 89' lang='lat' dir='ltr'>sibi</span> <span class='ocrx_word' id='word_1_124' title='bbox 2017 2007 2529 2100; x_wconf 86' lang='lat' dir='ltr'>assumpsissent</span> <span class='ocrx_word' id='word_1_125' title='bbox 2559 2007 2787 2075; x_wconf 86' lang='lat' dir='ltr'>immo·</span> 
     </span>
     <span class='ocr_line' id='line_1_16' title="bbox 639 2111 2790 2208; baseline 0 -29"><span class='ocrx_word' id='word_1_126' title='bbox 639 2111 867 2180; x_wconf 89' lang='lat' dir='ltr'>derate</span> <span class='ocrx_word' id='word_1_127' title='bbox 905 2112 1263 2207; x_wconf 88' lang='lat' dir='ltr'>peccandi,</span> <span class='ocrx_word' id='word_1_128' title='bbox 1299 2112 1708 2207; x_wconf 88' lang='lat' dir='ltr'>impunitatis</span> <span class='ocrx_word' id='word_1_129' title='bbox 1753 2126 2035 2208; x_wconf 90' lang='lat' dir='ltr'>propter</span> <span class='ocrx_word' id='word_1_130' title='bbox 2071 2113 2394 2182; x_wconf 85' lang='lat' dir='ltr'>maximas</span> <span class='ocrx_word' id='word_1_131' title='bbox 2430 2138 2539 2181; x_wconf 90' lang='lat' dir='ltr'>res</span> <span class='ocrx_word' id='word_1_132' title='bbox 2585 2127 2790 2208; x_wconf 83' lang='lat' dir='ltr'>gestas</span> 
     </span>
     <span class='ocr_line' id='line_1_17' title="bbox 642 2204 2792 2316; baseline 0 -29"><span class='ocrx_word' id='word_1_133' title='bbox 642 2244 759 2313; x_wconf 91' lang='lat' dir='ltr'>spe</span> <span class='ocrx_word' id='word_1_134' title='bbox 774 2204 821 2304; x_wconf 84' lang='lat'>⁵,</span> <span class='ocrx_word' id='word_1_135' title='bbox 844 2221 967 2314; x_wconf 91' lang='lat' dir='ltr'>ipsi</span> <span class='ocrx_word' id='word_1_136' title='bbox 994 2243 1258 2314; x_wconf 88' lang='lat' dir='ltr'>quoque</span> <span class='ocrx_word' id='word_1_137' title='bbox 1287 2219 1838 2288; x_wconf 87' lang='lat' dir='ltr'>interficerentur.</span> <span class='ocrx_word' id='word_1_138' title='bbox 1870 2221 2107 2313; x_wconf 87' lang='lat' dir='ltr'>Itaque</span> <span class='ocrx_word' id='word_1_139' title='bbox 2137 2221 2182 2286; x_wconf 92' lang='lat' dir='ltr'>ii</span> <span class='ocrx_word' id='word_1_140' title='bbox 2205 2245 2438 2289; x_wconf 89' lang='lat' dir='ltr'>omnes</span> <span class='ocrx_word' id='word_1_141' title='bbox 2469 2221 2792 2316; x_wconf 87' lang='lat' dir='ltr'>Scipionis</span> 
     </span>
     <span class='ocr_line' id='line_1_18' title="bbox 642 2323 2792 2421; baseline 0 -29"><span class='ocrx_word' id='word_1_142' title='bbox 642 2323 882 2395; x_wconf 87' lang='lat' dir='ltr'>milites</span> <span class='ocrx_word' id='word_1_143' title='bbox 916 2380 936 2413; x_wconf 94' lang='lat'>,</span> <span class='ocrx_word' id='word_1_144' title='bbox 991 2350 1197 2420; x_wconf 88' lang='lat' dir='ltr'>quum</span> <span class='ocrx_word' id='word_1_145' title='bbox 1252 2325 1454 2394; x_wconf 90' lang='lat' dir='ltr'>fidem</span> <span class='ocrx_word' id='word_1_146' title='bbox 1506 2327 1790 2395; x_wconf 79' lang='lat' dir='ltr'>Caesaris</span> <span class='ocrx_word' id='word_1_147' title='bbox 1842 2324 2279 2421; x_wconf 82' lang='lat' dir='ltr'>implorarent</span> <span class='ocrx_word' id='word_1_148' title='bbox 2310 2379 2330 2412; x_wconf 93' lang='lat'>,</span> <span class='ocrx_word' id='word_1_149' title='bbox 2382 2327 2792 2419; x_wconf 84' lang='lat' dir='ltr'>inspectante</span> 
     </span>
     <span class='ocr_line' id='line_1_19' title="bbox 642 2431 2792 2528; baseline 0.001 -29"><span class='ocrx_word' id='word_1_150' title='bbox 642 2433 788 2526; x_wconf 86' lang='lat' dir='ltr'>ipso</span> <span class='ocrx_word' id='word_1_151' title='bbox 823 2436 1117 2521; x_wconf 83' lang='lat' dir='ltr'>Caesare,</span> <span class='ocrx_word' id='word_1_152' title='bbox 1154 2447 1221 2502; x_wconf 89' lang='lat' dir='ltr'>et</span> <span class='ocrx_word' id='word_1_153' title='bbox 1256 2455 1297 2500; x_wconf 93' lang='lat' dir='ltr'>a</span> <span class='ocrx_word' id='word_1_154' title='bbox 1327 2431 1644 2502; x_wconf 87' lang='lat' dir='ltr'>militibus</span> <span class='ocrx_word' id='word_1_155' title='bbox 1689 2431 2089 2528; x_wconf 88' lang='lat' dir='ltr'>deprecante</span> <span class='ocrx_word' id='word_1_156' title='bbox 2106 2486 2125 2521; x_wconf 91' lang='lat'>,</span> <span class='ocrx_word' id='word_1_157' title='bbox 2155 2433 2248 2500; x_wconf 90' lang='lat' dir='ltr'>eis</span> <span class='ocrx_word' id='word_1_158' title='bbox 2277 2433 2376 2502; x_wconf 90' lang='lat' dir='ltr'>uti</span> <span class='ocrx_word' id='word_1_159' title='bbox 2405 2447 2792 2528; x_wconf 85' lang='lat' dir='ltr'>parcerent,</span> 
     </span>
     <span class='ocr_line' id='line_1_20' title="bbox 646 2539 1564 2609; baseline 0 -2"><span class='ocrx_word' id='word_1_160' title='bbox 646 2539 732 2608; x_wconf 90' lang='lat' dir='ltr'>ad</span> <span class='ocrx_word' id='word_1_161' title='bbox 771 2564 981 2609; x_wconf 89' lang='lat' dir='ltr'>unum</span> <span class='ocrx_word' id='word_1_162' title='bbox 1025 2555 1180 2609; x_wconf 88' lang='lat' dir='ltr'>sunt</span> <span class='ocrx_word' id='word_1_163' title='bbox 1216 2539 1564 2609; x_wconf 87' lang='lat' dir='ltr'>interfecti.</span> 
     </span>
    </p>
   </div>
   <div class='ocr_carea' id='block_1_6' title="bbox 650 2725 2794 2881">
    <p class='ocr_par' dir='ltr' id='par_1_6' title="bbox 650 2725 2794 2881">
     <span class='ocr_line' id='line_1_21' title="bbox 731 2725 2794 2800; baseline 0.001 -21"><span class='ocrx_word' id='word_1_164' title='bbox 731 2732 787 2789; x_wconf 75' lang='grc'>4.</span> <span class='ocrx_word' id='word_1_165' title='bbox 816 2726 903 2779; x_wconf 82' lang='lat' dir='ltr'>Ea</span> <span class='ocrx_word' id='word_1_166' title='bbox 930 2746 1131 2799; x_wconf 78' lang='lat' dir='ltr'>quoque.</span> <span class='ocrx_word' id='word_1_167' title='bbox 1164 2726 1252 2781; x_wconf 89' lang='lat' dir='ltr'>Sic</span> <span class='ocrx_word' id='word_1_168' title='bbox 1276 2725 1436 2781; x_wconf 89' lang='lat' dir='ltr'>codd.</span> <span class='ocrx_word' id='word_1_169' title='bbox 1469 2739 1524 2779; x_wconf 87' lang='lat' dir='ltr'>et</span> <span class='ocrx_word' id='word_1_170' title='bbox 1551 2725 1677 2780; x_wconf 88' lang='lat' dir='ltr'>edd·</span> <span class='ocrx_word' id='word_1_171' title='bbox 1767 2729 1850 2781; x_wconf 82' lang='lat' dir='ltr'>tui</span> <span class='ocrx_word' id='word_1_172' title='bbox 1877 2727 2206 2795; x_wconf 74' lang='lat' dir='ltr'>interfuisse,</span> <span class='ocrx_word' id='word_1_173' title='bbox 2222 2727 2477 2800; x_wconf 84' lang='lat' dir='ltr'>quoniam</span> <span class='ocrx_word' id='word_1_174' title='bbox 2501 2738 2624 2781; x_wconf 79' lang='lat' dir='ltr'>tum</span> <span class='ocrx_word' id='word_1_175' title='bbox 2645 2727 2794 2781; x_wconf 76' lang='lat' dir='ltr'>maxi·</span> 
     </span>
     <span class='ocr_line' id='line_1_22' title="bbox 650 2805 2792 2881; baseline 0.002 -24"><span class='ocrx_word' id='word_1_176' title='bbox 650 2817 778 2858; x_wconf 83' lang='lat' dir='ltr'>vett.</span> <span class='ocrx_word' id='word_1_177' title='bbox 816 2806 925 2857; x_wconf 82' lang='lat' dir='ltr'>Alii</span> <span class='ocrx_word' id='word_1_178' title='bbox 966 2805 1172 2859; x_wconf 86' lang='lat' dir='ltr'>addunt</span> <span class='ocrx_word' id='word_1_179' title='bbox 1200 2810 1329 2878; x_wconf 78' lang='lat' dir='ltr'>ipse,</span> <span class='ocrx_word' id='word_1_180' title='bbox 1361 2806 1507 2860; x_wconf 86' lang='lat' dir='ltr'>unde</span> <span class='ocrx_word' id='word_1_181' title='bbox 1535 2806 1678 2860; x_wconf 88' lang='lat' dir='ltr'>oud.</span> <span class='ocrx_word' id='word_1_182' title='bbox 1768 2828 1855 2861; x_wconf 89' lang='lat' dir='ltr'>me</span> <span class='ocrx_word' id='word_1_183' title='bbox 1875 2847 1891 2873; x_wconf 92' lang='lat'>,</span> <span class='ocrx_word' id='word_1_184' title='bbox 1917 2828 2086 2881; x_wconf 86' lang='lat' dir='ltr'>quum</span> <span class='ocrx_word' id='word_1_185' title='bbox 2117 2808 2283 2860; x_wconf 85' lang='lat' dir='ltr'>aciem</span> <span class='ocrx_word' id='word_1_186' title='bbox 2320 2808 2663 2874; x_wconf 82' lang='lat' dir='ltr'>instruxerit,</span> <span class='ocrx_word' id='word_1_187' title='bbox 2684 2826 2792 2861; x_wconf 85' lang='lat' dir='ltr'>cor-</span> 
     </span>
    </p>
   </div>
   <div class='ocr_carea' id='block_1_7' title="bbox 649 2886 2793 2961">
    <p class='ocr_par' dir='ltr' id='par_1_7' title="bbox 649 2886 2793 2961">
     <span class='ocr_line' id='line_1_23' title="bbox 649 2886 2793 2961; baseline 0.002 -24"><span class='ocrx_word' id='word_1_188' title='bbox 649 2890 911 2957; x_wconf 84' lang='lat' dir='ltr'>conjectat</span> <span class='ocrx_word' id='word_1_189' title='bbox 928 2886 1214 2957; x_wconf 76' lang='lat' dir='ltr'>legendum</span> <span class='ocrx_word' id='word_1_190' title='bbox 1228 2905 1339 2941; x_wconf 84' lang='lat' dir='ltr'>esse</span> <span class='ocrx_word' id='word_1_191' title='bbox 1354 2890 1474 2957; x_wconf 81' lang='lat' dir='ltr'>ipsa.</span> <span class='ocrx_word' id='word_1_192' title='bbox 1489 2888 1684 2940; x_wconf 85' lang='lat' dir='ltr'>—Ar-</span> <span class='ocrx_word' id='word_1_193' title='bbox 1763 2900 1954 2961; x_wconf 76' lang='lat' dir='ltr'>reptus</span> <span class='ocrx_word' id='word_1_194' title='bbox 1969 2888 2254 2960; x_wconf 84' lang='lat' dir='ltr'>epileptico</span> <span class='ocrx_word' id='word_1_195' title='bbox 2278 2889 2472 2940; x_wconf 87' lang='lat' dir='ltr'>morbo</span> <span class='ocrx_word' id='word_1_196' title='bbox 2492 2886 2793 2960; x_wconf 78' lang='lat' dir='ltr'>deportatus</span> 
     </span>
    </p>
   </div>
   <div class='ocr_carea' id='block_1_8' title="bbox 647 2967 1683 3197">
    <p class='ocr_par' dir='ltr' id='par_1_8' title="bbox 647 2967 1683 3197">
     <span class='ocr_line' id='line_1_24' title="bbox 647 2967 1683 3020; baseline 0.002 -3"><span class='ocrx_word' id='word_1_197' title='bbox 647 2969 740 3017; x_wconf 78' lang='lat' dir='ltr'>mis</span> <span class='ocrx_word' id='word_1_198' title='bbox 766 2967 997 3020; x_wconf 63' lang='lat' dir='ltr'>demini-s.</span> <span class='ocrx_word' id='word_1_199' title='bbox 1046 2967 1190 3019; x_wconf 84' lang='lat' dir='ltr'>Male</span> <span class='ocrx_word' id='word_1_200' title='bbox 1226 2967 1315 3019; x_wconf 82' lang='lat' dir='ltr'>alii</span> <span class='ocrx_word' id='word_1_201' title='bbox 1350 2967 1574 3020; x_wconf 53' lang='lat' dir='ltr'>dimissis.</span> <span class='ocrx_word' id='word_1_202' title='bbox 1601 2968 1683 3019; x_wconf 89' lang='lat' dir='ltr'>De</span> 
     </span>
     <span class='ocr_line' id='line_1_25' title="bbox 648 3045 1680 3119; baseline 0.002 -21"><span class='ocrx_word' id='word_1_203' title='bbox 648 3046 747 3098; x_wconf 87' lang='lat' dir='ltr'>ista</span> <span class='ocrx_word' id='word_1_204' title='bbox 776 3045 1092 3099; x_wconf 84' lang='lat' dir='ltr'>salutatione</span> <span class='ocrx_word' id='word_1_205' title='bbox 1117 3046 1243 3100; x_wconf 82' lang='lat' dir='ltr'>vide</span> <span class='ocrx_word' id='word_1_206' title='bbox 1276 3046 1471 3101; x_wconf 87' lang='lat' dir='ltr'>Isidor.</span> <span class='ocrx_word' id='word_1_207' title='bbox 1489 3086 1507 3113; x_wconf 89' lang='lat'>‚</span> <span class='ocrx_word' id='word_1_208' title='bbox 1530 3046 1680 3119; x_wconf 81' lang='lat' dir='ltr'>Orig.</span> 
     </span>
     <span class='ocr_line' id='line_1_26' title="bbox 648 3125 1358 3197; baseline 0.003 -20"><span class='ocrx_word' id='word_1_209' title='bbox 648 3144 703 3193; x_wconf 86' lang='lat'>1,</span> <span class='ocrx_word' id='word_1_210' title='bbox 728 3126 819 3179; x_wconf 83' lang='lat'>35.</span> <span class='ocrx_word' id='word_1_211' title='bbox 846 3125 1076 3192; x_wconf 65' lang='lat' dir='ltr'>Lucam,</span> <span class='ocrx_word' id='word_1_212' title='bbox 1106 3146 1182 3192; x_wconf 77' lang='lat' dir='ltr'>tv,</span> <span class='ocrx_word' id='word_1_213' title='bbox 1214 3127 1358 3197; x_wconf 79' lang='lat'>173:</span> 
     </span>
    </p>
   </div>
   <div class='ocr_carea' id='block_1_9' title="bbox 732 3211 1590 3323">
    <p class='ocr_par' dir='ltr' id='par_1_9' title="bbox 732 3211 1590 3323">
     <span class='ocr_line' id='line_1_27' title="bbox 818 3211 1590 3265; baseline 0.004 -16"><span class='ocrx_word' id='word_1_214' title='bbox 818 3236 823 3245; x_wconf 86' lang='lat'>-</span> <span class='ocrx_word' id='word_1_215' title='bbox 865 3211 1035 3251; x_wconf 74' lang='lat' dir='ltr'>Tantum</span> <span class='ocrx_word' id='word_1_216' title='bbox 1055 3222 1154 3252; x_wconf 82' lang='lat' dir='ltr'>nutu</span> <span class='ocrx_word' id='word_1_217' title='bbox 1168 3240 1181 3261; x_wconf 85' lang='lat'>,</span> <span class='ocrx_word' id='word_1_218' title='bbox 1209 3222 1397 3265; x_wconf 74' lang='lat' dir='ltr'>motoque</span> <span class='ocrx_word' id='word_1_219' title='bbox 1420 3211 1590 3253; x_wconf 79' lang='lat' dir='ltr'>salutant</span> 
     </span>
     <span class='ocr_line' id='line_1_28' title="bbox 732 3281 967 3323; baseline 0 -2"><span class='ocrx_word' id='word_1_220' title='bbox 732 3281 839 3321; x_wconf 76' lang='lat' dir='ltr'>Ense</span> <span class='ocrx_word' id='word_1_221' title='bbox 861 3296 967 3323; x_wconf 77' lang='lat' dir='ltr'>snos.</span> 
     </span>
    </p>
   </div>
   <div class='ocr_carea' id='block_1_10' title="bbox 650 3364 1694 4243">
    <p class='ocr_par' dir='ltr' id='par_1_10' title="bbox 654 3364 1339 3431">
     <span class='ocr_line' id='line_1_29' title="bbox 654 3364 1339 3431; baseline 0.001 -14"><span class='ocrx_word' id='word_1_222' title='bbox 654 3364 817 3430; x_wconf 61' lang='lat' dir='ltr'>Stat„</span> <span class='ocrx_word' id='word_1_223' title='bbox 841 3366 1016 3418; x_wconf 86' lang='lat' dir='ltr'>Theb.</span> <span class='ocrx_word' id='word_1_224' title='bbox 1045 3383 1155 3431; x_wconf 78' lang='grc' dir='ltr'>ιη,</span> <span class='ocrx_word' id='word_1_225' title='bbox 1183 3374 1292 3429; x_wconf 74' lang='lat'>4⁰1</span> <span class='ocrx_word' id='word_1_226' title='bbox 1324 3384 1339 3418; x_wconf 76' lang='lat' dir='ltr'>t</span> 
     </span>
    </p>

    <p class='ocr_par' dir='ltr' id='par_1_11' title="bbox 650 3448 1690 3744">
     <span class='ocr_line' id='line_1_30' title="bbox 734 3448 1616 3489; baseline -0.001 0"><span class='ocrx_word' id='word_1_227' title='bbox 734 3450 842 3489; x_wconf 76' lang='lat' dir='ltr'>Eme</span> <span class='ocrx_word' id='word_1_228' title='bbox 860 3448 1073 3489; x_wconf 72' lang='lat' dir='ltr'>nal-nuum</span> <span class='ocrx_word' id='word_1_229' title='bbox 1093 3459 1134 3489; x_wconf 77' lang='lat' dir='ltr'>et</span> <span class='ocrx_word' id='word_1_230' title='bbox 1153 3453 1327 3489; x_wconf 70' lang='lat' dir='ltr'>nutantis</span> <span class='ocrx_word' id='word_1_231' title='bbox 1348 3453 1495 3489; x_wconf 75' lang='lat' dir='ltr'>vertice</span> <span class='ocrx_word' id='word_1_232' title='bbox 1512 3451 1616 3489; x_wconf 78' lang='lat' dir='ltr'>coni.</span> 
     </span>
     <span class='ocr_line' id='line_1_31' title="bbox 650 3527 1686 3583; baseline -0.001 -1"><span class='ocrx_word' id='word_1_233' title='bbox 650 3560 733 3573; x_wconf 89' lang='lat'>—</span> <span class='ocrx_word' id='word_1_234' title='bbox 766 3529 1005 3582; x_wconf 74' lang='lat' dir='ltr'>Auctor-es</span> <span class='ocrx_word' id='word_1_235' title='bbox 1048 3527 1391 3583; x_wconf 82' lang='lat' dir='ltr'>moderandae</span> <span class='ocrx_word' id='word_1_236' title='bbox 1417 3530 1510 3581; x_wconf 83' lang='lat' dir='ltr'>irae</span> <span class='ocrx_word' id='word_1_237' title='bbox 1557 3547 1686 3582; x_wconf 89' lang='lat' dir='ltr'>con-</span> 
     </span>
     <span class='ocr_line' id='line_1_32' title="bbox 652 3608 1690 3681; baseline 0.002 -20"><span class='ocrx_word' id='word_1_238' title='bbox 652 3608 1143 3681; x_wconf 80' lang='lat' dir='ltr'>servandorumque</span> <span class='ocrx_word' id='word_1_239' title='bbox 1188 3610 1446 3663; x_wconf 88' lang='lat' dir='ltr'>hostium.</span> <span class='ocrx_word' id='word_1_240' title='bbox 1461 3608 1690 3663; x_wconf 80' lang='lat' dir='ltr'>Viderat</span> 
     </span>
     <span class='ocr_line' id='line_1_33' title="bbox 654 3690 1358 3744; baseline 0.001 -1"><span class='ocrx_word' id='word_1_241' title='bbox 654 3708 867 3743; x_wconf 81' lang='lat' dir='ltr'>sensnm</span> <span class='ocrx_word' id='word_1_242' title='bbox 894 3690 1251 3743; x_wconf 85' lang='lat' dir='ltr'>Rhellicanus.</span> <span class='ocrx_word' id='word_1_243' title='bbox 1280 3690 1358 3744; x_wconf 89' lang='grc' dir='ltr'>Μ.</span> 
     </span>
    </p>

    <p class='ocr_par' dir='ltr' id='par_1_12' title="bbox 658 3768 1694 4243">
     <span class='ocr_line' id='line_1_34' title="bbox 742 3768 1681 3843; baseline 0 -20"><span class='ocrx_word' id='word_1_244' title='bbox 742 3768 793 3823; x_wconf 78' lang='lat'>5.</span> <span class='ocrx_word' id='word_1_245' title='bbox 826 3771 1133 3843; x_wconf 73' lang='lat' dir='ltr'>Impunitatis</span> <span class='ocrx_word' id='word_1_246' title='bbox 1163 3789 1265 3841; x_wconf 81' lang='lat' dir='ltr'>spe.</span> <span class='ocrx_word' id='word_1_247' title='bbox 1308 3770 1405 3823; x_wconf 83' lang='lat' dir='ltr'>Est</span> <span class='ocrx_word' id='word_1_248' title='bbox 1432 3770 1490 3821; x_wconf 90' lang='lat' dir='ltr'>in</span> <span class='ocrx_word' id='word_1_249' title='bbox 1522 3768 1681 3823; x_wconf 84' lang='lat' dir='ltr'>codd.</span> 
     </span>
     <span class='ocr_line' id='line_1_35' title="bbox 658 3850 1687 3922; baseline 0 -19"><span class='ocrx_word' id='word_1_250' title='bbox 658 3850 875 3903; x_wconf 73' lang='lat' dir='ltr'>Nol-vic.</span> <span class='ocrx_word' id='word_1_251' title='bbox 922 3863 975 3903; x_wconf 88' lang='lat' dir='ltr'>et</span> <span class='ocrx_word' id='word_1_252' title='bbox 1012 3851 1191 3903; x_wconf 80' lang='lat' dir='ltr'>Petav.</span> <span class='ocrx_word' id='word_1_253' title='bbox 1220 3851 1401 3922; x_wconf 78' lang='lat' dir='ltr'>Vulgo</span> <span class='ocrx_word' id='word_1_254' title='bbox 1438 3851 1687 3921; x_wconf 78' lang='lat' dir='ltr'>neglexe-</span> 
     </span>
     <span class='ocr_line' id='line_1_36' title="bbox 658 3934 1686 4003; baseline -0.001 -20"><span class='ocrx_word' id='word_1_255' title='bbox 658 3942 789 3983; x_wconf 83' lang='lat' dir='ltr'>runt</span> <span class='ocrx_word' id='word_1_256' title='bbox 826 3950 936 4000; x_wconf 78' lang='lat' dir='ltr'>spe,</span> <span class='ocrx_word' id='word_1_257' title='bbox 972 3942 1027 3984; x_wconf 89' lang='lat' dir='ltr'>et</span> <span class='ocrx_word' id='word_1_258' title='bbox 1062 3934 1345 4003; x_wconf 57' lang='lat' dir='ltr'>impunitate</span> <span class='ocrx_word' id='word_1_259' title='bbox 1368 3940 1686 4003; x_wconf 82' lang='lat' dir='ltr'>posuerunt.</span> 
     </span>
     <span class='ocr_line' id='line_1_37' title="bbox 659 4010 1692 4083; baseline -0.001 -20"><span class='ocrx_word' id='word_1_260' title='bbox 659 4042 739 4053; x_wconf 91' lang='lat'>—</span> <span class='ocrx_word' id='word_1_261' title='bbox 769 4012 851 4063; x_wconf 88' lang='lat' dir='ltr'>De</span> <span class='ocrx_word' id='word_1_262' title='bbox 874 4010 1067 4082; x_wconf 75' lang='lat' dir='ltr'>insigni</span> <span class='ocrx_word' id='word_1_263' title='bbox 1090 4012 1197 4065; x_wconf 83' lang='lat' dir='ltr'>hoc</span> <span class='ocrx_word' id='word_1_264' title='bbox 1222 4011 1409 4083; x_wconf 75' lang='lat' dir='ltr'>praelio</span> <span class='ocrx_word' id='word_1_265' title='bbox 1431 4010 1543 4065; x_wconf 83' lang='lat' dir='ltr'>vid.</span> <span class='ocrx_word' id='word_1_266' title='bbox 1563 4011 1692 4063; x_wconf 88' lang='lat' dir='ltr'>Plu-</span> 
     </span>
     <span class='ocr_line' id='line_1_38' title="bbox 658 4090 1690 4164; baseline 0.002 -23"><span class='ocrx_word' id='word_1_267' title='bbox 658 4090 859 4156; x_wconf 57' lang='lat' dir='ltr'>tarch„</span> <span class='ocrx_word' id='word_1_268' title='bbox 896 4092 1031 4146; x_wconf 66' lang='lat' dir='ltr'>Cas.</span> <span class='ocrx_word' id='word_1_269' title='bbox 1062 4110 1179 4163; x_wconf 85' lang='lat' dir='ltr'>cap.</span> <span class='ocrx_word' id='word_1_270' title='bbox 1220 4092 1324 4157; x_wconf 80' lang='lat'>⁵3,</span> <span class='ocrx_word' id='word_1_271' title='bbox 1352 4090 1446 4164; x_wconf 85' lang='lat' dir='ltr'>qui</span> <span class='ocrx_word' id='word_1_272' title='bbox 1473 4092 1542 4143; x_wconf 88' lang='lat' dir='ltr'>ab</span> <span class='ocrx_word' id='word_1_273' title='bbox 1575 4090 1690 4143; x_wconf 85' lang='lat' dir='ltr'>aliis</span> 
     </span>
     <span class='ocr_line' id='line_1_39' title="bbox 658 4169 1694 4243; baseline 0.002 -20"><span class='ocrx_word' id='word_1_274' title='bbox 658 4188 851 4243; x_wconf 78' lang='lat' dir='ltr'>negare</span> <span class='ocrx_word' id='word_1_275' title='bbox 875 4169 1038 4226; x_wconf 78' lang='lat' dir='ltr'>tradit</span> <span class='ocrx_word' id='word_1_276' title='bbox 1052 4208 1068 4239; x_wconf 92' lang='lat'>,</span> <span class='ocrx_word' id='word_1_277' title='bbox 1084 4173 1345 4227; x_wconf 69' lang='lat' dir='ltr'>Caesarem</span> <span class='ocrx_word' id='word_1_278' title='bbox 1358 4170 1461 4243; x_wconf 80' lang='lat' dir='ltr'>ipsi</span> <span class='ocrx_word' id='word_1_279' title='bbox 1479 4169 1694 4225; x_wconf 83' lang='lat' dir='ltr'>conflic-</span> 
     </span>
    </p>
   </div>
   <div class='ocr_carea' id='block_1_11' title="bbox 1768 2962 2800 3280">
    <p class='ocr_par' dir='ltr' id='par_1_13' title="bbox 1768 2962 2800 3280">
     <span class='ocr_line' id='line_1_40' title="bbox 1769 2962 2794 3039; baseline 0.002 -20"><span class='ocrx_word' id='word_1_280' title='bbox 1769 2969 1838 3020; x_wconf 85' lang='lat' dir='ltr'>sit</span> <span class='ocrx_word' id='word_1_281' title='bbox 1851 2968 1908 3020; x_wconf 91' lang='lat' dir='ltr'>in</span> <span class='ocrx_word' id='word_1_282' title='bbox 1920 2970 2102 3021; x_wconf 85' lang='lat' dir='ltr'>locum</span> <span class='ocrx_word' id='word_1_283' title='bbox 2109 2980 2395 3020; x_wconf 83' lang='lat' dir='ltr'>remotum.</span> <span class='ocrx_word' id='word_1_284' title='bbox 2413 2970 2556 3039; x_wconf 79' lang='lat' dir='ltr'>App.</span> <span class='ocrx_word' id='word_1_285' title='bbox 2575 2962 2662 3030; x_wconf 86' lang='lat'>(11,</span> <span class='ocrx_word' id='word_1_286' title='bbox 2687 2963 2794 3037; x_wconf 78' lang='lat'>96.)</span> 
     </span>
     <span class='ocr_line' id='line_1_41' title="bbox 1768 3046 2798 3120; baseline -0.002 -19"><span class='ocrx_word' id='word_1_287' title='bbox 1768 3049 1860 3101; x_wconf 78' lang='lat' dir='ltr'>vix</span> <span class='ocrx_word' id='word_1_288' title='bbox 1884 3067 2060 3120; x_wconf 75' lang='lat' dir='ltr'>operae</span> <span class='ocrx_word' id='word_1_289' title='bbox 2083 3048 2320 3119; x_wconf 86' lang='lat' dir='ltr'>pretium</span> <span class='ocrx_word' id='word_1_290' title='bbox 2339 3048 2492 3115; x_wconf 84' lang='lat' dir='ltr'>fecit,</span> <span class='ocrx_word' id='word_1_291' title='bbox 2521 3046 2658 3102; x_wconf 84' lang='lat' dir='ltr'>adeo</span> <span class='ocrx_word' id='word_1_292' title='bbox 2681 3066 2798 3120; x_wconf 83' lang='lat' dir='ltr'>pau·</span> 
     </span>
     <span class='ocr_line' id='line_1_42' title="bbox 1769 3128 2800 3200; baseline -0.002 -19"><span class='ocrx_word' id='word_1_293' title='bbox 1769 3129 1844 3182; x_wconf 89' lang='lat' dir='ltr'>cis</span> <span class='ocrx_word' id='word_1_294' title='bbox 1883 3128 2061 3181; x_wconf 79' lang='lat' dir='ltr'>verbis</span> <span class='ocrx_word' id='word_1_295' title='bbox 2100 3140 2302 3181; x_wconf 83' lang='lat' dir='ltr'>tantam</span> <span class='ocrx_word' id='word_1_296' title='bbox 2347 3146 2463 3180; x_wconf 86' lang='lat' dir='ltr'>rem</span> <span class='ocrx_word' id='word_1_297' title='bbox 2497 3129 2800 3200; x_wconf 84' lang='lat' dir='ltr'>complexus</span> 
     </span>
     <span class='ocr_line' id='line_1_43' title="bbox 1769 3203 2792 3280; baseline 0.002 -19"><span class='ocrx_word' id='word_1_298' title='bbox 1769 3220 1864 3263; x_wconf 90' lang='lat' dir='ltr'>est.</span> <span class='ocrx_word' id='word_1_299' title='bbox 1881 3208 2058 3261; x_wconf 88' lang='lat' dir='ltr'>Etiam</span> <span class='ocrx_word' id='word_1_300' title='bbox 2076 3207 2181 3260; x_wconf 92' lang='lat' dir='ltr'>Dio</span> <span class='ocrx_word' id='word_1_301' title='bbox 2201 3210 2346 3261; x_wconf 85' lang='lat' dir='ltr'>Cass.</span> <span class='ocrx_word' id='word_1_302' title='bbox 2373 3203 2553 3269; x_wconf 74' lang='lat' dir='ltr'>(nm</span> <span class='ocrx_word' id='word_1_303' title='bbox 2569 3247 2587 3274; x_wconf 89' lang='lat'>‚</span> <span class='ocrx_word' id='word_1_304' title='bbox 2619 3228 2652 3280; x_wconf 88' lang='lat'>7</span> <span class='ocrx_word' id='word_1_305' title='bbox 2667 3246 2684 3270; x_wconf 88' lang='lat'>‚</span> <span class='ocrx_word' id='word_1_306' title='bbox 2712 3204 2792 3273; x_wconf 85' lang='lat'>8),</span> 
     </span>
    </p>
   </div>
   <div class='ocr_carea' id='block_1_12' title="bbox 1678 3282 2794 3348">
    <p class='ocr_par' dir='ltr' id='par_1_14' title="bbox 1678 3282 2794 3348">
     <span class='ocr_line' id='line_1_44' title="bbox 1678 3282 2794 3348; baseline -0.002 -7"><span class='ocrx_word' id='word_1_307' title='bbox 1678 3312 1690 3317; x_wconf 83' lang='grc'>-</span> <span class='ocrx_word' id='word_1_308' title='bbox 1770 3289 2000 3342; x_wconf 80' lang='lat' dir='ltr'>festinat.</span> <span class='ocrx_word' id='word_1_309' title='bbox 2034 3286 2399 3341; x_wconf 75' lang='lat' dir='ltr'>Guischardus</span> <span class='ocrx_word' id='word_1_310' title='bbox 2441 3282 2634 3348; x_wconf 70' lang='grc' dir='ltr'><strong>(Μέση.</strong></span> <span class='ocrx_word' id='word_1_311' title='bbox 2664 3289 2794 3340; x_wconf 73' lang='lat' dir='ltr'>milit.</span> 
     </span>
    </p>
   </div>
   <div class='ocr_carea' id='block_1_13' title="bbox 1770 3364 2800 4225">
    <p class='ocr_par' dir='ltr' id='par_1_15' title="bbox 1770 3364 2800 4225">
     <span class='ocr_line' id='line_1_45' title="bbox 1770 3364 2796 3440; baseline -0.001 -20"><span class='ocrx_word' id='word_1_312' title='bbox 1770 3370 1877 3421; x_wconf 78' lang='lat' dir='ltr'>vol.</span> <span class='ocrx_word' id='word_1_313' title='bbox 1899 3387 1980 3432; x_wconf 87' lang='lat'>11,</span> <span class='ocrx_word' id='word_1_314' title='bbox 2004 3387 2060 3440; x_wconf 90' lang='lat' dir='ltr'>p.</span> <span class='ocrx_word' id='word_1_315' title='bbox 2097 3374 2206 3438; x_wconf 75' lang='lat'>²74</span> <span class='ocrx_word' id='word_1_316' title='bbox 2225 3404 2240 3425; x_wconf 88' lang='lat'>,</span> <span class='ocrx_word' id='word_1_317' title='bbox 2274 3369 2361 3420; x_wconf 78' lang='lat' dir='ltr'>vel</span> <span class='ocrx_word' id='word_1_318' title='bbox 2387 3379 2425 3420; x_wconf 92' lang='lat' dir='ltr'>t.</span> <span class='ocrx_word' id='word_1_319' title='bbox 2451 3385 2526 3433; x_wconf 81' lang='lat' dir='ltr'>n,</span> <span class='ocrx_word' id='word_1_320' title='bbox 2558 3386 2617 3439; x_wconf 87' lang='lat' dir='ltr'>p.</span> <span class='ocrx_word' id='word_1_321' title='bbox 2647 3364 2796 3431; x_wconf 79' lang='lat'><strong>380)</strong></span> 
     </span>
     <span class='ocr_line' id='line_1_46' title="bbox 1771 3446 2800 3521; baseline -0.001 -19"><span class='ocrx_word' id='word_1_322' title='bbox 1771 3448 2045 3521; x_wconf 79' lang='lat' dir='ltr'>queritur,</span> <span class='ocrx_word' id='word_1_323' title='bbox 2068 3446 2334 3513; x_wconf 85' lang='lat' dir='ltr'>Hirtium,</span> <span class='ocrx_word' id='word_1_324' title='bbox 2361 3458 2453 3500; x_wconf 83' lang='lat' dir='ltr'>aut</span> <span class='ocrx_word' id='word_1_325' title='bbox 2479 3448 2800 3519; x_wconf 79' lang='lat' dir='ltr'>quicumque</span> 
     </span>
     <span class='ocr_line' id='line_1_47' title="bbox 1773 3526 2796 3598; baseline -0.001 -17"><span class='ocrx_word' id='word_1_326' title='bbox 1773 3526 1991 3583; x_wconf 86' lang='lat' dir='ltr'>demum</span> <span class='ocrx_word' id='word_1_327' title='bbox 2029 3527 2156 3581; x_wconf 91' lang='lat' dir='ltr'>libri</span> <span class='ocrx_word' id='word_1_328' title='bbox 2195 3528 2356 3598; x_wconf 83' lang='lat' dir='ltr'>hujus</span> <span class='ocrx_word' id='word_1_329' title='bbox 2390 3540 2578 3580; x_wconf 81' lang='lat' dir='ltr'>auctor</span> <span class='ocrx_word' id='word_1_330' title='bbox 2615 3529 2796 3593; x_wconf 82' lang='lat' dir='ltr'>fuerit,</span> 
     </span>
     <span class='ocr_line' id='line_1_48' title="bbox 1773 3605 2798 3679; baseline -0.001 -18"><span class='ocrx_word' id='word_1_331' title='bbox 1773 3610 1831 3661; x_wconf 90' lang='lat' dir='ltr'>in</span> <span class='ocrx_word' id='word_1_332' title='bbox 1848 3609 1954 3663; x_wconf 86' lang='lat' dir='ltr'>hoe</span> <span class='ocrx_word' id='word_1_333' title='bbox 1967 3608 2158 3679; x_wconf 67' lang='lat' dir='ltr'>prolio</span> <span class='ocrx_word' id='word_1_334' title='bbox 2173 3605 2527 3662; x_wconf 84' lang='lat' dir='ltr'>describendo</span> <span class='ocrx_word' id='word_1_335' title='bbox 2545 3626 2659 3661; x_wconf 83' lang='lat' dir='ltr'>non</span> <span class='ocrx_word' id='word_1_336' title='bbox 2683 3607 2798 3661; x_wconf 81' lang='lat' dir='ltr'>satis</span> 
     </span>
     <span class='ocr_line' id='line_1_49' title="bbox 1773 3686 2798 3759; baseline -0.002 -16"><span class='ocrx_word' id='word_1_337' title='bbox 1773 3688 2085 3759; x_wconf 78' lang='lat' dir='ltr'>diligentem</span> <span class='ocrx_word' id='word_1_338' title='bbox 2124 3688 2284 3741; x_wconf 84' lang='lat' dir='ltr'>fuisse</span> <span class='ocrx_word' id='word_1_339' title='bbox 2311 3707 2326 3742; x_wconf 72' lang='lat' dir='ltr'><em>z</em></span> <span class='ocrx_word' id='word_1_340' title='bbox 2359 3686 2626 3759; x_wconf 81' lang='lat' dir='ltr'>adspersis</span> <span class='ocrx_word' id='word_1_341' title='bbox 2661 3688 2798 3741; x_wconf 75' lang='lat' dir='ltr'>enin</span> 
     </span>
     <span class='ocr_line' id='line_1_50' title="bbox 1775 3766 2796 3842; baseline -0.004 -19"><span class='ocrx_word' id='word_1_342' title='bbox 1775 3767 2095 3842; x_wconf 83' lang='lat' dir='ltr'>quibusdam</span> <span class='ocrx_word' id='word_1_343' title='bbox 2143 3766 2384 3821; x_wconf 83' lang='lat' dir='ltr'>minutiis</span> <span class='ocrx_word' id='word_1_344' title='bbox 2402 3806 2420 3833; x_wconf 91' lang='lat'>,</span> <span class='ocrx_word' id='word_1_345' title='bbox 2461 3768 2796 3839; x_wconf 81' lang='lat' dir='ltr'>neglectoque</span> 
     </span>
     <span class='ocr_line' id='line_1_51' title="bbox 1775 3845 2796 3920; baseline -0.003 -18"><span class='ocrx_word' id='word_1_346' title='bbox 1775 3868 1965 3902; x_wconf 84' lang='lat' dir='ltr'>eorum</span> <span class='ocrx_word' id='word_1_347' title='bbox 1989 3846 2192 3902; x_wconf 87' lang='lat' dir='ltr'>indicio</span> <span class='ocrx_word' id='word_1_348' title='bbox 2207 3886 2225 3915; x_wconf 85' lang='lat'>,</span> <span class='ocrx_word' id='word_1_349' title='bbox 2247 3846 2393 3901; x_wconf 84' lang='lat' dir='ltr'>unde</span> <span class='ocrx_word' id='word_1_350' title='bbox 2420 3845 2490 3900; x_wconf 87' lang='lat' dir='ltr'>de</span> <span class='ocrx_word' id='word_1_351' title='bbox 2513 3860 2628 3901; x_wconf 76' lang='lat' dir='ltr'>tota</span> <span class='ocrx_word' id='word_1_352' title='bbox 2653 3868 2712 3901; x_wconf 87' lang='lat' dir='ltr'>re</span> <span class='ocrx_word' id='word_1_353' title='bbox 2723 3850 2796 3920; x_wconf 81' lang='lat' dir='ltr'>jn-</span> 
     </span>
     <span class='ocr_line' id='line_1_52' title="bbox 1777 3928 2793 4001; baseline 0 -20"><span class='ocrx_word' id='word_1_354' title='bbox 1777 3928 1982 3983; x_wconf 84' lang='lat' dir='ltr'>dicium</span> <span class='ocrx_word' id='word_1_355' title='bbox 2005 3930 2134 3983; x_wconf 84' lang='lat' dir='ltr'>ferri</span> <span class='ocrx_word' id='word_1_356' title='bbox 2153 3940 2360 4001; x_wconf 84' lang='lat' dir='ltr'>posset,</span> <span class='ocrx_word' id='word_1_357' title='bbox 2387 3947 2500 3981; x_wconf 84' lang='lat' dir='ltr'>esse</span> <span class='ocrx_word' id='word_1_358' title='bbox 2526 3928 2793 3991; x_wconf 81' lang='lat' dir='ltr'>effectum,</span> 
     </span>
     <span class='ocr_line' id='line_1_53' title="bbox 1775 4007 2794 4081; baseline -0.004 -19"><span class='ocrx_word' id='word_1_359' title='bbox 1775 4023 1840 4063; x_wconf 87' lang='lat' dir='ltr'>nt</span> <span class='ocrx_word' id='word_1_360' title='bbox 1867 4028 1980 4062; x_wconf 87' lang='lat' dir='ltr'>non</span> <span class='ocrx_word' id='word_1_361' title='bbox 2013 4009 2118 4062; x_wconf 87' lang='lat' dir='ltr'>nisi</span> <span class='ocrx_word' id='word_1_362' title='bbox 2149 4007 2353 4081; x_wconf 82' lang='lat' dir='ltr'>aliquid</span> <span class='ocrx_word' id='word_1_363' title='bbox 2388 4007 2459 4061; x_wconf 86' lang='lat' dir='ltr'>de</span> <span class='ocrx_word' id='word_1_364' title='bbox 2487 4010 2600 4062; x_wconf 84' lang='lat' dir='ltr'>hoc</span> <span class='ocrx_word' id='word_1_365' title='bbox 2623 4007 2794 4081; x_wconf 62' lang='lat' dir='ltr'>prelio</span> 
     </span>
     <span class='ocr_line' id='line_1_54' title="bbox 1777 4086 2794 4163; baseline -0.006 -18"><span class='ocrx_word' id='word_1_366' title='bbox 1777 4108 2233 4163; x_wconf 80' lang='lat' dir='ltr'>cognosceremus.</span> <span class='ocrx_word' id='word_1_367' title='bbox 2253 4090 2330 4143; x_wconf 79' lang='lat' dir='ltr'>M.</span> <span class='ocrx_word' id='word_1_368' title='bbox 2354 4121 2432 4133; x_wconf 94' lang='lat'>-</span> <span class='ocrx_word' id='word_1_369' title='bbox 2448 4090 2501 4142; x_wconf 82' lang='grc' dir='ltr'>Ιι·</span> <span class='ocrx_word' id='word_1_370' title='bbox 2511 4108 2670 4141; x_wconf 70' lang='lat' dir='ltr'>om</span> <span class='ocrx_word' id='word_1_371' title='bbox 2683 4086 2794 4139; x_wconf 72' lang='lat' dir='ltr'>mili-</span> 
     </span>
     <span class='ocr_line' id='line_1_55' title="bbox 1783 4167 2720 4225; baseline -0.004 -2"><span class='ocrx_word' id='word_1_372' title='bbox 1783 4182 1868 4225; x_wconf 78' lang='lat' dir='ltr'>tes.</span> <span class='ocrx_word' id='word_1_373' title='bbox 1901 4172 1968 4225; x_wconf 90' lang='lat' dir='ltr'>In</span> <span class='ocrx_word' id='word_1_374' title='bbox 1986 4170 2148 4225; x_wconf 78' lang='lat' dir='ltr'>variis</span> <span class='ocrx_word' id='word_1_375' title='bbox 2171 4167 2296 4223; x_wconf 87' lang='lat' dir='ltr'>edd.</span> <span class='ocrx_word' id='word_1_376' title='bbox 2329 4173 2368 4222; x_wconf 71' lang='lat' dir='ltr'>ia·</span> <span class='ocrx_word' id='word_1_377' title='bbox 2393 4170 2534 4224; x_wconf 82' lang='lat' dir='ltr'>male</span> <span class='ocrx_word' id='word_1_378' title='bbox 2561 4167 2720 4221; x_wconf 80' lang='lat' dir='ltr'>deest.</span> 
     </span>
    </p>
   </div>
  </div>
 </body>
</html>
