3025 5025
632 470 775 542 116
952 475 1028 544 C.
1085 475 1368 543 JULII
1424 473 1888 544 CAESARIS
1942 475 2489 588 COMMENT.

621 608 794 676 ferre
825 632 1071 726 posse:
1109 609 1329 701 itaque
1371 632 1441 677 se
1484 609 1697 677 victos
1734 607 2071 676 confiteri:
2100 633 2291 678 orare
2329 622 2528 702 atque
2564 607 2760 676 obse-

618 739 838 801 crare,
865 716 916 782 si
935 715 1047 809 qui
1069 713 1253 783 locus
1279 713 1745 784 misericordiae
1769 711 2209 843 relinquatur,
2238 740 2323 782 ne
2346 715 2429 783 ad
2448 714 2762 782 ultimum

619 767 1012 915 supplicium
1040 820 1352 916 progredi
1377 845 1645 890 necesse
1672 805 2019 889 habeant⁵.
2049 850 2083 886 »
2119 824 2278 889 Haec
2309 845 2508 915 quam
2539 835 2765 915 potest

615 926 1074 996 demississime
1110 942 1308 1020 atque
1343 927 1816 1021 subjectissime
1858 928 2149 1021 exponit.

722 1036 1072 1103 LXXXV.
1096 1034 1199 1102 Ad
1223 1059 1301 1102 ea
1338 1035 1562 1102 Caesar
1584 1032 1958 1128 respondit:
1994 1063 2028 1098 <c
2054 1031 2237 1102 Nulli
2264 1035 2561 1101 omnium
2586 1031 2604 1056 ¹
2636 1033 2761 1102 has

611 1152 833 1234 partes
857 1138 962 1209 vel
987 1141 1413 1234 querimoniae
1429 1193 1448 1228 ,
1472 1139 1579 1207 vel
1603 1140 2068 1228 miserationis,
2092 1140 2311 1208 minus
2337 1141 2761 1208 convenisse:

608 1244 895 1340 reliquos
951 1248 1126 1314 enim
1170 1272 1402 1316 omnes
1447 1270 1640 1314 suum
1694 1245 1989 1315 officium
2040 1247 2453 1340 praestitisse3
2492 1271 2601 1334 se,
2644 1247 2763 1339 qui

609 1354 804 1421 etiam
835 1352 1008 1421 bona
1030 1353 1409 1423 conditione
1424 1406 1443 1441 ,
1470 1366 1538 1421 et
1564 1351 1712 1421 loco
1731 1365 1798 1420 et
1824 1366 2124 1447 tempore
2148 1378 2337 1446 aequo
2355 1407 2373 1440 ,
2398 1351 2761 1447 confligere

606 1456 925 1546 noluerit,
963 1473 1039 1528 ut
1074 1483 1274 1554 quam
1312 1460 1738 1555 integerrima
1776 1472 1995 1527 essent
2041 1458 2125 1527 ad
2168 1483 2401 1553 pacem
2451 1461 2676 1530 omnia
2698 1456 2758 1545 ²3

608 1567 972 1634 exercitum
994 1591 1183 1634 suum
1200 1617 1216 1649 ,
1234 1567 1378 1659 qui,
1392 1567 1631 1659 injuria
1650 1566 1848 1632 etiam
1874 1579 2147 1660 accepta
2174 1567 2435 1658 suisque
2457 1566 2755 1642 interfec-

604 1656 727 1740 tis3
732 1725 751 1758 ,
777 1697 945 1766 quos
977 1674 1042 1740 in
1072 1697 1188 1740 sua
1213 1685 1539 1767 potestate
1568 1670 1914 1756 habuerit,
1950 1674 2356 1740 conservarit
2388 1687 2453 1741 et
2476 1674 2756 1760 texerit3
2762 1735 2767 1740 .

604 1776 779 1846 illius
817 1778 1098 1872 denique
1130 1780 1458 1847 exercitus
1499 1776 1768 1864 milites,
1807 1778 1918 1870 qui
1954 1803 2075 1872 per
2112 1803 2180 1846 se
2218 1777 2301 1846 de
2341 1778 2757 1847 concilianda

604 1908 770 1977 pace
797 1886 1086 1976 egerint:
1114 1909 1245 1977 qua
1269 1885 1336 1952 in
1366 1909 1438 1952 re
1467 1831 1768 1951 omniuni
1795 1908 2067 1951 suorum
2093 1885 2244 1952 vitae
2272 1884 2757 1954 consulendum

602 1991 919 2083 putarint.
955 1992 1060 2058 Sic
1089 1992 1387 2059 omnium
1417 1989 1728 2058 ordinum
1757 2005 1977 2083 partes
2009 1993 2077 2058 in
2105 1991 2555 2061 misericordia
2596 2009 2754 2061 co'n·

603 2097 841 2164 stitisse
865 2083 888 2126 ⁴
915 2122 929 2164 ε
960 2098 1138 2191 ipsos
1173 2096 1374 2166 duces
1398 2121 1438 2163 a
1466 2120 1631 2190 pace
1661 2094 2120 2166 abhorruisse:
2148 2122 2261 2166 eos
2298 2123 2513 2191 neque
2539 2097 2753 2167 collo-

605 2203 778 2300 quii,
797 2227 1011 2296 neque
1030 2203 1446 2272 induciarum
1463 2203 1618 2296 jura
1635 2227 1929 2270 servasse
1942 2257 1961 2290 ,
1980 2217 2047 2273 et
2068 2203 2369 2273 homines
2387 2192 2755 2299 imperitos⁵

687 2385 739 2437 5.
762 2385 842 2438 Ne
865 2385 936 2436 ad
962 2387 1176 2438 ultimum
1207 2387 1489 2456 supplicium
1513 2403 1637 2454 pro-

602 2465 746 2536 gredi
785 2484 967 2518 necesse
999 2466 1220 2519 habeant.
1250 2467 1300 2518 N
1303 2484 1331 2518 e
1371 2483 1426 2518 se
1462 2465 1605 2536 ipsos
1619 2502 1636 2531 ‚

603 2564 714 2616 prae
743 2544 1111 2616 desperatione
1141 2546 1384 2598 omnium
1421 2562 1632 2607 rerum,

605 2626 902 2677 interficere
932 2645 1142 2677 necesse
1171 2626 1416 2677 habeant.
1546 2684 1557 2693 ·

687 2706 818 2758 Cu.
843 2705 1121 2757 LXXXV.
1151 2723 1198 2757 1.
1226 2704 1368 2757 Nulli
1395 2708 1630 2764 omnium,

603 2796 693 2837 etc.
727 2784 1011 2837 Neminem
1041 2784 1216 2835 minus
1247 2782 1434 2837 decere
1473 2802 1637 2853 quam

605 2864 888 2916 Afranium
918 2877 972 2915 et
997 2863 1266 2915 Petreium
1295 2862 1559 2932 suscipere
1584 2874 1638 2915 et

604 2961 787 3015 gerere
824 2955 1001 3013 partes
1037 2942 1310 3014 querentis
1326 2980 1342 3007 ,
1365 2954 1455 2994 aut
1477 2943 1636 2994 mise·

605 3023 787 3075 rantis.
821 3022 1074 3073 Miser-atio
1105 3034 1182 3074 est
1211 3023 1384 3074 oratio
1403 3040 1638 3073 commo·

607 3121 734 3156 vens
767 3100 834 3153 ad
863 3099 1296 3171 misericordiam.
1331 3102 1406 3153 M.

692 3201 744 3234 α.
779 3182 849 3234 Ut
877 3202 1016 3252 quam
1053 3185 1358 3251 integerrima
1393 3194 1548 3233 essent
1572 3182 1643 3235 ad

603 3281 770 3332 pacem
801 3265 974 3316 omnia.
996 3261 1072 3313 Ut
1091 3262 1234 3313 enim
1256 3262 1432 3332 ipsum
1452 3259 1634 3313 dicen·

609 3355 719 3395 tem
737 3342 995 3393 Caesarem
1012 3360 1137 3393 mox
1153 3340 1453 3395 videbimus
1465 3336 1523 3402 (l.
1544 3359 1635 3406 111,

609 3440 656 3475 c.
684 3416 810 3485 ιο),
837 3421 924 3473 hoc
947 3440 1090 3473 unum
1119 3434 1191 3472 est
1220 3434 1398 3491 tempus
1426 3421 1486 3471 de
1513 3440 1637 3490 pace

610 3500 816 3570 agendi,
857 3520 998 3572 quum
1031 3513 1229 3573 ,uterque
1264 3501 1358 3552 sibi
1387 3499 1630 3568 confidat,

613 3594 664 3633 et
679 3600 826 3651 pares
857 3582 995 3632 ambo
1021 3581 1282 3632 ‘videantur
1308 3597 1322 3631 :
1349 3583 1395 3630 si
1418 3599 1537 3630 rvero
1558 3581 1635 3631 al

613 3664 705 3713 teri
731 3660 934 3731 paulum
969 3660 1106 3711 modo
1147 3660 1366 3711 tribuerit
1393 3660 1629 3725 fhrtuna,

611 3760 707 3793 non
743 3760 840 3792 esse
882 3760 1073 3791 usurum
1116 3740 1461 3791 conditionibus
1495 3744 1637 3809 pacis

610 3841 715 3874 eum
726 3859 740 3881 ,
763 3825 848 3892 qui
861 3823 1077 3890 superior
1091 3820 1342 3879 videatur,
1368 3839 1517 3892 neque
1538 3840 1635 3871 esse

611 3920 750 3972 oequa
766 3912 912 3969 parte
946 3912 1215 3951 contentum
1229 3940 1244 3962 ,
1285 3903 1367 3971 qui
1393 3920 1443 3951 se
1473 3904 1634 3952 omnia

611 3980 881 4031 habiturum
897 3978 1122 4049 confidat.
1148 3981 1217 4032 Et
1240 3981 1312 4032 ita
1340 3998 1552 4050 quoque
1576 3982 1627 4033 J.

612 4060 796 4113 Celsus
811 4098 827 4125 ,
841 4059 960 4131 qui,
975 4059 1163 4114 ‚eodem
1182 4060 1302 4113 loeo
1316 4056 1336 4121 (
1350 4078 1465 4131 pag.
1491 4079 1511 4111 1
1527 4060 1598 4127 89
1610 4098 1626 4124 ‚

1728 2383 1904 2436 tatibus
1913 2387 2055 2454 pacis
2069 2386 2288 2437 idoneum
2303 2399 2482 2456 tempus
2494 2393 2750 2459 arripiant,

1724 2463 1837 2513 dum
1866 2464 2047 2515 scilicet
2084 2469 2298 2537 par-tlum
2342 2478 2497 2519 status
2537 2487 2711 2541 anceps
2732 2509 2746 2531 ,

1725 2546 1875 2613 oequis
1894 2563 2047 2613 prope
2070 2546 2286 2597 lancibus
2296 2548 2492 2617 pendet.

1807 2622 1859 2675 3.
1894 2623 2097 2695 Suisque
2116 2628 2389 2692 interjectis.
2418 2625 2551 2678 vid.
2574 2647 2622 2680 c,
2646 2634 2719 2698 76
2734 2668 2751 2695 ,

1727 2718 1820 2769 77.
1840 2724 1922 2735 —
1940 2704 2198 2757 Habuerit.
2224 2706 2453 2776 Vulgata
2472 2706 2641 2760 editio
2666 2710 2753 2759 ha-

1724 2778 1851 2841 buit,
1882 2794 2067 2835 contra
2088 2786 2349 2837 rationem
2376 2785 2527 2838 latini
2552 2806 2753 2841 sermo-

1722 2858 1824 2922 niS,
1840 2874 2128 2932 contraque
2142 2865 2337 2917 multos
2352 2864 2509 2919 codd.
2530 2878 2585 2919 et
2596 2867 2747 2921 editt.

1721 2956 1857 2991 rom.
1890 2941 2028 2994 Ven.
2056 2943 2299 2997 Beroald.

1804 3024 1857 3079 4.
1874 3019 1957 3071 Sic
1966 3027 2173 3075 omnium
2183 3025 2434 3077 ordinum.
2443 3031 2748 3081 ,con-stitisse.

1724 3095 1896 3150 Scilic.
1928 3100 2132 3166 Caesar,
2165 3115 2217 3155 et
2252 3104 2533 3157 Caesariani
2550 3120 2751 3178 ‚atque

1724 3176 1883 3229 etiam
1910 3142 2223 3254 Pompeiani
2263 3184 2481 3248 milita,
2523 3185 2751 3241 ducibus

1722 3256 1941 3310 Afranio
1968 3273 2020 3313 et
2041 3262 2252 3315 Petreio
2278 3265 2535 3336 exceptiS,
2566 3284 2621 3318 se
2642 3288 2751 3338 ges-

1722 3349 1904 3390 serunt
1929 3340 2005 3392 ita
2032 3355 2093 3393 ut
2122 3340 2188 3394 ad
2224 3362 2408 3414 pacem
2446 3357 2497 3396 et
2529 3363 2751 3403 concor-

1722 3412 1866 3467 diam
1887 3422 2044 3487 proni
2072 3422 2410 3490 viderentur,
2436 3438 2489 3477 et
2517 3426 2659 3478 intra
2685 3428 2749 3478 fi·

1721 3512 1815 3547 nes
1827 3496 2071 3555 humanae
2090 3503 2464 3556 misericordiae
2477 3508 2749 3575 ,quamvis

1721 3574 1966 3631 civilibus
1990 3583 2149 3635 armis
2174 3583 2411 3654 abrepti,
2435 3586 2742 3639 restiterint.

1722 3654 1786 3707 T.
1810 3656 2010 3718 Bentl„
2031 3680 2096 3713 ex
2120 3660 2242 3715 edd.
2261 3676 2387 3715 vett.
2413 3682 2530 3734 quae
2549 3666 2747 3719 hahent

1721 3697 2115 3799 misericordiam,
2150 3743 2464 3812 conjiciebat
2486 3762 2749 3814 reponen-

1720 3812 1884 3883 dum,
1928 3824 1977 3871 in
2018 3825 2159 3873 miset·
2159 3823 2388 3874 icordiam
2422 3828 2743 3877 consensisse:

1720 3912 1843 3947 nam
1874 3899 2004 3969 quid
2032 3902 2099 3954 sit
2123 3902 2179 3953 in
2211 3904 2535 3954 misericordia
2566 3908 2739 3956 conste-

1721 3976 1860 4041 tissa,
1894 4000 1949 4032 se
1976 3998 2085 4032 non
2113 3982 2403 4053 intelligere
2426 3984 2638 4038 fatetur.

1810 4059 1862 4112 5.
1890 4061 2154 4131 Imperitos.
2184 4063 2345 4115 Recte
2366 4082 2429 4115 ex
2451 4062 2735 4128 codicibus,

610 4140 715 4193 vol.
732 4157 816 4201 111,
833 4152 1026 4195 nostra
1045 4136 1174 4206 ed.),
1195 4159 1340 4195 unum
1363 4140 1491 4192 illud
1507 4152 1631 4191 mc-
1716 4134 1933 4211 Im'periti
1954 4154 2079 4194 sunt
2103 4140 2326 4207 Caesari,
2348 4142 2595 4197 homines
2616 4145 2735 4197 sim-
