3025 5025
464 449 602 514 DE
654 445 1026 516 BELLo
1084 445 1478 514 CIVILI.
1539 447 1738 512 LIB.
1797 446 1961 512 111.
2141 448 2284 542 287

198 581 461 648 exercitui
500 578 790 648 dandum
808 631 828 665 ,
860 578 1075 646 socios
1110 576 1644 665 confirmandos,
1687 577 2066 671 praesidium
2103 579 2293 648 urbi-
2389 581 2396 586 ’

197 687 291 754 bus
313 685 796 780 relinquendum
818 739 839 770 ,
874 709 1141 754 necesse
1180 697 1324 752 erat
1352 683 1538 752 adire
1561 682 2002 779 Apolloniam.
2035 684 2165 752 Sed
2192 686 2294 754 his

198 793 355 861 rebus
396 807 645 862 tantum
686 793 1004 885 temporis
1050 790 1316 878 tribuit,
1358 806 1685 884 quantum
1721 805 1866 858 erat
1907 797 2296 885 properanti

198 923 414 968 neccsse
450 925 464 966 :
500 901 869 992 timensque
913 896 1269 986 Domitio¹,
1313 923 1396 966 ne
1437 896 1731 966 adventu
1767 899 2066 991 Pompeii
2118 923 2293 992 prae-

198 1021 613 1100 occuparetur,
653 1005 739 1074 ad
782 1029 937 1073 eum
979 1006 1165 1072 omni
1220 1003 1556 1072 celeritate
1601 1019 1668 1072 et
1717 1004 1936 1073 studio
1983 1005 2294 1073 incitatus

197 1111 497 1180 ferebatur.
535 1113 767 1181 Totius
806 1125 1029 1180 autem
1061 1112 1157 1178 rei
1188 1109 1538 1180 consilium
1562 1112 1665 1180 his
1692 1111 2062 1180 rationibus
2092 1111 2297 1204 expli·

197 1219 381 1306 cahat,
432 1234 504 1288 ut
527 1273 545 1306 ,
602 1221 657 1287 si
708 1219 1063 1312 Pompeius
1114 1216 1352 1286 eodem
1414 1218 1850 1287 contenderet
1868 1271 1887 1303 ,
1933 1217 2298 1286 abductum

195 1321 337 1394 illum
366 1349 401 1392 a
430 1327 593 1393 mari
632 1339 831 1418 atque
862 1325 945 1394 ab
984 1325 1061 1392 iis
1104 1325 1347 1418 copiis,
1383 1350 1548 1419 quas
1578 1324 1984 1418 Dyrrhachii
2021 1347 2300 1418 compa-

195 1448 412 1500 raverat
431 1487 450 1518 ‚
486 1433 827 1500 frumento
865 1457 944 1500 ac
982 1429 1362 1500 commeatu
1406 1431 1818 1500 abstractum
1840 1485 1858 1518 ,
1883 1433 2030 1525 pari
2071 1430 2301 1499 condi-

198 1538 335 1606 tione
355 1538 499 1607 belli
526 1563 757 1608 secum
782 1539 1125 1606 decertare
1150 1552 1457 1630 cogeret:
1485 1539 1540 1606 si
1557 1539 1626 1606 in
1647 1537 1912 1606 Italiam·
1942 1535 2302 1624 transiret²3

198 1645 507 1736 conjuncto
576 1647 872 1714 exercitu
932 1669 1086 1713 cum
1142 1646 1443 1714 Domitio
1507 1669 1630 1739 per
1694 1642 2036 1737 Illyricum
2096 1642 2304 1712 Italiae

197 1749 440 1820 subsidio
482 1751 1063 1847 proficisceretur:
1106 1752 1206 1820 sin
1246 1749 1673 1845 Apolloniam
1714 1751 2129 1844 Oricumque
2176 1775 2304 1844 op-

110 1937 115 1948 ·
198 1880 447 1950 pugnare
468 1913 489 1945 ,
526 1873 594 1926 et
633 1884 701 1928 se
748 1860 931 1926 omni
975 1859 1305 1926 maritima
1350 1882 1469 1926 ora
1511 1856 1864 1938 excludere
1907 1872 2302 1941 conaretur3

196 1963 417 2033 obsesso
466 1981 694 2034 tamen
752 1965 1059 2058 Scipione
1088 2017 1107 2052 ,
1144 1968 1520 2034 necessario
1570 1962 1757 2033 illum
1815 1964 1948 2032 suis
1989 1962 2306 2032 auxilium

195 2067 329 2138 ferre
350 2086 637 2166 cogeret.
670 2075 941 2165 Itaque,
969 2072 1321 2165 praemissis
1350 2071 1599 2140 nuntiis
1625 2070 1712 2139 ad
1739 2073 1863 2139 Cn.
1896 2071 2268 2138 Domitium
2287 2125 2306 2157 ,

194 2177 378 2246 Caesar
412 2181 705 2273 scripsit,
730 2193 825 2263 et,
855 2177 1014 2271 quid
1051 2177 1196 2246 fieri
1232 2176 1461 2262 vellet,
1488 2162 1810 2245 ostendit3
1835 2203 1848 2244 ε
1872 2176 2308 2271 praesidioque

192 2281 511 2376 Apolloniae
546 2284 941 2353 cohortibus
968 2287 1101 2371 IV,
1126 2285 1295 2353 Lissi
1320 2285 1509 2370 I,III
1549 2285 1735 2352 Orici
1764 2281 2044 2369 relictis,
2064 2285 2310 2377 quique

194 2403 351 2458 erant
390 2418 468 2461 ex
522 2390 913 2460 vulneribus
972 2393 1169 2485 aegri,
1224 2391 1576 2484 depositiS,
1621 2415 1742 2484 per
1785 2390 2066 2483 Epirum
2110 2389 2308 2482 atque

111 2552 114 2561 .
192 2493 599 2569 Acarnaniam
666 2499 791 2567 iter
856 2497 1075 2567 facere
1136 2499 1357 2592 coepit.
1421 2491 1788 2591 Pompeius
1844 2520 2108 2590 quoque
2153 2550 2171 2583 ,
2227 2496 2310 2565 de

192 2602 429 2674 Caesaris
471 2604 753 2675 consilio
798 2606 1185 2697 conjectura
1221 2604 1530 2698 judicans
1552 2658 1570 2691 ,
1614 2604 1700 2672 ad
1742 2604 2118 2697 Scipionem
2155 2628 2311 2697 pro-

191 2710 520 2798 perandum
568 2712 696 2779 sibi
757 2712 1203 2799 existimabat,
1258 2712 1312 2779 si
1366 2713 1593 2781 Caesar
1646 2712 1772 2779 iter
1819 2708 1932 2779 illo
1983 2709 2262 2777 haberet
2293 2764 2312 2799 ,

192 2828 249 2881 ut
285 2820 639 2888 subsidium
676 2820 969 2913 Scipioni
1010 2818 1247 2907 ferret,
1292 2819 1345 2886 si
1387 2818 1471 2886 ab
1512 2842 1632 2886 ora
1672 2818 2006 2885 maritima
2047 2818 2314 2887 Oricia-

191 2910 673 3013 que⁴discedere
703 2923 941 3013 nollet,
966 2924 1147 3019 quod
1177 2924 1469 3018 legiones
1497 2925 2000 3019 equitatumque
2024 2950 2104 2992 ex
2123 2924 2316 2992 Italia

252 3107 365 3163 Cn.
387 3110 701 3163 LXXVIII.
728 3126 778 3161 1.
796 3109 1033 3161 Domitio.
1063 3108 1195 3160 Erat
1282 3108 1460 3169 milite,
1492 3108 1778 3160 redeuntem.
1810 3106 1942 3160 Vid.
1978 3122 2031 3161 et
2075 3127 2192 3180 quac
2233 3130 2314 3164 se-

193 3184 272 3238 Cn.
304 3190 571 3242 Domitius
601 3188 892 3254 Calvinus3
924 3186 992 3240 de
1020 3208 1084 3240 eo
1111 3189 1195 3241 vi·
1229 3202 1236 3210 “
1284 3200 1526 3259 quuntur
1561 3185 1702 3259 apud
1721 3189 1922 3241 Lucan.
1942 3228 1960 3255 ‚
1987 3190 2107 3242 loco
2133 3190 2314 3243 citato.

191 3262 286 3319 del.
306 3287 376 3335 ιι,
404 3290 449 3322 c.
482 3277 579 3333 4²·
595 3269 725 3320 Erat
750 3281 926 3321 autem
940 3270 996 3321 in
1016 3270 1196 3321 Mace·
1283 3268 1686 3339 ——Oppugnara
1712 3271 1795 3321 Ita
1811 3288 1934 3341 pars
1948 3289 2139 3341 magna
2157 3270 2317 3324 codd.

190 3342 323 3400 donia
354 3368 366 3401 :
398 3349 509 3403 vid.
550 3366 768 3421 quoque
800 3367 990 3420 supra,
1018 3367 1065 3401 c.
1103 3350 1194 3403 36.
1287 3360 1339 3401 et
1363 3361 1544 3401 noster
1567 3350 1630 3402 R.
1663 3349 1814 3420 5764
1834 3368 1850 3415 ;
1869 3363 1922 3403 at
1949 3350 2100 3419 5768
2123 3363 2176 3403 et
2194 3352 2314 3403 alii:

258 3446 303 3479 α.
334 3428 390 3481 Si
428 3433 478 3481 in
511 3430 712 3483 Italiam
748 3433 989 3480 transiret.
1036 3430 1108 3481 Et
1139 3427 1198 3481 id
1285 3442 1588 3501 oppugnaret
1603 3452 1622 3491 ‚-
1637 3443 1925 3503 utrumque
1946 3430 2204 3501 probatur
2221 3432 2328 3483 cri-

192 3506 318 3559 multi
349 3510 619 3581 ‘Pompeio
660 3507 953 3561 suadebant
976 3548 992 3575 ,
1024 3521 1088 3561 ut
1118 3528 1201 3561 re-
1290 3509 1424 3561 eicis.
1456 3508 1677 3563 Praestat
1708 3522 1885 3563 tamen
1921 3522 2105 3562 nostra
2140 3510 2319 3562 lectio,

192 3582 277 3638 fert
291 3588 763 3655 Lueanus,Phars.
782 3589 849 3647 ,l·.
866 3607 952 3653 VI,
973 3606 1024 3642 v.
1046 3588 1198 3643 316:
1375 3590 1425 3642 3.
1468 3590 1547 3641 Et
1583 3592 1704 3662 quid
1725 3590 1844 3661 fieri
1881 3590 2058 3651 vellet,
2095 3590 2320 3641 ostendit.

194 3681 290 3721 Arma
310 3695 531 3725 secuturum
556 3686 709 3732 soceri,
736 3700 975 3739 quocunque
1003 3684 1176 3739 fugasset
1192 3715 1203 3735 ‚
1290 3669 1518 3739 Scaliger
1549 3682 1602 3721 et
1624 3672 1855 3741 Vulgata
1885 3669 2088 3740 ecquid‚·
2111 3688 2215 3721 vox
2247 3682 2326 3722 est

191 3752 379 3796 Tentavere
402 3763 465 3797 eui
489 3762 657 3797 comites
675 3758 882 3797 devenere·
894 3752 1091 3810 thnum
1107 3785 1119 3803 ,
1293 3750 1489 3803 Caesari
1529 3745 1740 3803 insolita
1757 3788 1773 3815 ‚
1805 3767 1965 3821 quam
2009 3750 2208 3820 accepit
2256 3752 2324 3801 ab

196 3820 325 3865 ⁸⁰¹⁸·st
348 3830 495 3880 petri-⁸
516 3830 654 3875 κᾶθ’,
680 3838 799 3881 atque
818 3828 931 3867 ¹¹⁰⁸*ss
952 3836 1150 3867 carentem
1293 3827 1449 3881 Aldo.
1481 3826 1655 3882 codd.
1689 3848 1874 3882 omnes
1905 3848 1918 3882 :
1953 3840 2002 3880 et
2021 3830 2154 3901 quid.
2200 3830 2324 3883 Pas-

190 3890 385 3937 A¹²⁸⁰¹¹³⁸¹²¹
404 3907 581 3952 lmen*
599 3927 609 3936 ·
626 3928 635 3937 ·
653 3927 663 3937 ·
680 3927 690 3938 ·
1296 3910 1398 3961 sim
1420 3909 1596 3961 Caesar
1622 3907 1756 3962 dixit
1777 3921 1858 3961 :et
1880 3908 2126 3983 quidfieri
2145 3912 2295 3962 vellet
2309 3950 2323 3973 ‚

195 3980 277 4035 His
313 3989 677 4057 pulcherrima
715 3990 957 4043 oratione
986 4007 1209 4061 respon·
1298 4007 1390 4041 seu
1420 3990 1569 4050 velit,
1605 3990 1888 4043 ostendit...

196 4058 275 4115 det
327 4066 618 4140 Pompeius
658 4070 882 4121 ·Romam
933 4088 1211 4141 nunquam
1383 4074 1435 4131 4.
1488 4068 1767 4145 Orio-laque.
1811 4070 2012 4123 Omnes
2043 4068 2172 4123 edit‘.
2207 4086 2330 4125 ante

192 4140 494 4217 Pompeium
538 4152 755 4203 ‘visuram
775 4177 807 4215 ‚-
844 4154 941 4203 πίει·
950 4190 965 4214 ,
1016 4150 1211 4206 dimisso
1304 4148 1626 4205 Oberlinum
1641 4190 1658 4219 ‚
1692 4150 2013 4224 Corcyraque.
2048 4152 2118 4203 At
2150 4151 2334 4204 Mark-
