3025 5025
988 494 1676 565 HISPANIENSI.
2257 492 2395 581 541

367 629 524 697 XII.
600 630 876 697 Postero
931 627 1035 696 die
1091 632 1190 697 ex‘
1229 627 1488 723 legione
1532 624 1891 695 vernacula
1952 626 2188 697 milites
2251 644 2408 698 sunt

239 737 441 828 ¹capti
491 735 574 804 ab
625 735 954 829 equitibus
997 736 1240 804 nostris
1281 734 1418 803 duo
1441 788 1460 823 ,
1503 735 1619 827 qui
1666 732 1977 801 dixerunt
1999 787 2019 820 ‚
2064 759 2133 802 se
2176 760 2404 803 servos

261 866 426 909 esse.
473 843 704 930 Quum
740 843 1076 929 venirent,
1111 842 1362 935 cogniti
1404 854 1561 910 sunt
1602 866 1642 909 a
1676 837 2028 927 militibus,
2062 842 2174 933 qui
2210 857 2405 911 antea

261 971 418 1015 cum
447 948 650 1015 Fabio
666 947 685 970 ¹
717 962 784 1017 et
809 949 1012 1017 Pedio
1041 947 1306 1017 fuerant
1320 1000 1340 1034 ‚
1363 961 1432 1017 et
1455 971 1496 1015 a
1519 947 1852 1015 Trebonio
1892 945 2403 1040 transfiigerant.

260 1054 374 1121 Eis
411 1053 495 1121 ad
534 1055 1014 1147 ignoscendum
1051 1052 1232 1123 nulla
1267 1068 1368 1123 est
1403 1052 1563 1121 data
1602 1051 1910 1140 facultas,
1934 1068 2001 1122 et
2022 1076 2061 1120 a
2084 1050 2405 1122 militibus

259 1160 506 1229 nostris
540 1160 868 1231 interfecti
899 1174 1068 1229 sunt.
1099 1160 1287 1229 Idem
1319 1156 1675 1279 temporis²
1704 1160 1882 1253 capti
1914 1157 2266 1246 tabellarii,
2296 1162 2407 1253 qui

263 1288 302 1331 a
359 1265 676 1335 Corduba
721 1266 808 1334 ad
855 1268 1244 1362 Pompeium
1302 1267 1482 1336 missi
1529 1280 1754 1352 erant,
1796 1289 2281 1385 perperamque
2324 1266 2411 1335 ad

265 1386 482 1440 castra
531 1388 758 1441 nostra
794 1386 1236 1505 pervenera3nt
1255 1426 1275 1461 ,
1320 1373 1607 1467 praecisis
1660 1372 1971 1441 manibus
2017 1372 2199 1441 missi
2258 1388 2413 1443 sunt

251 1477 441 1558 facti.
473 1481 626 1548 Pari
655 1464 1171 1567 consuetudine³
1177 1478 1450 1574 ‚vigilia
1476 1478 1769 1547 secunda
1792 1502 1875 1547 ex
1902 1477 2205 1573 oppido
2186 1504 2410 1574 ignem

265 1584 553 1654 multum
583 1585 998 1681 telorumque
1021 1584 1510 1656 multitudinem
1530 1585 1882 1679 jactando,
1900 1585 2069 1653 bene
2097 1609 2413 1679 magnum

265 1706 530 1786 tempus
565 1708 1154 1789 consumpserunt,
1193 1688 1701 1787 compluresque
1744 1690 2135 1760 vulneribus
2172 1692 2411 1761 affece-

267 1812 444 1867 runt.
490 1801 856 1872 Praeterito.
877 1802 1092 1871 noctis
1134 1814 1436 1919 tempore
1453 1852 1474 1885 ‚
1515 1799 1938 1893 eruptionem
1958 1799 2046 1865 ‘in
2084 1797 2413 1893 legionem

269 1920 523 1975 sextam
568 1905 905 1995 fecerunt,
959 1934 1167 2001 quum
1208 1908 1278 1973 in
1327 1930 1532 2001 opere
1583 1906 1793 1973 nostri
1836 1904 2106 1973 distenti
2160 1920 2417 1993 essent,

269 2013 640 2115 acriterque
709 2038 1008 2108 pugnare
1064 2027 1473 2107 coeperunt.
1510 2034 1857 2105 quorum
1876 2012 1974 2080 vis
2034 2036 2333 2149 repressa
2380 2036 2419 2079 a

271 2121 553 2247 nostris,
596 2121 716 2187 etsi
755 2121 1070 2215 oppidani
1113 2121 1452 2239 superiore
1495 2116 1645 2188 loco
1690 2105 2273 2189 defendebantur.
2318 2120 2376 2187 Ii
2401 2173 2419 2207 ‚

270 2210 517 2320 quum⁵
558 2228 974 2320 eruptionem
1013 2226 1254 2297 facere
1270 2226 1661 2320 coepissent,
1698 2238 1923 2292 tamen
1953 2225 2201 2295 virtute
2242 2224 2418 2292 mili-

270 2346 416 2400 tum
459 2324 886 2401 nostrorum*
891 2334 1102 2426 ,qui‚
1152 2334 1277 2400 etsi
1332 2330 1644 2400 inferiore
1704 2326 1853 2399 loco
1904 2330 2297 2423 premebant
2268 2290 2459 2417 tf

269 2454 496 2507 tamen
524 2438 772 2534 repulsi
801 2438 1192 2527 adversarii,
1219 2437 1389 2507 bene
1406 2414 1635 2505 multis
1656 2434 2043 2506 vulneribus
2066 2437 2325 2526 affecti,
2351 2439 2420 2505 in

272 2545 594 2641 oppidum
633 2571 702 2614 se
739 2543 1183 2616 contulerunt.

380 2655 573 2722 XIII.
632 2655 908 2722 Postero
945 2653 1050 2722 dic
1085 2654 1442 2748 Pompeius
1490 2677 1570 2720 ex
1613 2653 1845 2720 castris
1897 2651 2029 2720 suis
2073 2639 2423 2720 brachium
2480 2683 2485 2688 ·

277 2761 480 2854 coepit
514 2759 601 2828 ad
644 2758 892 2830 flumen
926 2757 1184 2830 Salsum
1227 2757 1537 2829 ducere¹:
1574 2773 1641 2827 et
1672 2781 1881 2852 quum
1920 2759 2131 2826 nostri
2170 2757 2421 2851 equites

274 2963 436 3017 dania
465 2963 702 3034 plebeia:
722 2981 848 3014 nam
875 2981 1016 3014 unus
1046 2962 1188 3014 inter
1213 2979 1304 3013 eos
1395 2958 1486 3011 bat
1533 2956 1783 3011 adversus
1829 2957 2037 3023 hostes,
2064 2957 2124 3009 in
2172 2957 2423 3011 inferiore

275 3044 372 3117 qui
399 3043 585 3097 consul
603 3043 707 3095 fuit
731 3062 870 3096 anno
893 3043 922 3096 5
937 3061 1034 3108 ιο,
1049 3042 1306 3094 mulctam
1388 3033 1515 3091 Ioco
1547 3039 1737 3090 urbem
1764 3049 2148 3108 oppugnantes.
2174 3038 2251 3090 M.

275 3124 416 3180 dixit
466 3122 702 3176 Claudiae
753 3123 916 3194 Appii
961 3081 1102 3174 Cinci
1151 3121 1306 3186 filiae,
1479 3117 1532 3170 5.
1558 3119 1633 3179 Ῑί,
1652 3136 1810 3189 quum.
1840 3116 1926 3170 Sic
1957 3117 2134 3170 Davis.
2172 3137 2202 3170 e
2240 3117 2426 3172 codice
2452 3119 2475 3146 ‘

273 3217 507 3278 propter
531 3216 718 3256 votum
747 3202 976 3274 impium
1009 3200 1156 3272 quod
1189 3220 1307 3252 om·
1395 3197 1614 3250 Norvic.
1648 3197 1945 3266 Legebatur
1974 3197 2124 3267 prius
2158 3198 2225 3256 L,
2260 3197 2319 3250 id
2346 3212 2426 3252 est
2456 3261 2459 3268 Ι

275 3285 439 3340 nibus
459 3295 648 3336 notum
665 3294 762 3336 est.
791 3283 974 3335 Nostri
993 3294 1171 3334 autem
1184 3282 1306 3334 nul·
1393 3277 1799 3348 quinquaginta.
1832 3307 1915 3318 --
1951 3277 2133 3328 Tamen
2160 3283 2379 3332 virtute..

275 3367 394 3418 lum
423 3375 835 3416 monumentum·
856 3362 1130 3416 habemus.
1396 3359 1649 3429 repulsa...
1684 3355 1836 3409 Nihil
1866 3354 2043 3421 deest;
2064 3355 2307 3428 quasdam
2324 3379 2423 3430 po·

362 3445 492 3498 Cu».
527 3443 654 3496 XII.
702 3461 748 3495 1.
797 3442 920 3494 Cum
953 3442 1130 3496 Fabio.
1158 3440 1267 3493 Alii
1290 3477 1307 3504 ‚
1396 3439 1502 3490 tius
1563 3397 1884 3490 redundant.
1928 3436 2220 3506 Legerim·
2206 3478 2221 3490 .
2270 3451 2424 3490 tamen

280 3525 468 3595 Badio,
495 3523 678 3584 Babio,
709 3535 810 3575 etc.
832 3522 968 3574 Dein
989 3523 1103 3592 lege
1131 3522 1310 3573 forsan
1395 3522 1517 3570 vir-t.
1540 3518 1640 3569 mil.
1665 3528 1956 3576 nostrorum,
1974 3519 2057 3588 qui
2080 3518 2303 3582 infer-:bre
2320 3519 2426 3570 loeo

281 3626 388 3658 cum
427 3603 682 3655 Trebonio.
1390 3597 1731 3670 premebantur
1756 3635 1771 3658 ‚
1828 3597 2005 3667 repulsi
2062 3597 2285 3651 advers...
2344 3599 2423 3651 M.

369 3706 420 3738 α.
447 3685 580 3736 Idem
610 3685 847 3753 temporis.
877 3681 964 3734 Sic
989 3679 1148 3733 codd.
1179 3693 1232 3732 et
1261 3699 1308 3733 c.
1399 3681 1579 3730 Recte.
1596 3676 1683 3728 Sic
1710 3674 1853 3728 dedi.
1876 3676 2175 3746 Legebatur
2198 3678 2297 3730 ita:
2318 3697 2427 3728 nos-

290 3769 321 3820 3
359 3778 411 3818 et
447 3783 536 3817 20.
563 3764 747 3834 Vulgo
766 3800 782 3826 ,
809 3762 970 3813 eodem
1004 3772 1226 3831 tempore.
1401 3749 1606 3809 mrum*
1620 3758 1853 3829 qui‚etsi,
1871 3767 1925 3807 et
1949 3767 2070 3807 ante
2084 3756 2261 3826 repulsi
2276 3775 2427 3828 repe-

373 3847 424 3899 3.
456 3846 581 3897 Pam·
605 3843 955 3897 consuetudine.
985 3842 1108 3906 Qua
1135 3852 1186 3891 et
1219 3857 1312 3891 an-
1401 3840 1611 3890 tebatur
1644 3848 1827 3896 tamen,
1864 3836 2049 3888 otiose.
2075 3835 2323 3890 Clarkius
2349 3839 2426 3890 la·

285 3941 370 3979 tea
389 3925 471 3976 usi
497 3936 674 3987 erant,
692 3941 738 3974 c.
770 3941 791 3974 1
809 3941 858 3975 1.
1401 3935 1595 3970 cunam
1636 3913 1947 3988 replendam
1975 3915 2219 3986 ‚putabat
2265 3918 2427 3970 verbo

372 4013 426 4070 4.
446 4004 700 4074 Super-iore
733 4002 836 4052 loeo
861 3998 1206 4070 defend..1psa
1237 4000 1311 4050 al·
1401 3995 1739 4066 rejiciebantur
1754 3997 1839 4051 vel
1861 3996 2039 4048 simili.
2072 3993 2174 4048 ΟΒ.

287 4083 466 4139 titudo
492 4083 629 4148 loci,
657 4101 687 4135 e
713 4098 820 4153 quo
849 4080 1190 4154 pugnabant,
1221 4077 1315 4130 de·
1484 4078 1617 4129 Cu».
1644 4076 1801 4128 XIII.
1840 4095 1889 4128 1.
1920 4077 2123 4129 Ducere.
2150 4075 2237 4128 Sic
2258 4077 2421 4130 Now.

287 4166 582 4218 sensionem
604 4181 792 4214 eorum
811 4161 1104 4214 faciliorem
1129 4156 1316 4227 redde-
1403 4170 1455 4209 et
1485 4156 1664 4238 Petav.
1699 4153 1828 4232 cod.¹
1848 4157 1979 4221 Alii,
1992 4157 2174 4222 facer-e.
