3025 5025
616 461 770 551 532⁸

1407 474 1545 543 DE
1600 476 1947 544 BELLO

606 608 854 675 dubam
897 609 1046 701 capi
1083 632 1304 702 posse,
1337 608 1519 701 quod
1556 634 1681 676 neo
1718 608 2147 703 opinantibus
2188 607 2579 677 adversariis
2614 608 2738 700 ejus

604 711 1001 809 provinciae²
1033 711 1283 807 potitu's
1317 729 1529 802 esset,
1557 714 1883 809 simulque
1926 712 2252 783 tabellarii
2288 716 2470 809 capti
2506 730 2740 799 essent,

605 823 718 916 qui
745 846 785 888 a
809 822 930 889 Cn.
971 822 1292 915 Pompeio
1326 820 1625 914 dispositi
1660 821 1969 889 omnibus
2006 819 2169 889 locis
2198 836 2423 909 erant,
2451 845 2583 915 quo
2612 846 2742 889 cer-

593 930 841 997 ·tiorem
901 930 1026 996 Cn.
1077 928 1470 1021 Pompeium
1524 926 1608 995 de
1664 928 1941 997 Caesaris
2002 926 2294 996 adventu
2349 927 2661 997 facerent.
2704 958 2739 991 η

603 1031 822 1103 Multa
873 1049 1194 1127 praeterea
1241 1032 1621 1101 verisimilia
1686 1033 2175 1129 proponebant.
2234 1034 2499 1122 Quibus
2556 1034 2747 1102 rebus

603 1140 968 1229 adductus,
1009 1166 1174 1234 quos
1215 1139 1466 1234 legatos
1509 1154 1662 1208 ante
1698 1142 2015 1209 exercitui
2058 1139 2483 1234 praefecerat,
2512 1143 2600 1230 Q.
2634 1142 2747 1208 Pe-

601 1232 836 1316 dium³
883 1262 950 1316 et
1003 1249 1086 1335 Q.
1142 1248 1420 1315 Fabium
1471 1248 1895 1333 Maximum,
1953 1246 2036 1314 de
2082 1272 2203 1315 suo
2254 1246 2549 1315 adventu
2599 1247 2753 1315 facit

600 1356 950 1441 certioreS‚
989 1369 1064 1422 ut
1074 1378 1313 1447 ,quem
1349 1353 1470 1421 sibi
1501 1355 1870 1447 equitatum
1905 1378 1987 1421 ex
2026 1354 2375 1447 provincia
2408 1353 2750 1441 fecissent,

600 1460 906 1555 praesidio
950 1462 1307 1529 mitterent.
1355 1459 1460 1527 Ad
1509 1484 1677 1554 quos
1722 1457 2001 1529 celerius
2026 1514 2046 1547 ‚
2082 1484 2285 1555 quam
2336 1461 2463 1554 ipsi
2502 1408 2751 1555 opinati

685 1711 737 1743 α.
757 1691 883 1759 Ejus
901 1693 1179 1759 provincioe.
1201 1689 1288 1741 Sic
1311 1686 1470 1741 codd.
1488 1688 1627 1739 Vul-

599 1790 667 1841 go
693 1773 956 1840 provincia.
971 1800 1053 1811 —-
1073 1769 1319 1841 Simulque
1349 1780 1514 1838 captos
1548 1779 1627 1817 ta-

601 1851 850 1910 ὂείὼνίοε,
875 1853 1012 1919 qui...
1033 1849 1118 1901 Sic
1145 1846 1499 1919 Oudendorp.
1522 1846 1627 1899 Sed

597 1930 791 1983 vellem
805 1967 820 1993 ,
847 1940 1100 1981 servasset
1144 1928 1430 1993 lectionem
1464 1926 1625 1999 codd.

603 2010 771 2061 Norv.
806 2020 860 2060 et
885 2009 1000 2061 Pet.
1024 2019 1251 2079 quae⁴est
1278 2008 1392 2060 haec
1413 2007 1628 2060 :Simul-

601 2109 690 2162 que
726 2088 966 2139 tabellarii
993 2091 1124 2158 capti
1155 2100 1332 2149 essent,
1359 2091 1498 2159 qui...
1525 2088 1628 2139 dis-

593 2188 704 2240 μω.
728 2180 888 2229 erant,
911 2179 963 2219 ut
981 2181 1096 2220 cert.
1115 2166 1231 2221 -Sed
1254 2169 1440 2238 Vulg.‚
1459 2169 1629 2219 simul-

601 2269 691 2321 que
699 2288 714 2311 ,
729 2248 860 2321 quod
870 2248 1114 2299 tabellarii
1121 2269 1154 2298 a
1165 2248 1258 2301 Ch.
1270 2249 1374 2301 P...
1384 2287 1397 2300 .
1411 2248 1629 2299 omnibus

602 2329 719 2381 locis
747 2340 928 2391 essent,
953 2333 1062 2399 qui,
1095 2339 1150 2381 et
1175 2346 1362 2380 manca
1386 2340 1439 2379 et
1469 2346 1629 2381 sensu

601 2407 850 2461 destituta
880 2418 975 2461 est.
1013 2410 1090 2461 M.
1121 2408 1434 2460 Lectionem
1473 2408 1629 2459 istam

601 2487 758 2543 codd.
791 2489 1001 2560 recepi;
1031 2506 1132 2541 nec
1179 2506 1242 2540 ea
1283 2498 1482 2540 mutata
1513 2500 1629 2540 ατη

599 2589 752 2640 opus.
797 2569 1025 2640 Vulgata
1072 2569 1313 2639 ineptam
1363 2568 1629 2620 rationem

603 2649 693 2702 dat
705 2689 722 2715 ,
739 2668 836 2702 eur
855 2646 1109 2702 Corduba
1135 2649 1254 2719 capi
1277 2660 1482 2719 posset,
1497 2649 1633 2720 quod

605 2731 848 2782 tabellarii
861 2740 1016 2780 essent
1038 2729 1284 2799 dispositi,
1315 2731 1399 2797 qui
1423 2727 1484 2778 de
1513 2727 1627 2780 Coe·

601 2814 726 2862 sae-is
757 2809 962 2861 adveritu
988 2809 1268 2878 Pompeium
1281 2808 1506 2874 facerent
1530 2827 1630 2858 cet*-

582 2894 787 2949 ,tior-em.
805 2888 908 2941 On.
929 2889 1116 2942 Nostri
1129 2885 1482 2940 autemmdd.
1506 2906 1631 2940 cum

603 2971 834 3040 Vulgata
860 2968 1218 3021 consentiunt.

689 3056 740 3102 3.
787 3049 854 3118 Q.
891 3049 1114 3100 Pedium.
1155 3033 1202 3100 E
1244 3061 1400 3118 gente
1438 2995 1633 3115 Pedia,

603 3129 845 3200 plebeia,
873 3127 967 3180 sed
997 3129 1296 3192 consulari,
1318 3127 1629 3183 oriundum.

604 3209 778 3280 Hujus
803 3221 954 3280 pater
991 3209 1024 3260 J
1027 3209 1192 3260 uliam
1237 3165 1515 3261 dictatoris
1546 3227 1632 3260 so-

606 3308 785 3342 rorem
811 3290 870 3340 in
900 3307 1126 3340 uxorem
1155 3286 1379 3340 duxerat
1395 3326 1411 3352 ,
1435 3306 1500 3339 ex
1522 3307 1631 3359 quo

607 3369 949 3421 matrimonio
997 3381 1152 3420 natus
1192 3369 1260 3433 Q.
1301 3366 1528 3432 Pedius,
1566 3387 1634 3422 ex

607 3460 922 3502 testamento
935 3448 1188 3500 avunculi
1203 3448 1370 3500 haeres
1389 3448 1492 3500 fuit
1508 3467 1633 3500 cum

607 3529 832 3582 Octavio
872 3529 1194 3580 consobrino
1233 3547 1348 3581 suo.
1385 3529 1633 3592 Quaestu-

607 3627 724 3662 ram
750 3609 1135 3681 provincialem
1165 3607 1358 3660 inierat
1379 3625 1462 3660 an.
1491 3625 1633 3678 7⁰¹3

608 3702 676 3742 tr.
710 3689 784 3761 pl.
823 3707 928 3758 70²
953 3707 969 3753 ;
1005 3700 1294 3760 praeturam
1325 3687 1445 3758 705'
1471 3683 1637 3749 (vide

606 3769 738 3822 Bell.
773 3769 932 3822 civil.
961 3768 1166 3820 librum
1187 3768 1406 3820 tertium
1430 3787 1476 3820 e.
1500 3787 1530 3819 2
1544 3787 1571 3819 2
1593 3765 1633 3831 ).

609 3851 737 3902 Post
770 3849 876 3902 hoe
913 3849 1092 3920 ipsum
1130 3849 1330 3900 bellum
1382 3848 1635 3918 Hispani-

533 3951 541 3956 ·
610 3948 736 3982 eum
767 3930 834 3980 ab
873 3929 1134 3981 avunculo
1170 3928 1405 3980 obtinuit
1423 3967 1440 3993 ,
1471 3940 1533 3980 ut
1566 3926 1636 3980 de

609 4009 862 4080 Pompeii
887 4009 1071 4060 liberis
1113 4008 1469 4080 triumpharet
1503 4027 1638 4078 pro-

607 4089 874 4142 consulari
891 4089 1120 4159 imperio
1137 4085 1157 4149 (
1177 4089 1282 4142 Dio
1297 4089 1440 4144 Cass.
1459 4085 1633 4150 μιν).

1720 1686 1776 1737 Q.
1814 1685 2027 1742 Pumvs.
2057 1685 2121 1723 Μ.
2158 1686 2201 1725 1².
2230 1684 2338 1723 pao
2374 1684 2493 1725 cos.
2527 1656 2750 1725 Ex.'ms-

1906 1755 2090 1795 mnu.
2126 1756 2251 1795 1311).
2280 1756 2328 1795 A.
2358 1756 2547 1796 nccrx.

1718 1845 1955 1899 Tandem
1980 1866 2065 1899 an.
2088 1865 2199 1917 710
2214 1886 2229 1913 ,
2248 1848 2317 1912 Q.
2342 1846 2543 1901 Pedius
2566 1850 2755 1901 consul

1718 1927 1973 1981 suffectus
1988 1923 2071 1979 est'
2087 1946 2211 1979 cum
2230 1927 2529 1981 Octaviano
2550 1927 2755 1981 Caesare

1716 2007 2043 2059 consobrino
2074 2026 2173 2059 suo
2214 2020 2337 2078 post
2364 2009 2612 2061 mortem*
2640 2008 2755 2060 dic·

1717 2088 1901 2139 tatoris
1918 2124 1935 2152 ,
1966 2106 2077 2158 quo
2122 2088 2181 2139 in
2227 2088 2539 2157 magistratu
2584 2089 2755 2159 legem

1716 2168 1841 2219 tulit
1870 2167 1939 2219 de
1969 2165 2217 2219 habenda
2242 2168 2539 2237 quastione
2570 2169 2629 2219 in
2660 2187 2753 2221 eos

1719 2266 1954 2317 quorum
1978 2266 2142 2317 opera
2170 2246 2401 2299 dictator
2438 2248 2643 2301 occisus
2670 2266 2753 2301 es-

1718 2339 1813 2379 set.
1842 2326 2051 2379 Deinde
2074 2346 2247 2398 quum
2264 2346 2393 2380 eura
2411 2329 2562 2380 urbis
2584 2330 2636 2380 ei
2653 2326 2750 2380 de·-

1717 2406 1967 2459 mandata
1980 2407 2165 2459 fuisset
2178 2427 2207 2459 a
2219 2407 2519 2460 triumviris
2528 2446 2545 2473 ,
2560 2426 2751 2479 quum-

1716 2506 1823 2559 que
1882 2488 2143 2540 tumultus
2200 2488 2272 2540 ob
2329 2488 2751 2560 proscriptiones

1718 2567 1893 2620 erebri
1905 2567 2143 2620 orirentu
2148 2587 2195 2633 r,
2208 2568 2309 2620 hac
2326 2569 2449 2621 illae
2461 2569 2721 2622 cursitans
2734 2609 2751 2638 ,

1718 2661 1781 2700 ut
1806 2660 2175 2718 tempestatem
2198 2647 2406 2701 sedaret
2420 2687 2437 2713 ,
2458 2667 2567 2701 una
2592 2662 2753 2703 nocte

1716 2747 1783 2781 ex
1824 2727 1995 2780 nimia
2038 2726 2417 2798 defatigatione
2458 2730 2753 2783 exstinctus

1718 2819 1813 2862 est.
1860 2808 2125 2860 Nummus
2154 2811 2277 2876 ,ejus
2320 2826 2335 2860 ε
2382 2809 2455 2874 Q.
2488 2808 2752 2861 PEDIVS

1718 2888 1797 2940 M.
1835 2888 1893 2940 F.
1928 2886 2369 2942 CONCORDIA..
2403 2889 2578 2959 Caput
2618 2908 2749 2942 eon·

1718 2966 1915 3020 cordia
1948 2964 2510 3031 velatum(conc0rdia,
2544 2970 2619 3020 oh
2652 2989 2749 3040 pa-

1718 3065 1835 3100 cem
1856 3048 2047 3100 initam
2075 3047 2215 3099 inter
2249 3047 2437 3102 octav,
2455 3086 2472 3113 ,
2504 3051 2663 3114 Ant.,
2696 3063 2751 3102 et

1718 3126 1911 3198 Lepid.
1924 3124 1963 3190 ).
1978 3129 2053 3197 ιΙιι
2072 3145 2251 3180 aversa
2271 3141 2423 3198 parte
2434 3166 2451 3195 ,
2468 3147 2667 3181 corona
2684 3147 2753 3181 ex

1718 3207 1901 3271 lauro,
1936 3209 1994 3259 in
2032 3226 2139 3278 qua
2182 3207 2405 3259 SALVS
2438 3208 2751 3261 GENERIS

1719 3287 2031 3339 HVMANI.
2062 3289 2145 3340 Ex
2166 3287 2221 3341 S.
2248 3287 2312 3340 C.
2336 3288 2427 3341 Dii
2444 3288 2609 3341 boni!
2630 3307 2749 3360 quae

1720 3369 2000 3429 eoncordia,
2028 3379 2331 3438 quantaque
2351 3368 2513 3430 salus,
2534 3387 2600 3420 ex
2625 3388 2748 3421 cru-

1720 3445 2117 3500 delissimorum
2145 3459 2500 3518 tyrannorum
2522 3467 2748 3502 concor-

1722 3525 1811 3578 dia
1832 3527 1890 3578 in
1911 3546 2075 3598 genus
2090 3527 2375 3580 hominum
2394 3526 2748 3580 redundavit!

1721 3639 1803 3650 —-
1816 3607 1899 3668 Ut,
1912 3617 2049 3680 quem
2061 3609 2177 3667 sibi,
2192 3619 2292 3660 etc.
2310 3606 2484 3661 Codd.
2498 3609 2677 3662 PetaV.
2696 3621 2751 3661 et

1723 3687 1941 3741 Norvie.
1974 3688 2227 3740 exhibent
2248 3705 2262 3740 ε
2290 3699 2347 3738 ut
2374 3688 2466 3740 sibi
2491 3707 2598 3740 cum
2614 3691 2750 3760 equi-

1725 3779 1829 3818 tatu
1843 3807 1857 3829 ,
1894 3771 1979 3839 qui
2011 3789 2071 3818 ea.-
2112 3771 2367 3837 provincia
2387 3771 2593 3835 fuisset,
2621 3788 2753 3838 pra-

1722 3847 1849 3898 sidio
1878 3860 2045 3900 essent.
2086 3849 2163 3900 Ae
2198 3848 2275 3900 ita
2304 3849 2443 3919 lego.
2473 3850 2747 3901 sttsms.

1726 3927 2017 3997 Vulgatum
2046 3925 2328 3980 confirmat
2362 3928 2723 3982 Dorvillianus
2736 3969 2753 3996 ‚

1725 4006 1873 4078 quod
1904 4027 2015 4060 non
2034 4020 2253 4060 -temere
2288 4020 2459 4061 muto.
2489 4008 2751 4062 Oumun.

1727 4089 1921 4142 Caeteri
1944 4086 2102 4140 codd.
2131 4087 2289 4140 valde
2321 4087 2641 4160 discrepant.
2670 4087 2751 4142 Μ.
