3025 5025
1056 473 1636 544 AFRICANo.
2194 533 2199 538 .
2271 479 2424 573 499

270 608 625 702 studioque
668 633 829 703 erga
872 609 1241 695 Caesarem,
1284 607 1632 701 transfuga
1673 629 1830 675 suos
1867 606 2045 676 cives
2085 607 2246 678 facit
2281 635 2424 680 cer·

270 719 503 803 tiores,
538 745 573 780 «
605 719 643 784 J
646 716 851 784 ubam
875 738 1098 810 regem
1125 712 1427 783 celeriter
1454 739 1610 783 cum
1639 714 1848 807 copiis
1872 715 2042 800 suiS‚
2067 730 2424 810 antequam

266 824 548 894 Caesaris
585 822 965 918 praesidium
1010 846 1093 890 eo
1128 822 1506 916 perveniret
1523 875 1542 908 ,
1584 819 1669 889 ad
1715 819 2037 914 oppidum
2089 821 2424 893 adcucur-

265 932 464 1018 risse‚
497 944 697 1022 atque
718 983 738 1017 ‚
767 928 1165 998 adveniente
1201 926 1625 996 multitudine
1667 927 2108 1014 circumdata,
2145 953 2228 996 eo
2263 936 2427 1024 poti·

264 1051 449 1123 tum;
474 1036 915 1130 omnibusque
952 1036 1095 1129 ejus
1122 1034 1351 1130 oppidi
1386 1032 1620 1103 incolis
1654 1032 1741 1101 ad
1773 1057 1986 1102 unum
2021 1035 2386 1107 interfectis
2405 1093 2426 1126 ‚

263 1143 525 1216 dedisse
583 1142 905 1237 oppidum
955 1141 1404 1237 diripiendum
1449 1139 1938 1234 delendumque
1992 1140 2326 1212 militibus.
2383 1174 2418 1215 η

372 1253 657 1319 LXXV.
716 1252 943 1318 Caesar
996 1251 1263 1317 interim
1303 1302 1322 1337 ‚
1380 1246 1662 1316 lustrato
1711 1250 2008 1318 exercitu
2059 1272 2116 1316 a.
2165 1249 2230 1317 d.
2287 1251 2424 1320 XII

262 1355 415 1426 Kal.
481 1355 690 1451 April.
712 1354 729 1378 ¹
786 1371 1056 1450 postero
1090 1355 1196 1423 die
1234 1354 1578 1449 productis
1617 1357 1946 1424 universis
1989 1355 2229 1450 copiis,
2267 1379 2424 1452 pro·

260 1487 531 1558 gressus
576 1487 617 1530 a
660 1464 793 1531 suis
830 1463 1061 1532 castris
1100 1461 1306 1530 millia
1341 1484 1660 1555 passuum
1699 1463 1804 1548 V,
1843 1485 1882 1528 a
1923 1463 2251 1555 Scipionis
2294 1466 2423 1533 cir-

260 1573 431 1638 citer
471 1571 541 1638 II
579 1568 860 1638 millium
902 1569 1251 1662 interjecto
1296 1568 1546 1662 spatio,
1580 1569 1650 1635 in
1689 1569 1830 1636 acie
1875 1570 2190 1638 constitit.
2233 1571 2420 1639 Post—
2503 1579 2512 1586 ’

258 1701 463 1771 quam
486 1679 645 1745 satis
657 1675 902 1768 diuque
916 1674 1352 1761 adversarios,
1368 1697 1406 1744 a
1422 1699 1491 1742 se
1508 1674 1595 1742 ad
1611 1674 2062 1743 dimicandum
2077 1677 2422 1766 invitatos,

259 1782 696 1878 supersedere
730 1779 1004 1876 pugnae'
1034 1781 1536 1868 animadvertit,
1567 1780 1828 1850 reducit
1863 1785 2110 1875 copias.
2145 1781 2422 1854 Postero

258 1891 367 1959 die
406 1903 626 1958 castra
661 1904 921 1976 movet,
966 1902 1165 1982 atque
1199 1891 1327 1957 iter
1363 1887 1447 1955 ad
1490 1887 1820 1982 oppidum
1859 1889 2203 1957 Sarsuram
2219 1875 2267 1979 ³,
2307 1892 2424 1962 ubi

255 1997 489 2091 Scipio
549 1995 998 2072 Numidarum
1050 1991 1341 2063 habebat
1396 1993 1782 2088 praesidium
1803 2049 1823 2083 ,
1877 1994 2420 2093 frumentumque

254 2117 833 2197 comportaverat‚
858 2105 955 2170 ire
992 2101 1353 2171 contendit.
1385 2101 1590 2189 Quod
1617 2102 1743 2170 ubi·
1757 2102 2092 2172 Labienus
2123 2105 2420 2175 animad-

251 2211 485 2298 vertit,
526 2198 679 2278 cum
718 2210 1029 2301 equitatu=
1049 2206 1311 2302 levique
1350 2222 1690 2276 armatura
1741 2232 1980 2303 agmen
2017 2210 2159 2302 ejus
2205 2227 2415 2280 extre-

252 2342 445 2385 mum
482 2339 758 2409 carpere
793 2316 994 2408 coepit
1033 2340 1046 2381 :
1082 2327 1281 2407 atque
1316 2315 1410 2380 ita
1448 2300 1769 2382 lixarum⁴
1798 2329 2379 2411 mercatorumque
2400 2373 2418 2408 ‚

993 2438 1000 2444 .
1112 2413 1129 2447 l

252 2530 399 2585 tristi
416 2530 527 2583 fato
548 2526 884 2582 conveniant.
904 2525 937 2578 J
940 2520 1149 2582 urinius
1170 2525 1294 2579 ideo
1382 2524 1487 2579 lius
1539 2525 1705 2581 aetatis
1752 2528 2012 2598 scriptore
2049 2529 2138 2581 vix
2195 2528 2416 2587 defendi

249 2611 359 2681 legi
394 2621 544 2681 optat
574 2626 588 2661 z
620 2609 681 2660 de
710 2626 871 2661 eorum
900 2608 1001 2659 vol.
1044 2606 1293 2679 studioque
1382 2617 1583 2676 potest,
1625 2606 1724 2657 etsi
1767 2606 2027 2665 Cellarius
2061 2627 2092 2663 e
2131 2608 2411 2669 Scribonio

251 2710 375 2761 erga
412 2690 539 2742 Coes.
576 2689 830 2757 transfuga
860 2687 1131 2757 Scipionem
1161 2688 1297 2753 facit
1380 2686 1555 2754 Largo
1581 2683 1823 2738 desendit
1839 2725 1856 2751 ,
1881 2688 1975 2758 qui
1997 2708 2268 2759 processum
2288 2704 2408 2743 ceta-

250 2782 403 2835 cert.;
426 2780 543 2822 tum
566 2780 687 2839 post
706 2767 1035 2819 adenem-risse
1061 2764 1185 2819 addi
1204 2768 1292 2837 ju·
1382 2777 1473 2815 tem
1487 2762 1710 2818 dixerat.
1731 2766 1808 2819 M.
1827 2766 1952 2820 Sall.
1967 2769 2151 2835 etiam,
2169 2768 2203 2821 J
2205 2788 2292 2841 ug.
2315 2790 2342 2823 2
2357 2789 2402 2833 1,

248 2852 345 2906 bet
374 2853 619 2919 cognitum
660 2860 758 2910 est,
794 2847 879 2901 vel
922 2843 1055 2917 quid
1100 2846 1289 2904 simile.
1376 2866 1434 2899 eo
1455 2864 1728 2917 processum
1756 2840 1924 2907 (est).

255 2930 505 3003 Lipsius,
540 2928 623 2982 El.
663 2946 739 2995 11,
772 2946 841 2979 η
860 2965 877 2991 ,
912 2926 1094 2983 locum
1125 2926 1289 2979 inter-

250 3010 499 3083 polatum
524 3006 811 3079 judicabat.
841 3004 945 3059 On.
968 3038 1051 3050 —-
1071 3006 1196 3060 Suos
1218 3010 1289 3057 ci-

257 3111 333 3144 ves
346 3129 363 3151 ,
388 3090 495 3141 hoc
522 3088 915 3141 est'Vaccenses
941 3087 1139 3159 legatos
1152 3125 1167 3153 ‚
1196 3088 1290 3159 qui

254 3188 383 3224 cum
416 3168 623 3221 Caesare
653 3180 821 3220 erant.
856 3166 1093 3221 Gutum

335 3251 469 3303 Cn.
497 3248 723 3301 LXXV.
760 3266 810 3301 1.
843 3246 917 3299 A.
948 3246 998 3299 d.
1022 3246 1145 3301 XII
1164 3246 1285 3300 Kal.

257 3330 365 3402 Ap.
395 3329 493 3382 Est
517 3326 631 3381 dies
660 3346 725 3380 21
757 3328 987 3399 januarii
1013 3330 1163 3399 juxta
1190 3328 1293 3379 Us-

254 3410 383 3465 serii
406 3409 665 3471 Annales,
696 3406 765 3460 ad
796 3426 842 3463 a.
874 3426 949 3461 m.
980 3408 1153 3477 3958.
1184 3404 1289 3460 Sed

254 3511 322 3547 ex
345 3481 557 3543 ratione
588 3486 912 3541 Guischardi
939 3489 999 3541 in
1024 3488 1173 3540 Me‘m.
1203 3492 1289 3539 mi-

1463 2944 1513 2977 2.
1557 2925 1872 2997 supersedere
1905 2946 2104 2997 pugnae.
2155 2931 2281 3001 Leg.
2307 2950 2406 3001 pu-

1372 3024 1504 3075 gna.
1534 3018 1595 3058 ut
1616 3007 1872 3059 Latinitas
1902 3006 2120 3078 flagitat.
2154 3010 2401 3064 Davisius.

1375 3116 1457 3127 —-
1487 3086 1667 3139 Item...
1689 3090 1771 3138 ire.
1807 3086 1894 3139 Sic
1927 3100 1981 3140 et
2006 3106 2051 3141 c.
2085 3092 2152 3154 6,
2185 3102 2239 3142 et
2279 3109 2403 3144 mox

1374 3164 1479 3217 hoc
1510 3166 1629 3236 ipso
1659 3166 1851 3237 capite.

1460 3246 1511 3299 3.
1543 3246 1817 3299 Sat-suram.
1850 3244 2024 3299 codd.
2059 3246 2278 3318 quidam
2305 3250 2402 3303 Sa-

1372 3344 1582 3379 surram.
1637 3326 1834 3379 Differt
1889 3328 2114 3379 omnino
2145 3348 2173 3381 a
2217 3330 2408 3397 Susum

1372 3404 1649 3459 Ptolemaei
1675 3422 1758 3473 Π,
1789 3406 1842 3459 3.
1864 3405 2008 3459 Vide
2025 3408 2314 3461 Cellas-ium
2329 3411 2398 3463 N.

1374 3486 1441 3539 Ο.
1471 3487 1536 3539 A.
1578 3504 1666 3551 lv,
1708 3494 1774 3551 4,
1809 3506 1861 3553 1,
1901 3506 1990 3557 ²9·
2031 3520 2114 3531 --
2145 3490 2404 3543 Habuerat

256 3573 332 3625 lie.
347 3610 361 3633 ‚
382 3570 493 3623 vol.
516 3587 563 3622 11
583 3606 603 3633 ,
626 3588 679 3639 p.
706 3571 839 3631 266,
858 3568 943 3620 vel
967 3580 1096 3621 tom.
1119 3586 1165 3619 11
1182 3607 1197 3633 ‚
1227 3586 1283 3639 p.
1365 3567 1664 3636 praesidium.
1723 3567 1862 3639 Lege
1900 3586 1929 3619 e
1970 3565 2155 3621 codice
2198 3570 2401 3625 Davisii

260 3652 376 3705 368
394 3688 413 3714 ‚
436 3650 540 3703 erit
568 3646 683 3701 dies
711 3666 778 3717 17
811 3646 1123 3699 decembris,
1143 3646 1287 3701 Vide

254 3730 325 3784 ad
353 3748 472 3802 cap.
500 3748 553 3783 1.
577 3729 654 3785 M.
684 3725 789 3779 Sed
810 3726 1043 3779 in-·Ms'm.
1069 3730 1201 3786 ιιι-ἰῇ,
1227 3746 1283 3797 p.

261 3814 377 3881 390
390 3848 406 3875 ,
434 3810 573 3875 XII,
598 3808 733 3861 febr.
754 3808 929 3877 ponit.
950 3837 1036 3849 -—-·
1051 3808 1287 3875 Progres-

256 3912 354 3943 sus.
390 3890 477 3943 Sic
507 3888 849 3941 Rhellicanus
864 3887 1037 3939 voluit
1064 3887 1201 3957 legi,
1232 3898 1287 3938 et

255 3970 493 4025 editores
522 3987 551 4021 e
582 3967 741 4021 codd.
788 3966 1108 4039 quibusdam
1138 3984 1283 4019 rece-

255 4063 458 4125 perunt
490 4068 504 4102 z
530 4068 656 4101 nam
700 4048 951 4113 alterum,
988 4065 1237 4118 processus
1266 4084 1283 4111 ,

253 4129 406 4203 quod
434 4129 679 4201 plerique
708 4127 866 4181 codd.
893 4128 1119 4193 habent,
1140 4128 1198 4179 in
1224 4126 1286 4179 il·

1372 3646 1584 3697 babebat
1621 3667 1640 3699 .·
1687 3664 1812 3699 nam
1857 3666 1922 3699 eo
1973 3648 2096 3718 ipso
2155 3662 2398 3721 tempore

1368 3725 1675 3797 praesidium
1695 3728 1770 3779 ibi
1788 3741 1899 3779 erat
1914 3766 1931 3793 ,
1951 3747 1996 3781 c.
2020 3732 2114 3797 76.
2139 3730 2396 3785 Davisius.

1372 3808 1580 3857 Verum
1597 3820 1650 3859 et
1662 3808 1790 3859 alibi
1804 3808 2084 3879 plusquam
2101 3810 2397 3879 perfectum

1369 3904 1471 3956 pro
1502 3886 1815 3956 imperfecto
1838 3889 2074 3959 positum
2100 3892 2393 3961 reperitur,

1371 3977 1431 4018 ut
1462 3984 1507 4019 c.
1547 3970 1642 4036 76,
1675 3968 1770 4030 88,
1800 3968 1894 4034 89.
1927 3968 2030 4021 ΟΒ.

1438 4049 1506 4110 ’4.
1529 4048 1777 4099 Lixamm.
1793 4047 1904 4111 Qui
1922 4048 2122 4102 fuerint
2137 4049 2253 4101 lim
2269 4052 2394 4105 satis

1372 4127 1600 4199 explicat
1626 4126 1800 4181 Caesar
1813 4164 1828 4195 ‚
1845 4139 1902 4179 et
1923 4128 2064 4195 Liv„
2089 4128 2125 4181 l.
2146 4145 2181 4181 v
2199 4148 2228 4183 z·
2241 4136 2394 4184 minias

1885 4232 2022 4307 32²

2404 4398 2433 4414 f
