3025 5025
904 496 1475 568 AFRICANo.
2107 495 2260 587 443

260 624 519 718 XVIII..
548 628 823 707 Interim
864 630 961 697 M.
1000 632 1299 699 Petreius
1328 645 1397 699 et
1435 634 1560 701 Cn.
1601 630 1784 701 Piso²
1835 656 1989 701 cum
2027 636 2263 729 equiti-

178 727 273 798 bus
308 730 608 802 'Numidis
624 816 632 823 .
651 735 787 803 MC
850 733 1072 805 electis
1095 789 1114 826 ,
1166 736 1598 833 peditatuque
1649 739 1953 832 ,ejusdem
2005 744 2268 834 generis

178 836 296 903 satis
334 838 588 930 grandi,
630 865 711 908 ex
736 842 973 910 itinere
1009 858 1191 912 recta
1219 844 1510 914 subsidio
1548 847 1682 915 suis
1723 861 2122 935 occurrunt3
2159 863 2258 917 at-

176 965 276 1033 que
308 942 517 1038 hostes
538 1000 560 1035 ,
596 948 729 1015 suis
764 972 846 1017 ex
880 962 1137 1019 terrore
1179 950 1454 1020 firmatis
1470 1004 1493 1039 ,
1527 976 1886 1047 rursusque
1929 956 2263 1023 renovatis

176 1050 371 1119 animis
390 1105 409 1139 ,
464 1052 859 1147 legionarios
888 1108 909 1143 ,
960 1060 1299 1126 conversis
1345 1058 1676 1151 equitibus
1711 1082 1788 1128 se
1829 1061 2222 1153 recipientes
2243 1115 2262 1149 ,

173 1157 521 1228 novissimos
568 1159 821 1229 adoriri
860 1176 928 1230 et
962 1162 1285 1257 impedire
1330 1179 1679 1259 coeperunt
1693 1218 1712 1251 ,
1757 1191 1892 1259 quo
1934 1167 2154 1234 minus
2193 1156 2263 1235 in

174 1276 354 1331 castm
396 1290 463 1333 se
512 1268 908 1362 reciperent.
960 1272 1103 1339 Hac
1147 1294 1221 1339 re
1253 1270 1711 1339 animadversa
1726 1324 1747 1358 ,
1801 1275 2026 1341 Caesar
2071 1272 2263 1365 jubet

172 1367 323 1461 signa
367 1376 705 1460 converti,
750 1388 817 1443 et
864 1375 1084 1445 medio
1142 1402 1388 1472 campo
1452 1376 1889 1471 redintegrari
1939 1376 2258 1473 praelium.

170 1472 357 1561 Quum
388 1478 469 1547 ab
503 1480 809 1550 hostibus
839 1482 1077 1551 eodem
1106 1482 1309 1553 modo
1340 1498 1784 1579 pugnaretur,
1808 1509 1935 1553 nec
1961 1486 2264 1553 cominus

168 1580 235 1647 ad
250 1606 463 1663 manus
480 1586 840 1677 rediretur,
860 1591 1267 1684 Caesarisque
1294 1592 1546 1685 equites
1562 1590 1865 1683 jumenta
1876 1644 1894 1679 ,
1913 1616 1995 1659 ex
2017 1614 2266 1661 nausea

166 1692 397 1780 recenti,
430 1693 569 1783 siti,
607 1692 929 1790 languore
953 1749 972 1786 ,
1012 1698 1379 1791 paucitate,
1421 1695 1809 1765 vulneribus
1867 1696 2262 1791 defatigata,

166 1792 233 1860 ad
263 1796 729 1893 insequendum
766 1802 1027 1872 hostem
1078 1802 1774 1898 perseverandumque
1805 1828 2075 1873 cursum
2119 1818 2262 1871 tar-

164 1898 349 1971 diora²
388 1905 747 1995 baberent,
788 1908 1051 2005 dieique
1092 1934 1248 2005 pars
1290 1912 1528 2005 exigua
1563 1909 1704 2003 jam
1744 1910 1997 2005 reliqua
2033 1924 2210 1979 esset
2243 1936 2262 1997 3

162 2007 505 2083 cohortibus
538 2015 1001 2110 equitibusque
1030 2017 1493 2105 circumdatiS,
1531 2017 1920 2098 cohortatus
1949 2020 2263 2111 imperat,

162 2127 221 2181 ut
246 2139 367 2187 uno
400 2120 538 2190 ictu
570 2121 1049 2191 contenderent
1067 2174 1085 2206 ,
1118 2149 1334 2219 neque
1370 2125 1818 2207 remitterent,
1845 2124 2060 2193 donec
2087 2122 2264 2192 ultra

160 2217 389 2295 ultimos
422 2226 629 2297 colles
668 2228 893 2297 hostes
928 2228 1358 2324 repulissent,
1388 2245 1590 2323 atque
1624 2255 1858 2298 eorum
1887 2244 2106 2299 essent
2140 2256 2261 2324 po-

157 2326 252 2396 titi.
288 2332 511 2429 Itaque
562 2335 753 2429 signo
782 2334 941 2403 dato
962 2389 981 2423 ‚
1014 2361 1221 2430 quum
1254 2337 1394 2430 jam
1429 2336 1654 2405 hostes
1689 2334 1999 2429 languide
2042 2334 2262 2437 negli-

156 2449 481 2534 genterque
504 2438 647 2509 tela
672 2442 1041 2531 mitterent,
1070 2442 1289 2516 subito
1316 2443 1616 2514 immittit
1637 2441 1950 2512 cohortes
1977 2456 2262 2514 turmas-

154 2563 259 2632 que
289 2569 563 2616 suorum
590 2574 611 2635 ;
638 2563 838 2642 atque
862 2565 1116 2644 puncto
1144 2551 1461 2644 temporis
1496 2550 1805 2620 hostibus
1837 2548 2023 2617 nullo
2055 2573 2262 2644 nego-

152 2647 242 2716 tia
268 2675 495 2749 campo
536 2651 739 2748 pulsis
760 2708 781 2742 ,
822 2669 977 2750 post
1012 2653 1383 2750 collemque
1421 2654 1692 2748 dejectis
1712 2709 1734 2742 ,
1776 2657 1956 2724 nacti
2001 2652 2260 2744 locum,

151 2767 319 2852 atque
359 2761 453 2830 ibi
494 2759 861 2856 paullisper
904 2764 1298 2835 commorati
1320 2815 1341 2851 ,
1395 2763 1487 2832 ita
1528 2763 1628 2831 uti
1667 2777 1859 2834 erant
1909 2761 2265 2850 instructi,

212 2963 333 3020 Cu.
349 2967 563 3022 xvm.
581 2985 629 3021 r.
659 2967 752 3021 Cn.
774 2969 909 3022 Piso.
935 2970 1017 3022 De
1043 2969 1151 3024 hoc
1235 2969 1379 3022 tibus
1397 2979 1477 3037 ,et
1498 2968 1833 3039 cingentibus
1862 2965 2161 3022 Caesaremi'
2181 2967 2258 3020 M.

147 3041 399 3101 vidll'ncit.
418 3050 564 3100 Anu.
580 3065 647 3116 11,
664 3049 757 3114 433
771 3061 827 3101 et
839 3067 983 3119 supr.
1000 3089 1013 3113 ,
1029 3068 1075 3102 c.
1096 3050 1148 3102 3.
1238 3047 1381 3102 Oud.
1398 3049 1582 3102 mallet
1597 3051 1875 3109 circumitis,
1898 3048 1943 3100 si
1967 3047 2150 3100 liceret
2164 3065 2264 3118 per

148 3147 211 3167 ·-
239 3126 354 3181 MC.
395 3128 463 3180 In
521 3127 771 3180 omnibus
806 3127 964 3182 codd.
1008 3129 1149 3182 CCC

145 3203 379 3276 scriptum
414 3219 519 3261 est.
558 3207 635 3261 Μ.
666 3208 749 3260 Ita
780 3219 836 3260 et
862 3207 985 3262 edd.
1016 3197 1148 3260 vett.

142 3279 269 3338 ned.
299 3288 446 3357 1478
481 3299 537 3340 et
561 3287 703 3340 Ven.
734 3289 881 3350 1482
914 3289 1149 3360 alioque.

144 3362 325 3418 Contra
339 3368 481 3420 Ven.
508 3385 533 3418 1
546 3366 576 3420 5
588 3386 612 3420 1
625 3385 656 3437 7
673 3367 835 3419 habet
847 3367 991 3430 Μῦς
1004 3367 1152 3439 quod

142 3445 289 3518 magis
308 3447 564 3501 convenit
580 3465 703 3500 cum
722 3447 788 3498 iis
803 3484 821 3511 ,
838 3465 957 3519 quae
976 3466 1021 3500 c.
1040 3465 1149 3519 seq.

140 3535 425 3580 narrantur.
440 3526 705 3600 *Atque
732 3527 905 3580 hostes.
923 3528 1057 3594 Alii,
1080 3539 1151 3582 at.

214 3623 262 3657 ².
305 3605 553 3661 Per-sever.
596 3625 643 3679 q.
689 3626 875 3660 cursum
916 3608 1149 3662 tardiora.

136 3681 264 3752 Alii,
302 3687 581 3740 tar-dionem.
623 3685 729 3744 Sed
768 3687 984 3740 tardior-a
1017 3689 1155 3740 bene

136 3759 257 3816 Scnl.
297 3785 327 3820 e
369 3765 496 3820 cod.
539 3767 744 3820 Ursini.
792 3768 1154 3820 Consentiunt

136 3851 185 3894 et
204 3843 308 3898 alii.
336 3847 654 3898 Per-severare
680 3847 841 3900 etiam
868 3847 1036 3900 active
1066 3865 1153 3899 ac·

131 3921 335 3993 cipitur.
381 3925 417 3978 J
420 3927 583 3980 ustin.
622 3944 669 3978 11
682 3959 700 3992 ,
742 3930 777 3980 6
796 3965 813 3992 ,
854 3937 1157 3998 persever-ata

130 4003 295 4058 hodia.
321 4005 441 4058 Cic.
472 4023 584 4078 pro.
604 4001 888 4076 Quinctio,
914 4024 937 4059 1
955 4045 971 4071 ‚
994 4013 1158 4072 24,te

126 4083 267 4150 ipsm
274 4085 1019 4156 idpereeverare.--Cohor·te‘bus
1027 4089 1158 4162 equi-

119 4161 335 4238 tibusque
362 4167 689 4237 circumcis.
704 4169 789 4221 An
806 4168 1153 4224 circumstan-

1238 3126 1417 3194 codd.,
1430 3141 1491 3181 ut
1508 3129 1570 3181 B.
1597 3129 1660 3182 C.
1681 3145 1780 3193 111,
1798 3135 1895 3197 94,
1915 3131 2040 3179 acies
2061 3129 2263 3179 circum-

1240 3213 1327 3261 ita.
1352 3207 1506 3262 Istud
1527 3228 1620 3280 que
1638 3205 1882 3260 additum
1901 3207 2136 3280 equitibus
2153 3227 2266 3260 esse

1241 3308 1271 3342 ι
1294 3307 1457 3341 manu
1475 3287 1709 3354 librarii,
1734 3288 1873 3341 clare
1895 3299 2040 3360 patet
2057 3325 2073 3353 ,
2083 3284 2266 3359 judice
2297 3327 2302 3333 .

1240 3365 1578 3422 Guischardo
1596 3408 1613 3436 ,
1638 3386 1757 3439 pag.
1789 3387 1930 3439 207,
1962 3368 2057 3438 qui
2082 3368 2264 3420 locum

1239 3448 1315 3502 sic
1336 3447 1519 3502 reddit
1541 3467 1556 3501 ε
1577 3448 1756 3520 chaque
1785 3449 1977 3499 cohorte
1997 3447 2266 3517 dtaitflan-

1240 3533 1356 3600 quie
1380 3529 1442 3580 de
1469 3529 1520 3580 la
1545 3527 2011 3581 cavalerie.Verum
2033 3527 2092 3578 in
2111 3523 2263 3579 Μόνη.

1240 3611 1355 3688 crit.⁸
1368 3628 1489 3680 pag.
1514 3609 1546 3660 5
1556 3628 1583 3660 α
1595 3607 1626 3660 5
1643 3645 1660 3673 ,
1675 3605 1820 3660 istud
1844 3626 1934 3678 que
1949 3605 2128 3660 sensui
2151 3623 2264 3657 non

1240 3689 1452 3740 obstare
1476 3699 1681 3754 censet,
1708 3705 1812 3757 qua
1835 3684 1906 3738 de
1933 3705 1993 3738 re
2015 3683 2267 3738 dubitare

1238 3767 1380 3820 licet.
1426 3766 1530 3820 ΟΒ.
1569 3796 1652 3808 ---
1685 3766 1993 3818 cohortatus.
2041 3762 2266 3818 Addidit

1241 3847 1347 3900 hoc
1362 3865 1401 3913 *e
1422 3843 1580 3898 codd.
1603 3842 1854 3898 Oudend.
1869 3845 2051 3898 Posset
2067 3845 2265 3898 abesse.

1240 3925 1395 3978 Idem
1423 3926 1605 3978 mallet
1644 3923 1820 3978 omitti
1853 3929 2174 3996 imperat‚‚ut,
2211 3935 2265 3977 et

1240 4007 1347 4078 legi
1361 4006 1654 4059 cohortatur.
1671 4005 1978 4058 One—Uno
1999 4007 2112 4058 ictu.
2138 4003 2270 4073 Om-

1241 4105 1337 4140 nes
1370 4105 1481 4138 uno
1520 4084 1815 4157 eodemque
1857 4085 1967 4138 ictu
2003 4085 2231 4139 telorum
2247 4124 2269 4152 ,

1242 4185 1596 4235 una-omnes,
1622 4185 1734 4220 uno
1761 4167 1980 4240 impetu.
2013 4165 2088 4219 Μ.
