3025 5025
668 503 803 574 DE
856 502 1203 570 BELLO
1258 502 1634 572 CIVILI.
1694 505 1878 573 LIB.
1937 508 2038 574 II.

2285 511 2426 582 183

274 633 589 703 cohortes
634 631 956 702 militum²
983 649 1255 728 postero
1301 635 1415 704 die
1464 650 1620 704 ante
1671 639 1993 733 oppidum
2047 641 2220 709 Juba
2264 667 2432 711 con-

278 743 602 835 spicatuS,
636 765 823 809 suam
862 765 1003 810 esse
1044 742 1410 872 p3raedicans
1459 738 1784 862 praedam,
1827 771 2140 840 magnam
2175 765 2434 844 partem

274 873 509 916 eorum
554 841 839 918 interfici
868 833 1125 942 jussit³·
1164 873 1414 943 paucos
1448 848 1749 919 electos
1731 875 1800 918 m
1845 870 2128 946 regnum
2165 859 2433 925 remisit.

276 956 509 1043 Quum
539 957 763 1024 Varus
818 979 1007 1024 suam
1053 953 1255 1025 fidem
1296 955 1381 1022 ab
1428 979 1509 1023 eo
1561 955 1708 1025 laedi
1745 973 2174 1052 quereretur,
2220 986 2437 1058 neque

273 1063 581 1130 resistere
610 1061 919 1130 auderet.
942 1063 1082 1156 ipse
1111 1086 1283 1156 equo
1308 1063 1377 1129 in
1406 1063 1728 1183 oppidum
1756 1079 1988 1134 vectus
2005 1119 2024 1154 ,
2043 1091 2441 1162 prosequen-

273 1167 449 1237 tibus
490 1163 949 1306 compluribus
1006 1168 1421 1238 senatoribus
1440 1223 1461 1256 ‚
1496 1195 1632 1263 quo
1677 1172 1746 1238 in
1792 1196 2073 1242 numero
2117 1189 2262 1242 erat
2295 1178 2435 1244 Ser·

274 1261 650 1372 Sulpicius⁴
686 1288 753 1344 et
809 1263 1102 1346 Licinius
1148 1277 1640 1370 Damasippus,
1693 1280 1920 1372 paucis
1970 1280 2242 1369 diebus,
2293 1305 2440 1412 quae

274 1380 417 1448 fieri
445 1381 650 1450 vellet
674 1382 925 1469 Uticae,
946 1384 1291 1452 constituit
1318 1398 1517 1478 atque
1554 1383 1935 1477 imperavit,
1963 1385 2196 1456 diebus
2220 1414 2274 1458 ae
2321 1373 2438 1456 ue⁵

272 1501 427 1581 post
462 1489 697 1582 paucis
726 1514 796 1558 se
832 1491 901 1558 in
928 1512 1213 1584 regnum
1244 1513 1400 1560 cum
1432 1491 1742 1559 omnibus
1773 1493 1982 1586 copiis
2020 1497 2328 1588 recepit.

274 1669 542 1724 daverunt
562 1688 575 1724 ε
596 1673 747 1722 missis
767 1672 940 1740 legatis
956 1691 1063 1722 cum
1083 1674 1319 1724 centurio-

275 1750 432 1804 nibus.
466 1752 667 1804 Noster
694 1749 815 1805 eod.
848 1751 1021 1822 5764,
1050 1753 1317 1821 legatorum

274 1849 507 1896 numer-03
546 1831 679 1885 item
724 1829 847 1886 cod.
884 1831 1035 1902 5768
1079 1851 1110 1884 a
1144 1831 1318 1903 prima

274 1930 446 1966 manu
470 1911 725 1964 scelerate
748 1913 1104 1982 pronunciato
1125 1929 1139 1963 ε
1170 1913 1210 1963 il
1230 1912 1321 1975 n'r

274 2011 306 2042 a
337 2011 431 2062 que
458 1992 528 2044 les
556 2003 703 2044 mor-ts
728 1995 811 2062 qui
827 2011 885 2042 ne
912 1995 1183 2044 reviennent
1192 1997 1319 2062 pas!

360 2091 413 2126 ο.
440 2071 665 2141 Quorum
686 2073 903 2124 cohortes
926 2071 1147 2124 militum.
1164 2069 1319 2124 Leid.

272 2171 358 2223 pr.
406 2171 617 2224 quarum
662 2152 925 2206 cohortium
974 2153 1175 2214 milites,
1208 2169 1321 2204 non

272 2232 445 2297 male,
464 2243 521 2286 et
546 2233 685 2284 forte
710 2233 1027 2290 concinnius
1050 2251 1063 2285 ε
1087 2230 1155 2285 ad
1182 2232 1323 2284 hanc
1362 2271 1365 2276 -

271 2313 570 2366 lectionem
616 2310 822 2365 secedit
862 2319 1045 2366 noster
1086 2313 1151 2364 R.
1200 2310 1319 2364 cod.

280 2391 439 2462 5764
461 2431 478 2460 ,
505 2409 709 2464 quarum
742 2393 957 2444 cohortes
978 2387 999 2454 (
1019 2411 1121 2463 pro
1152 2392 1323 2444 cohor·

274 2469 425 2537 tium)
471 2472 647 2525 milites
664 2492 685 2525 .·
740 2473 819 2527 nil
876 2485 1054 2526 tamen
1110 2485 1323 2525 mutan·

272 2552 439 2607 dum.

360 2633 421 2687 3.
442 2631 669 2702 Interfici
676 2634 841 2703 jussit.
866 2634 933 2685 In
952 2633 1217 2685 mcenihus
1234 2651 1325 2687 eos

272 2710 583 2785 disposuit,
610 2725 664 2765 et
706 2713 781 2765 ita
818 2713 1085 2785 expositos
1122 2726 1325 2783 specta-

271 2793 400 2847 culo
426 2792 549 2845 telis
572 2792 770 2863 configi
789 2795 963 2883 jussit.
980 2793 1241 2864 Appiam,
1259 2811 1328 2859 11,

276 2878 379 2937 46.
398 2904 485 2915 --
500 2872 731 2944 Propter
754 2876 989 2945 opernm
1006 2880 1220 2925 strenue
1237 2892 1329 2925 na-

272 2966 497 3021 vatam,
534 2952 863 3024 Pompeiana
916 2954 1076 3005 factio
1130 2954 1161 3004 J
1166 2954 1327 3005 ubam

272 3050 467 3105 regem
508 3032 888 3103 appellandum
930 3049 1042 3087 esse
1072 3032 1325 3086 decrevit.

274 3112 590 3167 Caesariana
616 3130 747 3165 vero
774 3114 935 3167 factio
968 3114 1243 3167 Bocchum
1274 3124 1329 3166 et

274 3190 592 3264 Bogudem,
598 3192 780 3246 hostes.
786 3194 1051 3265 Pompeii,
1060 3192 1220 3245 simili
1234 3194 1331 3247 ho-

273 3291 419 3327 nore
452 3273 685 3325 ornavit.
718 3273 824 3325 Dio
854 3274 997 3326 Cass.
1016 3309 1033 3337 ‚
1072 3292 1191 3340 xm,
1233 3280 1327 3336 4².

275 3355 508 3405 Montis.
566 3353 633 3405 In
690 3372 755 3404 eo
809 3354 949 3405 facto
1006 3353 1142 3405 Vari
1164 3392 1179 3419 ,
1216 3371 1329 3405 non

275 3432 629 3504 agnoscimus
676 3442 913 3486 veterem
961 3434 1331 3487 Romanorum

276 3510 753 3583 magnitudinem:
774 3515 953 3565 vanu
973 3528 1167 3584 nempe
1190 3512 1331 3566 cives

276 3591 419 3647 fidei
444 3610 557 3645 suae
583 3590 793 3647 deditos
810 3633 825 3659 ,
846 3601 1107 3663 praesente
1132 3612 1213 3659 se,
1228 3610 1330 3655 nec

279 3672 573 3727 resistente
590 3711 607 3738 ‚
646 3690 673 3723 a
714 3673 947 3725 barbaro
990 3691 1115 3743 rege
1158 3671 1331 3726 occidi

284 3751 517 3824 patitur.
556 3752 629 3803 Et
668 3750 799 3822 quid
828 3752 907 3803 illi
938 3752 1198 3807 exercitus
1242 3772 1332 3805 ro·

282 3832 442 3885 muni
456 3831 791 3903 imperatori,
802 3852 832 3884 a
844 3833 879 3884 J
880 3833 985 3885 uba
998 3831 1333 3885 timendum?

288 3930 463 3965 curve
476 3910 645 3963 fidem
670 3910 849 3965 datam
874 3930 985 3965 non
1011 3931 1225 3967 servare
1237 3931 1335 3983 po·

284 3991 515 4046 tuisset?
546 3992 749 4063 Aperte
782 3990 1023 4046 dicamus
1040 4031 1055 4060 ,
1084 3991 1219 4045 adeo
1258 3992 1333 4045 ci-

283 4072 413 4125 vilis
438 4072 531 4125 ine
556 4072 711 4125 furor
742 4085 944 4125 mentes
974 4074 1205 4127 obcaecat
1225 4113 1241 4142 ,
1266 4086 1329 4125 ut

284 4151 393 4204 sihi
449 4151 833 4206 infensissimos
880 4164 935 4206 et
984 4151 1225 4223 odiosos,
1258 4150 1327 4206 n'e

1403 1671 1781 1726 misericordioe
1793 1671 1940 1727 locus
1960 1673 2077 1728 dari
2091 1676 2147 1728 in
2162 1689 2440 1748 posterum

1403 1753 1604 1822 possit,
1635 1753 1702 1804 ab
1731 1754 1838 1806 ulio
1884 1754 2142 1808 trucidari
2194 1758 2442 1810 lubenter

1408 1833 1552 1885 cives
1575 1830 1822 1899 videant3
1841 1853 1906 1886 ex
1946 1836 2042 1888 illo
2072 1855 2183 1890 non
2225 1838 2300 1890 ita
2329 1837 2441 1910 pri·

1408 1911 1536 1965 dem
1565 1911 1632 1964 ad
1657 1926 1903 1966 nostrum
1929 1927 2208 1970 terrorem.

1489 1999 1546 2056 4.
1588 1993 1720 2046 Seru.
1767 1993 2026 2065 Sulpicius.
2072 1997 2151 2049 De
2181 2016 2282 2066 ee,
2319 2011 2444 2050 nam

1407 2070 1552 2124 idem
1597 2071 1845 2142 videtur,
1871 2078 1981 2148 jam
2025 2074 2260 2130 diximus
2292 2089 2346 2130 et
2375 2077 2446 2130 de

1408 2166 1566 2222 gente
1607 2153 1838 2224 Sulpicia
1859 2193 1875 2224 ,
1901 2155 1937 2207 l.
1973 2173 2024 2222 1,
2055 2175 2100 2210 c.
2139 2165 2232 2226 74.
2255 2189 2336 2200 --
2356 2161 2447 2209 Li-

1408 2235 1562 2284 cc‘nius
1599 2233 1944 2305 Damasippus.
1985 2238 2066 2288 De
2097 2255 2160 2289 eo
2193 2239 2333 2290 infra
2363 2237 2448 2289 di-

1410 2330 1620 2375 cemus,
1646 2314 1778 2366 Bell.
1807 2315 1921 2366 Afr.
1945 2333 1992 2368 c.
2023 2320 2114 2384 96.

1496 2392 1546 2444 5.
1579 2391 1767 2444 Diebus
1801 2413 1933 2465 aeque
1956 2408 2074 2465 post
2095 2401 2280 2466 paucis.
2308 2398 2448 2448 Vul-

1409 2485 1527 2543 gata
1579 2473 1746 2525 diebus
1784 2478 1975 2543 paucis.
2027 2475 2352 2547 simplicius3
2395 2489 2448 2531 at

1412 2550 1768 2625 Oudendorp.
1795 2572 1858 2606 ex
1887 2557 2200 2609 anctoritate
2218 2574 2341 2609 msS.
2362 2576 2448 2609 re-

1410 2632 1586 2685 stituit
1613 2634 1915 2686 lectionem.

1496 2716 1550 2767 6.
1589 2712 1711 2765 Cum
1733 2714 1952 2766 omn-ibus
1973 2717 2122 2784 copiis
2148 2721 2338 2785 recepit.

1470 2794 1576 2846 ‚Ex
1597 2794 1756 2847 tertio
1773 2794 1914 2845 libro
1942 2794 2036 2864 qui
2051 2797 2329 2865 proximus
2354 2808 2452 2865 est,

1412 2874 1543 2927 item
1565 2892 1627 2925 ex
1649 2874 1851 2945 aliquot
1873 2874 2101 2926 aliorum
2126 2876 2451 2947 scrip-torum

1412 2954 1574 3021 loci5‚
1596 2964 1802 3006 constat
1827 2956 1995 3007 multa
2029 2956 2084 3007 in
2111 2957 2216 3009 hoc
2241 2954 2452 3009 deside-

1412 3034 1553 3098 rari,
1583 3050 1730 3105 quse,
1753 3035 1878 3105 quia
1905 3034 1972 3086 nd
1999 3036 2219 3089 Caesaris
2236 3036 2452 3089 laudem

1414 3113 1638 3167 minime
1655 3114 1928 3185 pertinent
1942 3156 1956 3181 ‚
1977 3117 2222 3169 existimo
2245 3118 2311 3169 ab
2333 3116 2452 3188 ipso

1414 3194 1499 3247 vel
1527 3212 1804 3265 suppressa
1820 3229 1838 3259 ,
1861 3196 1945 3248 vel
1977 3194 2110 3248 adeo
2137 3198 2369 3249 tenuiter
2399 3208 2452 3249 et

1415 3274 1606 3327 leviter
1636 3271 1868 3327 delibata
1883 3313 1898 3340 ‚
1913 3287 1976 3327 ut
1996 3276 2149 3329 facile
2171 3277 2448 3349 perierint.

1418 3353 1563 3407 Solet
1587 3355 1732 3407 enim
1753 3355 1961 3421 Caesar,
1994 3368 2054 3407 ut
2083 3358 2355 3427 scopulos,
2391 3374 2451 3408 ea

1414 3434 1534 3486 loca
1568 3433 1864 3499 declinare,
1897 3434 2043 3487 unde
2071 3436 2210 3488 nihil
2247 3435 2451 3502 laudis,

1416 3515 1503 3567 vel
1526 3516 1790 3567 nonnihil·
1799 3514 2077 3568 dedecoris
2097 3516 2155 3567 in
2181 3534 2236 3567 se
2260 3514 2456 3567 redun-

1418 3592 1550 3647 dare
1579 3594 1903 3665 praeviderit.
1937 3595 2023 3647 Sic
2055 3596 2230 3647 aerarii
2254 3596 2452 3667 expila-

1418 3674 1642 3741 tionem,
1664 3675 1885 3727 Metello
1909 3674 2035 3727 trib.
2052 3675 2222 3745 plebis
2245 3676 2456 3728 fortiter

1417 3754 1738 3807 reclamante
1756 3790 1772 3818 ,
1809 3754 1897 3806 cui
1947 3766 2174 3806 mortem
2225 3755 2454 3809 minatus

1420 3846 1531 3898 est,
1557 3833 1661 3887 nisi
1704 3834 1793 3890 aiii
1839 3844 2049 3886 autores
2095 3834 2453 3907 scripsissent,

1419 3913 1513 3964 vix
1537 3915 1966 3985 cognovissemus
1996 3932 2059 3966 ex
2088 3914 2172 3968 his
2191 3934 2456 3969 commen-

1420 3990 1589 4060 tariis.
1615 3989 1742 4046 Haec
1763 4004 1928 4065 porro
1955 4006 2097 4060 sunt,
2119 4006 2236 4067 q'uae
2265 3996 2350 4048 vei
2375 3997 2456 4049 in·

1424 4071 1593 4149 dicta,
1623 4074 1710 4126 vel
1733 4074 1920 4127 amissa
1949 4088 2072 4128 sunt
2099 4076 2157 4128 in
2187 4077 2291 4129 hoc
2306 4096 2453 4129 com-

1416 4154 1680 4211 mentario
1698 4192 1716 4221 ,
1737 4167 1789 4208 et
1815 4174 1933 4229 quae
1965 4156 2040 4208 sic
2068 4158 2452 4230 supplebimus.

1989 4253 2130 4334 12⁴
