3025 5025
613 408 764 497 344
1304 411 1444 479 DE
1505 411 2055 482 MuchLo

611 559 677 613 et
721 543 1001 612 dicatur.
1035 541 1296 612 Deinde
1340 568 1486 654 quae
1525 542 1829 640 analogia
1872 540 2234 612 latitudinis
2277 545 2364 613 ad
2398 545 2579 614 hunc
2623 571 2747 616 nu-

607 647 914 722 merum?
949 673 1105 719 nam
1142 649 1333 744 ponit
1370 666 1675 744 quatuor
1714 649 1917 718 modo
1954 649 2156 745 pedes
2201 649 2427 720 latum.
2466 639 2749 724 Enorme

604 757 739 828 hoc
767 782 936 877 opus
967 758 1083 845 sit,
1113 771 1180 825 et
1209 754 1494 826 informe
1515 781 1689 852 ,pro
1718 781 1869 826 meo
1896 756 2165 851 quidem
2194 783 2407 828 sensu.
2438 761 2751 829 Praeterea

608 863 886 933 materia
925 866 1237 934 universa
1279 810 1535 934 Caesari
1562 863 1901 959 bipedale&
1938 878 2041 934 est
2072 855 2183 952 (in
2216 865 2549 958 quadrum
2568 919 2589 954 ,
2622 869 2751 961 opi-

506 1047 511 1053 ,
606 963 823 1061 nor):
853 970 1055 1066 idque
1091 970 1178 1039 ob
1212 969 1595 1042 firmitatem
1614 1022 1635 1057 ,
1664 995 1812 1064 quae
1847 971 2181 1064 praecipue
2214 971 2324 1041 hic
2363 973 2656 1066 quaesita.
2688 975 2751 1042 Si

607 1079 813 1172 igitur
863 1075 1048 1166 talis,
1097 1100 1251 1172 age,
1300 1079 1446 1172 quis
1499 1077 1667 1146 mihi
1712 1075 1900 1145 dabit
1952 1076 2209 1146 trabem
2253 1080 2599 1172 sexaginta
2638 1104 2750 1174 pe-

607 1185 770 1253 dum
789 1237 810 1272 ,
851 1197 920 1252 et
960 1208 1040 1252 ea
1080 1183 1328 1278 ubique
1362 1181 1733 1254 diametro?
1756 1207 1907 1252 rara
1942 1198 2059 1252 aut
2092 1182 2275 1252 nulla
2312 1184 2496 1254 silvaL
2542 1186 2743 1273 Quar-

605 1306 680 1360 to
704 1344 724 1380 ,
764 1292 910 1385 quis
953 1315 1112 1360 usus
1173 1290 1374 1384 hujus
1431 1290 1759 1360 machinae
1781 1343 1799 1377 ,
1830 1291 1924 1360 sic
1981 1288 2196 1385 longae
2212 1343 2233 1378 ,
2265 1291 2358 1360 sic
2412 1291 2757 1386 angustae?

608 1400 815 1467 Muro
853 1396 1274 1479 admovenda
1307 1411 1410 1467 est
1441 1423 1457 1465 ε
1500 1423 1540 1467 a
1576 1397 1798 1468 fronte
1834 1397 2073 1491 igitur,
2110 1420 2196 1464 an
2234 1419 2275 1464 a
2313 1394 2575 1467 latere?
2616 1399 2685 1466 Si
2721 1423 2757 1466 a

609 1503 866 1592 fronte,
897 1503 1119 1600 palam
1156 1519 1289 1594 est,
1319 1502 1622 1573 inutilem
1658 1517 1875 1573 totum
1912 1495 2127 1576 illum'.
2140 1517 2431 1574 tractum
2462 1528 2502 1573 a
2541 1518 2757 1599 terg0,

577 1615 680 1680 'et
714 1625 1100 1706 porrectum
1136 1637 1398 1706 corpus.
1439 1612 1509 1680 Si
1545 1635 1585 1678 a
1621 1608 1827 1679 latere
1842 1662 1863 1698 ,
1899 1608 2123 1704 plures
2173 1624 2319 1678 tum
2367 1611 2496 1678 viri
2536 1609 2725 1682 utiles
2741 1665 2758 1697 ‚

610 1716 828 1788 fateor
857 1745 873 1787 ε
911 1718 1028 1788 sed
1071 1717 1186 1814 qui
1230 1718 1464 1805 stabit,
1500 1716 1682 1812 quod
1720 1717 1944 1786 Caesar
1985 1741 2144 1786 mox
2178 1715 2340 1786 dicit
2357 1771 2377 1805 ‚
2420 1717 2767 1814 ραιιὴιιίά

609 1849 901 1924 superne
930 1824 1314 1912 incidisset,
1340 1824 1649 1918 fastzlgcb
1680 1817 1989 1892 Masculi
2006 1823 2385 1918 chlapsum.
2416 1826 2598 1922 Nam
2636 1839 2762 1894 tec·

610 1944 757 1999 tum
813 1929 1097 2024 duplex,
1135 1933 1276 2000 sive
1321 1929 1795 2025 displuviatum
1838 1931 1909 1998 in
1953 1927 2265 1999 Musculo
2318 1931 2445 1998 isto
2488 1929 2621 1999 fuit
2638 1984 2657 2018 ,
2690 1956 2763 1999 ex

609 2027 928 2104 Caesare*:
974 2062 1136 2132 ergo
1180 2039 1235 2106 si
1279 2062 1434 2132 pars
1472 2038 1542 2105 in
1585 2061 1855 2106 murum
1900 2035 2231 2131 dependet
2248 2090 2269 2125 ,
2302 2035 2631 2132 quidquid
2668 2039 2759 2106 in·

604 2141 871 2239 jicitur,
904 2144 1080 2212 inter
1122 2169 1392 2214 murum
1437 2158 1506 2213 et
1542 2145 1755 2263 ipsam
1790 2142 2017 2212 haeret.
2060 2146 2449 2230 Posti-eme,
2480 2157 2670 2214 tanta
2704 2158 2763 2212 et

610 2263 749 2318 tam
793 2251 1014 2344 gravis
1058 2242 1318 2338 moles(
1343 2251 1436 2319 ita
1471 2250 1634 2334 fuit,
1666 2252 1721 2319 si
1764 2251 1990 2318 omnia
2024 2242 2466 2339 examinatis)
2499 2275 2765 2344 quomo-

613 2354 701 2424 do
749 2356 1052 2425 vectibus
1110 2365 1248 2426 tam
1305 2355 1496 2425 facile
1553 2365 1621 2425 et
1680 2357 1814 2426 cito
1868 2351 2151 2450 propelli
2195 2354 2281 2425 ad
2324 2381 2600 2424 murum
2642 2384 2761 2453 po-

610 2464 814 2532 tuerit
835 2487 1154 2583 ,quoque
1191 2461 1575 2531 videndum.
1614 2465 1796 2583 Ergo
1833 2461 2226 2532 inclinamus
2264 2486 2628 2533 numerum
2657 2489 2761 2533 ar-

609 2594 850 2666 gnere,
882 2583 950 2639 et
985 2570 1318 2639 invertere
1357 2568 1428 2638 in
1474 2570 1951 2665 novenarium,
1981 2572 2371 2639 Musa-ulum
2398 2574 2518 2641 IX
2548 2568 2765 2665 pedes

611 2679 907 2771 longum.
941 2678 1188 2745 Omnia
1231 2676 1325 2745 sic
1369 2677 1821 2761 consentiant,
1849 2660 1917 2744 et
1946 2678 2327 2746 consistant.
2357 2679 2540 2745 Vere
2584 2676 2760 2747 Mus·

611 2782 800 2853 culus
843 2797 911 2851 et
948 2784 1269 2877 exiguus:
1309 2780 1795 2851 intervallum
1777 2808 1846 2849 m
1881 2780 2083 2877 longo
2114 2782 2514 2877 analogum,
2546 2798 2620 2852 et
2655 2808 2762 2854 sua

501 2948 514 2959 .
611 2890 1046 3000 symmetria.
1087 2885 1452 2959 columellae
1519 2890 1783 2959 nonnisi
1847 2904 2167 2983 quatuor,
2220 2914 2507 2983 quarum
2572 2892 2760 2959 etiam

612 3019 932 3063 numerus
977 2994 1125 3063 ideo
1163 3022 1301 3064 non
1340 3021 1739 3090 expressus:
1785 3010 1984 3089 atque
2021 3020 2113 3063 eae
2154 2996 2223 3063 in
2267 2992 2541 3090 singulis
2582 2998 2759 3092 capi-

611 3100 788 3170 tibus
826 3099 1117 3195 singulae.
1165 3104 1471 3197 Denique
1501 3099 1693 3172 facile
1720 3100 2216 3171 admovendum
2242 3127 2411 3197 opus
2442 3116 2511 3170 et
2539 3101 2760 3199 impel-

609 3206 900 3276 lendum.
961 3210 1212 3301 Atquin
1267 3210 1543 3303 exiguus
1594 3224 1754 3278 tunc
1808 3208 1961 3301 ejus¹
2007 3208 2265 3278 fructus
2307 3223 2387 3303 *et
2431 3208 2725 3279 efficacia
2744 3263 2762 3297 ,

611 3316 867 3409 inquies
889 3366 907 3401 ,
951 3315 1104 3408 quia
1129 3316 1348 3409 „pauci
1401 3314 1737 3384 subibunt.
1790 3313 2191 3411 Respondeo
2211 3366 2230 3401 ,
2278 3340 2406 3409 pro
2448 3316 2581 3387 hac
2626 3341 2759 3385 ma-

616 3420 962 3517 gnitudine
1005 3422 1185 3489 viros
1229 3420 1436 3491 denos
1480 3435 1597 3490 aut
1640 3420 1982 3490 duodenos
2002 3418 2007 3424 ’
2025 3423 2323 3515 potuisse
2361 3420 2572 3491 latere
2602 3448 2617 3491 ε
2658 3420 2760 3491 sed

615 3554 786 3623 opus
816 3527 1072 3615 facere,
1109 3553 1191 3597 ex
1228 3529 1679 3616 successione,
1706 3526 1898 3596 binos
1928 3542 1996 3597 et
2038 3525 2250 3596 binos.
2286 3530 2761 3615 Nec‘moveat,

615 3636 670 3706 si
705 3636 942 3729 exigua
981 3660 1135 3730 pars
1167 3636 1342 3703 muri
1380 3636 1472 3702 ita
1501 3634 1760 3702 diruta:
1789 3633 2149 3704 transferre
2184 3635 2360 3703 enim
2391 3636 2761 3703 machinam

621 3766 810 3811 suam
846 3742 1045 3812 iidem
1069 3741 1162 3810 illi
1192 3741 1605 3811 subsessores
1635 3738 1868 3811 leviter
1896 3755 2239 3837 poterant,
2263 3754 2331 3810 et
2368 3739 2455 3810 ad
2488 3741 2761 3811 infracta

687 3914 714 3940 '¹
743 3922 1066 3977 Columellas
1095 3924 1244 3976 enim
1273 3924 1400 3979 facit
1423 3922 1543 3995 pari
1566 3921 1847 3976 altitudine
1862 3924 2039 3992 pedum
2056 3905 2262 3995 quinque
2275 3944 2298 3985 ,·
2316 3935 2372 3976 et
2395 3940 2483 3976 eas
2505 3922 2753 3994 capreolis

601 4003 795 4075 jungit.
813 4004 1020 4095 ‘Dispar
1048 4017 1226 4057 autem
1261 4002 1492 4058 altitudo
1509 4040 1530 4069 ‚
1556 4022 1693 4075 opus
1722 4003 1781 4056 in
1818 4003 2047 4077 simplici
2079 4014 2236 4059 tecto.
2264 4002 2373 4059 Sed
2399 4022 2503 4058 nec
2529 4002 2757 4077 capreoli

602 4094 944 4138 conveniant.
