3025 5025
644 427 799 563 464
1308 455 1311 458 ’
1441 463 1578 530 DE
1630 460 1986 530 BELLo

608 597 627 610 “
646 596 837 690 copia
880 593 1197 662 frumenti
1236 592 1415 688 apud
1452 617 1524 662 se
1573 595 1655 662 sit
1683 615 1712 680 ,‘
1741 593 2021 681 docent;
2071 593 2400 688 simulque
2435 611 2658 685 orant,
2695 611 2762 666 ut

645 701 771 770 sibi
798 697 1177 794 praesidium
1204 701 1423 768 mittat
1438 753 1457 785 ‚
1484 724 1618 793 quo
1649 698 1904 771 facilius
1939 714 2006 769 et
2026 699 2456 770 'frumentum
2483 716 2551 770 et
2577 705 2760 797 copiae

646 831 781 876 suae
808 819 1306 874 conserventur.
1336 805 1602 894 Quibus
1627 807 1895 875 Caesar
1875 831 1948 873 m
1957 803 2330 925 ‘praesentia
2351 811 2594 902 gratias
2617 810 2760 903 agit,

642 911 1156 1007 praesidiumque
1198 911 1387 980 brevi
1428 926 1730 1007 tempore
1765 937 1836 980 se
1879 913 2241 982 missurum
2289 913 2496 1001 dixit3
2539 915 2762 982 cohor-

642 1033 983 1112 tatusque,
1010 1017 1093 1087 ad
1124 1042 1280 1086 suos
1316 1020 1493 1087 cives
1519 1018 1710 1137 jubet
1737 1018 2086 1113 proficisci.
2119 1021 2188 1087 P.
2217 1005 2460 1089 Sitius³
2487 1021 2767 1108 interim,

644 1150 799 1194 cum
846 1126 1053 1219 copiis
1085 1124 1415 1194 Numidiae
1450 1125 1668 1194 fines
1650 1149 2021 1218 ingressus,
2051 1123 2435 1215 castellum,
2461 1129 2532 1195 in
2561 1141 2766 1195 monte

642 1229 795 1302 loco
836 1232 1096 1300 munito
1139 1228 1431 1299 locatum
1446 1283 1466 1319 ,
1504 1231 1575 1299 in
1617 1230 1798 1324 quod
1839 1234 1878 1300 J
1879 1231 2014 1300 uba
2043 1230 2214 1301 belli
2259 1233 2535 1325 gerendi
2577 1235 2768 1328 gratia

638 1351 712 1408 ct
746 1338 1155 1409 frumentum
1192 1342 1259 1405 'et
1291 1362 1397 1406 res
1440 1339 1734 1423 ceteras,
1777 1361 1924 1430 quae
1965 1337 2052 1406 ad
2094 1336 2344 1407 bellum
2383 1341 2532 1414 usui
2577 1339 2768 1408 solent

642 1469 785 1514 esse
801 1498 820 1530 ,
858 1457 1427 1538 comportaverat‚
1467 1445 1536 1511 vi
1567 1443 2014 1539 expugnando
2055 1459 2157 1512 est
2193 1446 2465 1538 potitus.

748 1553 1111 1632 XXXVII.
1170 1553 1393 1620 Caesar
1452 1563 1807 1644 postquam
1867 1549 2238 1644 legionibus
2289 1551 2622 1620 veteranis
2663 1554 2724 1619 II
2749 1605 2768 1636 ‚

642 1659 973 1750 equitatu,
1000 1657 1263 1750 levique
1305 1671 1680 1743 armatura,
1697 1657 1936 1750 'copias
1971 1680 2124 1725 suas
2151 1681 2236 1724 ex-
2261 1657 2558 1726 secundo
2593 1655 2765 1726 com-

644 1777 870 1832 meatu
898 1776 1205 1848 auxerat,
1225 1787 1429 1831 naves
1455 1764 1558 1831 VI
1585 1763 1924 1830 onerarias
1951 1764 2176 1831 statim
2195 1763 2386 1856 jubet
2419 1763 2764 1858 Lilybaeum

644 1869 729 1938 ad
778 1868 1107 1963 reliquum
1148 1870 1508 1938 exercitum
1561 1868 2150 1962 transportandum
2194 1869 2534 1963 proficisci
2582 1897 2598 1938 :
2646 1872 2764 1965 ipse

644 1978 744 2045 VI
782 1974 909 2044 kal.
944 1973 1439 2044 febr¹.·circiter
1464 1973 1687 2068 vigilia
1721 1977 1942 2069 prima
1973 1977 2294 2069 imperat,
2339 1975 2765 2070 speculatores

642 2083 1189 2176 apparitoresque
1216 2085 1449 2150 omnes
1471 2094 1550 2148 ut
1575 2080 1700 2149 sibi
1725 2085 2233 2175 praestoesse'nt.
2263 2079 2532 2176 Itaque,
2561 2083 2763 2151 omni-

644 2187 771 2257 bus
796 2189 1013 2275 insciis
1055 2211 1272 2280 neque
1302 2188 1826 2282 suspicantibuS,
1854 2187 2078 2282 vigilia
2115 2189 2311 2257 tertia
2327 2187 2524 2281 jubet
2557 2211 2767 2258 omnes

642 2292 935 2390 legiones
972 2319 1054 2364 ex
1097 2296 1327 2364 castris
1370 2294 1597 2380 educi,
1632 2308 1832 2387 atque
1875 2319 1946 2362 se
1988 2294 2304 2388 consequi
2339 2293 2424 2363 ad
2463 2295 2768 2390 oppidum

644 2403 1014 2496 Ruspinam
1042 2425 1273 2470 versus
1287 2453 1307 2488 ‚
1336 2402 1405 2470 in
1433 2405 1569 2494 quo
1603 2401 1744 2494 ipse
1779 2399 2156 2495 praesidium
2200 2399 2436 2470 habuit
2451 2453 2472 2488 ‚
2502 2417 2570 2471 et
2603 2399 2770 2496 quod

644 2509 934 2602 primum
980 2506 1065 2577 ad
1106 2508 1463 2577 amicitiam
1496 2507 1986 2600 ejusaccessit.
2027 2507 2196 2577 Inde
2233 2505 2584 2602 parvulam
2625 2532 2770 2603 pro-

645 2613 1038 2685 clivitatem²
1086 2614 1417 2709 digressus
1436 2667 1457 2701 ‚
1475 2615 1752 2683 ‘sinistra
1789 2629 1980 2708 parte
2021 2617 2236 2709 campi
2283 2630 2562 2709 propter
2601 2638 2772 2683 mare

644 2720 933 2815 legiones
966 2721 1166 2790 ducit.
1206 2722 1331 2790 Hic
1388 2744 1666 2815 campus
1708 2719 1993 2789 mirabili
2028 2719 2300 2813 planitie
2345 2734 2534 2815 patet
2584 2719 2771 2789 millia

646 2836 963 2922 passuum
994 2830 1128 2899 XV
1150 2854 1169 2915 3
1190 2836 1394 2921 'quem
1426 2828 1666 2920 jugum
1708 2828 1940 2921 ingens
1954 2880 1973 2913 ‚
2007 2850 2046 2893 a
2081 2830 2248 2910 mari
2284 2842 2540 2913 ortum,
2570 2851 2770 2921 neque

641 2935 737 3003 ita
772 2932 1115 3027 praealtum
1131 2987 1150 3019 ‚
1190 2932 1375 3002 velut
1427 2934 1672 3002 theatri
1727 2932 1934 3002 efficit
1975 2934 2282 3027 speciem.
2326 2934 2409 3000 In
2453 2934 2584 3002 hoc
2618 2934 2770 3027 jugo

642 3039 847 3109 colles
882 3056 1036 3111 sunt
1072 3039 1311 3109 excelsi
1347 3039 1579 3134 pauci3
1607 3040 1691 3107 in·
1710 3038 1950 3134 quibus
1991 3038 2263 3134 singulae
2300 3054 2520 3109 turres
2550 3064 2768 3135 specu·

648 3266 777 3323 vid.
791 3288 839 3323 c.
860 3272 949 3322 έιο.
972 3302 1053 3312 -
1074 3270 1243 3341 Copioe
1262 3288 1385 3331 suoe,
1404 3286 1669 3321 commea·
1757 3269 2110 3323 ablativorum
2131 3286 2435 3322 concursus.
2460 3268 2634 3322 codd.
2661 3286 2772 3321 nos·

646 3363 758 3414 tus,
784 3348 1147 3403 cibaria..Vid.
1174 3350 1235 3401 Β.
1256 3349 1397 3403 Gall.
1419 3350 1455 3401 l.
1485 3367 1508 3400 1
1523 3367 1670 3421 ‚cap.
1759 3348 1829 3405 tri
1854 3350 2142 3403 lectionem
2165 3347 2676 3421 Oudendorpianam
2691 3366 2771 3401 ex-

650 3430 751 3495 313
786 3448 832 3482 11
852 3467 869 3496 ,
892 3448 1007 3501 cap.
1040 3447 1137 3495 103
1158 3447 1215 3482 ιν
1232 3468 1248 3496 ,
1272 3446 1387 3499 cap.
1420 3434 1475 3492 4.
1756 3428 1960 3482 hibent.

726 3510 779 3563 3.
812 3510 981 3563 Sitius.
1009 3507 1137 3561 vid.
1167 3526 1283 3581 cap.
1328 3508 1420 3561 25.
1446 3532 1521 3541 --
1547 3506 1672 3559 Cas-
1839 3509 1970 3561 Cn.
1991 3509 2280 3563 XXXVII.
2307 3526 2358 3561 1.
2380 3509 2616 3563 VLKal.
2635 3506 2768 3560 Febr.

648 3589 810 3641 tellum
930 3590 1135 3641 locatum
1262 3600 1335 3639 est
1344 3592 1547 3659 potitus.
1587 3587 1673 3640 Sic
1759 3589 1812 3640 Is
1840 3600 1918 3640 est
1947 3602 2123 3641 sextus
2148 3588 2469 3641 Novembris
2491 3587 2604 3640 dies
2621 3627 2637 3655 ,
2665 3604 2772 3638 mo·

646 3666 806 3721 codd.
838 3669 969 3723 boni
998 3688 1011 3722 :
1044 3669 1205 3741 vulgo
1219 3706 1237 3735 ,
1258 3668 1453 3721 castello
1478 3670 1666 3730 locato,
1759 3681 1920 3721 nente
1959 3668 2176 3721 Usserio
2212 3669 2270 3719 in
2303 3669 2496 3721 Annal.
2533 3668 2656 3720 loco
2687 3666 2770 3719 cit.

643 3768 710 3801 ex
722 3747 1095 3803 ‘emendatione
1111 3768 1222 3801 non
1244 3750 1551 3801 necessaria.
1574 3749 1674 3799 Po·
1759 3745 1884 3799 ade.
1913 3766 1962 3800 1.
1979 3748 2055 3800 M.
2065 3749 2154 3801 Sic
2169 3745 2550 3801 etGuischard.
2576 3746 2700 3799 vol.
2715 3762 2774 3809 ιι,

647 3832 731 3881 tiri
758 3828 973 3902 aliquid,
1004 3828 1316 3881 tralatitium
1348 3841 1443 3882 est.
1472 3826 1671 3880 Utrum
1757 3846 1812 3899 p.
1831 3846 1898 3879 υ
1908 3844 1960 3897 7
1966 3827 2244 3880 Verumin
2264 3827 2449 3880 Me'ma.⁸
2447 3832 2545 3886 1·i.,t
2569 3845 2624 3897 p.
2649 3825 2774 3887 388,

644 3912 698 3959 in
724 3921 907 3971 monte,
934 3928 1002 3961 an
1022 3913 1074 3961 in
1106 3913 1277 3961 montis
1296 3908 1405 3959 loco
1436 3906 1671 3959 sci-iben—
1759 3905 1993 3959 ostendit
2005 3906 2446 3977 ,intelligendum
2467 3924 2574 3959 esse
2595 3904 2774 3974 xm

571 4012 591 4049 ⁰.
642 3986 778 4041 dum
810 3989 879 4042 sit
892 4027 910 4054 ‚
939 3987 1165 4044 dubium
1195 4000 1274 4041 est
1302 4006 1401 4060 per
1429 3984 1670 4049 codices,
1759 3946 2095 4040 Novembiis.

646 4069 741 4139 qui
769 4068 879 4121 fere
906 4079 1086 4121 montes
1109 4068 1327 4135 habent.
1356 4068 1574 4120 Munus.
1604 4067 1673 4119 In
1843 4086 1894 4119 ει.
1935 4068 2200 4120 Par-valam
2241 4066 2606 4137 pmclivitatem.
2657 4065 2738 4115 An
2755 4100 2771 4123 ‚

644 4140 855 4217 *i-'ulgata
882 4148 1107 4203 lectione
1134 4146 1305 4203 durus
1333 4148 1564 4202 nimium
1593 4158 1673 4199 est
1751 4166 1845 4217 per
1865 4166 2070 4218 parvam
2091 4147 2484 4218 proclivitatem?
2510 4145 2584 4197 Μ.
