3025 5025
688 455 831 531 158
953 459 1031 526 C.
1086 459 1396 526 JULII
1451 459 1953 532 CAESARIS
2009 461 2600 533 COMMENT.

677 606 968 686 quaestor
1017 591 1298 660 navibus
1333 590 1725 679 duodecim,
1752 617 1919 686 quas
1948 591 2255 687 praesidio
2283 597 2608 664 onerariis
2644 602 2830 666 navi-

675 700 804 770 bus
843 699 1056 774 Curio
1089 723 1172 767 ex
1214 697 1436 769 Sicilia
1471 697 1829 788 eduxerat,
1872 713 2229 794 postquam
2270 699 2573 770 relictam
2616 705 2695 770 in
2730 703 2829 774 lit-

676 821 823 876 tore
875 830 1116 876 navem
1164 807 1509 902 conspexit
1525 859 1546 894 ‚
1583 806 1760 876 hanc
1802 806 2101 877 remulco
2156 808 2479 878 abstraxit
2507 836 2523 877 ε
2564 810 2713 904 ipse
2748 812 2828 880 ad

679 915 1042 984 Curionem
1079 937 1236 982 cum
1273 911 1482 984 classe
1527 913 1719 982 redit.
2390 977 2394 981 .

783 1021 1041 1092 XXIV.
1115 1021 1325 1090 Curio
1375 1021 1688 1090 Marcum
1736 1021 2006 1090 Uticam
2056 1022 2337 1092 navibus
2354 1021 2373 1046 ¹
2420 1025 2770 1118 praemittit
2809 1051 2824 1092 :

675 1127 816 1221 ipse
852 1127 1088 1198 eodem
1119 1152 1277 1196 cum
1311 1129 1609 1197 exercitu
1650 1127 2133 1222 proficiscitur3
2169 1128 2487 1224 biduique
2517 1133 2651 1200 iter
2680 1155 2825 1226 pro-

675 1258 940 1326 gressus
957 1288 978 1322 ,
1017 1233 1104 1302 ad
1141 1233 1392 1303 flumen
1425 1235 1801 1328 Bagradam
1840 1236 2189 1330 pervenit:
2216 1237 2310 1305 ibi
2348 1240 2427 1306 C.
2464 1240 2823 1308 Caninium

677 1340 990 1410 Rebilum
1051 1339 1344 1434 legatum
1407 1367 1565 1410 cum
1634 1341 2006 1440 legionibus
2050 1341 2411 1437 relinquit3
2465 1346 2611 1440 ipse
2672 1370 2824 1414 cum

675 1450 980 1540 equitatu
1013 1447 1348 1516 antecedit
1379 1447 1465 1516 ad
1505 1463 1727 1518 castra
1780 1447 2187 1544 exploranda
2230 1449 2603 1540 Cornelia²‚
2644 1451 2824 1545 quod

673 1556 730 1624 is
755 1553 944 1624 locus
979 1554 1380 1649 peridoneus
1407 1557 1641 1626 castris
1676 1555 2073 1625 habebatur.
2104 1555 2185 1626 ld
2208 1571 2433 1626 autem
2464 1573 2565 1626 est
2584 1559 2821 1654 jugum

673 1661 1353 1749 directum,eminens
1396 1663 1470 1730 in
1505 1685 1725 1751 mare,
1747 1676 2029 1756 utraque
2064 1687 2149 1730 ex
2180 1677 2373 1757 parte
2406 1680 2821 1758 praeruptum

675 1783 874 1861 atque
927 1791 1238 1863 asperum
1253 1820 1274 1855 ‚
1329 1766 1446 1836 sed
1501 1783 1727 1838 tamen
1782 1767 1985 1863 paulo
2022 1768 2271 1838 leniore
2314 1769 2465 1838 fasti
2512 1772 2576 1840 io
2616 1771 2705 1838 ab
2746 1795 2824 1840 ea

675 1889 896 1968 parte,
912 1899 1058 1967 quae
1077 1873 1162 1940 ad
1180 1875 1448 1942 Uticam
1473 1877 1711 1970 vergit.
1733 1875 1942 1945 A-best
1958 1875 2209 1946 directo
2232 1877 2468 1946 itinere
2520 1877 2607 1947 ab
2626 1879 2823 1946 Utica

673 1978 876 2074 paulo
925 1978 1208 2075 amplius
1249 2004 1567 2074 passuum
1620 1980 1817 2050 mille.
1866 1982 1996 2050 Sed
2036 1983 2169 2052 hoc
2207 1969 2481 2052 itinere⁴
2523 1998 2624 2052 est
2676 1983 2820 2052 fons

671 2170 818 2209 trum
842 2156 1044 2208 Rufum
1062 2175 1128 2208 ex
1145 2175 1208 2208 ea
1228 2168 1384 2228 gente
1407 2155 1701 2209 oriundum

673 2237 836 2288 fuisse
851 2273 868 2300 ‚
899 2255 1069 2308 quum
1097 2237 1306 2288 nullum
1335 2247 1477 2290 extet
1508 2255 1703 2289 monu-

673 2329 917 2369 mentum
943 2317 1114 2388 gentis
1143 2316 1346 2374 Coeliae,
1380 2317 1438 2368 in
1469 2334 1581 2389 quo
1610 2335 1702 2370 co-

671 2415 903 2468 gnomen
947 2396 1189 2449 RVFVS
1226 2396 1545 2466 inscriptum
1589 2397 1657 2448 sit
1680 2417 1697 2462 ς

670 2477 775 2529 nisi
807 2489 979 2531 essent
1001 2477 1162 2549 hujus
1191 2477 1428 2549 epistolae
1459 2475 1527 2529 ad
1555 2477 1703 2531 Cice-

670 2576 811 2623 ron.,
835 2558 891 2609 in
921 2559 959 2609 l.
989 2576 1104 2622 vn,
1133 2556 1202 2609 ad
1236 2557 1538 2610 familiares,
1564 2558 1699 2609 Nul-

669 2638 785 2689 lum
797 2638 875 2690 M.
897 2638 1053 2690 Coelii
1071 2638 1201 2689 Rufi
1223 2656 1505 2689 nummum
1539 2638 1701 2689 habet

672 2718 732 2769 V
725 2718 918 2769 aillant.
935 2748 1015 2759 ---
1039 2718 1188 2768 Hanc
1210 2718 1418 2769 remulco
1438 2717 1697 2770 abstraxit.

670 2796 834 2862 Quod
861 2798 950 2859 fit,
983 2796 1078 2847 ubi
1107 2798 1258 2849 navis
1284 2798 1557 2849 submersa
1588 2810 1697 2862 est,

671 2889 762 2929 aut
795 2876 1132 2928 armamentis
1155 2875 1267 2928 suis
1291 2876 1526 2937 defecta,
1560 2894 1589 2927 a
1617 2877 1698 2947 ῥυ-

670 2959 890 3027 μουλκεῖν
909 2993 926 3020 ,
947 2956 1096 3025 quasi
1144 2957 1350 3025 ῥύμασιν
1397 2958 1577 3013 ἕλκειν,
1614 2974 1697 3007 ru-

669 3035 888 3086 dentibus
906 3036 1106 3087 trahere.
1119 3036 1231 3087 Nec
1244 3036 1451 3107 scaphae
1469 3048 1697 3100 tantum,

669 3114 763 3169 sed
783 3114 1146 3187 quadriremes
1167 3116 1329 3167 etiam
1342 3116 1580 3168 remulco
1594 3128 1698 3167 tra-

671 3196 878 3249 huntur
891 3234 907 3259 ,
927 3208 986 3247 ut
1011 3194 1155 3267 apud
1169 3194 1234 3246 Τ.
1261 3195 1402 3261 Liv.‚
1415 3196 1510 3247 lib.
1530 3214 1693 3261 xxxv,

673 3276 774 3332 30:
789 3276 1053 3329 Marcellus
1081 3288 1216 3327 nocte
1240 3295 1403 3329 navem
1426 3277 1696 3326 onerariam

669 3376 775 3408 cum
799 3360 998 3407 armatis
1015 3356 1220 3407 remulco
1237 3356 1553 3427 quadriremis
1567 3355 1700 3405 trahi

669 3437 740 3489 ad
754 3435 1088 3489 Achradinam
1107 3438 1273 3505 jussit.

751 3514 879 3569 CAr.
907 3514 1116 3569 XXIV.
1149 3534 1198 3567 1.
1221 3514 1454 3567 Navibus.
1483 3513 1569 3565 Al.
1590 3532 1695 3565 eam

671 3596 895 3658 navibus,
919 3596 1132 3668 plenius
1161 3606 1215 3647 et
1243 3592 1491 3646 lucidius.

754 3696 804 3729 2.
842 3676 1022 3729 Casu-a
1057 3676 1300 3729 Cornelia.
1330 3674 1559 3726 Restitui
1588 3692 1694 3744 pro

673 3756 966 3810 Corneliana
978 3795 993 3819 ,
1014 3756 1094 3808 uti
1117 3754 1332 3825 vulgata
1352 3753 1512 3805 habet
1528 3792 1544 3817 ,
1564 3770 1694 3804 con-

667 3836 1020 3889 sentientibus
1033 3834 1283 3887 omnibus
1298 3833 1495 3886 criticis
1508 3844 1564 3884 et
1577 3850 1697 3885 nos·

669 3928 755 3969 tro
797 3914 982 3968 codice
1016 3916 1167 3987 5768
1189 3955 1203 3977 ,
1244 3926 1499 3986 praeterea
1539 3912 1692 3966 MSS.

669 3997 849 4060 Voss„
864 3996 1064 4061 Petav„
1080 3996 1234 4060 Scal.,
1249 3992 1401 4047 Leid.
1415 4012 1454 4065 p
1477 4032 1494 4059 ‚
1506 3992 1694 4058 Palam,

668 4088 724 4129 et
745 4078 910 4128 Dorv.
937 4074 1074 4127 cod.
1097 4076 1162 4127 R.
1196 4074 1368 4143 5764,
1385 4074 1577 4126 vitiose
1600 4071 1694 4125 ad-

667 4154 892 4209 modum
909 4154 1204 4208 Cam‘diana.
1217 4155 1388 4207 Porro
1402 4164 1563 4205 castra
1576 4152 1696 4205 Cor·

701 4263 792 4339 ‘kx

1790 2159 1948 2224 nella,
1978 2157 2225 2229 Appiano
2260 2159 2423 2230 χάραξ
2455 2161 2478 2211 ὅ
2516 2159 2813 2224 Σκιπίωνος;

1789 2237 2079 2290 Ptolemaeo
2096 2275 2113 2302 ‚
2162 2237 2426 2309 Κορνηλίου
2488 2237 2814 2310 παρεμῧολῆ;

1790 2317 2013 2383 Oresio,
2042 2321 2239 2388 majoris
2266 2318 2503 2386 Africani
2524 2332 2687 2371 castra
2700 2358 2716 2381 ,
2744 2319 2815 2371 lo·

1788 2415 1881 2448 cus
1908 2411 2023 2449 erat
2044 2411 2233 2450 natura
2258 2399 2499 2451 munitus
2518 2438 2533 2461 ,
2562 2399 2660 2450 ubi
2689 2398 2811 2450 olim

1787 2477 1998 2529 flierant
2040 2478 2214 2550 posita
2256 2491 2425 2532 castra
2472 2479 2536 2532 P.
2580 2477 2810 2533 Cornelii

1789 2556 2053 2628 Scipionis
2070 2558 2342 2623 Africani3
2362 2572 2415 2612 et
2433 2578 2493 2611 ea
2509 2573 2663 2613 erant
2680 2561 2810 2613 inter

1786 2635 1990 2689 flumen
1999 2636 2291 2708 Bagradam
2305 2651 2358 2691 et
2370 2633 2587 2693 Uticam
2598 2641 2808 2692 urbem:

1784 2734 1931 2769 nunc
1960 2729 2139 2769 autem
2185 2716 2329 2770 idem
2364 2718 2563 2771 fluvius
2604 2736 2808 2772 cursum

1788 2814 1947 2848 suum
1972 2808 2205 2849 mutatus
2225 2836 2239 2863 ‚
2272 2797 2381 2851 exit
2412 2799 2471 2851 in
2502 2818 2653 2851 mare
2678 2800 2808 2851 inter

1784 2889 1953 2927 castra
1984 2876 2235 2929 Cornelia
2276 2890 2329 2929 et
2360 2878 2533 2931 Uticae
2564 2880 2806 2951 vestigia,

1782 2974 1905 3026 quae
1936 2956 2102 3009 alluit.
2138 2956 2319 3009 Castra
2361 2978 2545 3029 qaoque
2588 2958 2805 3011 Cornelia

1784 3036 1992 3087 Plinius
2018 3035 2180 3089 habet
2196 3075 2213 3103 ‚
2227 3038 2321 3090 lib.
2339 3055 2443 3104 1113
2467 3052 2521 3090 et
2536 3038 2807 3103 Lucanus,

1782 3115 1821 3167 l.
1846 3132 1923 3179 lv,
1958 3116 2071 3169 656
2107 3130 2161 3169 et
2184 3136 2293 3187 seq.

1783 3191 1864 3231 sed
1882 3194 2031 3244 majora
2047 3194 2155 3231 dedit
2170 3195 2407 3246 cognomina
2418 3194 2591 3235 collibus
2606 3198 2695 3235 istis
2711 3225 2723 3243 ‚

1778 3254 1947 3295 Poenum
1966 3256 2035 3306 qui
2050 3254 2173 3295 hstiis
2189 3254 2387 3295 §evoe-vit
2404 3258 2455 3295 ab
2472 3259 2633 3297 arcibus
2646 3258 2804 3303 hostem,

1780 3316 1915 3369 Scipio
1937 3332 1949 3355 τ
1966 3332 2059 3355 nam
2077 3318 2186 3357 sedes
2202 3318 2349 3371 Libyca
2366 3318 2509 3359 tellure
2524 3322 2657 3373 potito

1784 3378 1877 3417 Hoec
1895 3378 1970 3417 fuit
1988 3396 1997 3417 ε
2024 3393 2073 3417 en
2092 3381 2233 3418 veteris
2253 3380 2381 3419 cernis
2399 3381 2564 3433 vestigia
2584 3380 2705 3430 valli3

1783 3439 1961 3479 nomn.
1980 3438 2053 3479 hos
2074 3441 2245 3493 primum
2268 3444 2399 3481 tenuit
2410 3444 2581 3482 victorin
2593 3458 2771 3499 campos.-

1782 3512 2008 3563 Nullum
2040 3513 2201 3584 hujus
2224 3514 2328 3565 loci
2352 3515 2643 3586 vestigium
2662 3530 2810 3571 extat.

1778 3616 1785 3623 ·
1869 3592 1919 3643 3.
1942 3593 2145 3643 Die-ecto
2182 3596 2364 3645 itinere.
2398 3595 2546 3647 Alibi
2578 3611 2713 3649 recta
2740 3618 2808 3649 re·

1778 3674 1951 3741 gione,
1978 3670 2125 3743 quod
2138 3672 2329 3725 Tacito
2355 3678 2594 3737 cominus,
2608 3679 2749 3731 Anu.
2772 3678 2808 3729 l.

1780 3766 1896 3816 χιι,
1920 3769 1967 3802 c.
1998 3768 2022 3803 1
2037 3770 2065 3802 α
2092 3769 2109 3803 :
2126 3752 2244 3805 Non
2267 3753 2703 3825 Mesopotamiam,
2731 3757 2814 3810 sed

1766 3832 1911 3902 flexu
1934 3830 2215 3883 Armeniam
2231 3844 2419 3902 petant.

1868 3911 1919 3963 5.
1948 3911 2063 3963 Hoc
2091 3914 2261 3963 itinere
2297 3926 2375 3963 est
2391 3914 2528 3981 fons.
2562 3916 2810 3989 Appiam,

1779 3991 1818 4043 l.
1853 4008 1932 4056 11,
1962 3991 2103 4055 civ„
2128 3991 2227 4056 ait,
2246 3992 2405 4045 Afros
2431 3994 2583 4048 hunc
2610 3998 2809 4050 fontem

1780 4088 1989 4125 veneno
2036 4070 2279 4124 infecisse
2296 4111 2313 4139 ,
2361 4072 2509 4127 unde
2560 4076 2811 4129 Curionis

1781 4150 2039 4205 exercitui
2063 4148 2319 4204 damnum
2348 4152 2496 4209 haud
2521 4156 2645 4210 leve
2674 4169 2809 4209 attu-
