3025 5025
985 443 1060 510 C.
1117 441 1403 510 JULII
1459 440 1928 510 CAESARIS
1983 440 2536 512 COMMENT.

664 576 941 668 gionum
1008 573 1372 642 adventum
1418 587 1802 668 exspectare
1823 549 1869 660 ,ο
1891 587 1960 642 et
2009 573 2132 642 sub
2181 571 2464 667 pellibus
2523 572 2815 642 hiemare

664 681 1023 750 constituit.
1072 684 1221 750 Hoc
1272 680 1449 749 idem
1509 681 1866 774 Pompeius
1931 678 2122 764 facit3
2185 694 2255 748 et
2301 695 2488 750 trans
2569 679 2814 749 flumen

664 789 919 882 Apsum
964 789 1199 883 positis
1240 789 1503 874 castris,
1561 810 1643 855 eo
1687 788 1910 881 copias
1951 811 2184 882 omnes
2227 786 2604 881 auxiliaque
2652 812 2814 858 con-

663 893 867 963 duxit.
2209 898 2213 902 ’

772 1003 959 1068 XIV.
1019 998 1309 1070 Calenus
1332 1053 1353 1088 ‚
1390 997 1765 1091 legionibus
1819 999 2282 1094 equitibusque
2348 997 2712 1071 Brundusii
2755 1002 2816 1068 in

597 1089 609 1104 ’
665 1131 871 1176 naves
912 1105 1295 1201 impositis¹,
1326 1119 1407 1174 ut
1442 1119 1589 1182 erat
1627 1119 2036 1200 praeceptum
2075 1129 2118 1174 a
2161 1107 2458 1194 Caesare,
2491 1121 2814 1200 quantum

666 1215 937 1282 navium
994 1211 1377 1282 facultatem
1445 1211 1740 1281 habebat
1761 1266 1780 1299 ‚
1826 1235 2032 1280 naves
2101 1210 2300 1281 solvit
2333 1265 2355 1300 ‚
2415 1211 2818 1308 paulumque

668 1345 1061 1414 progressus
1090 1343 1131 1386 a
1168 1333 1401 1414 portu,
1446 1316 1698 1388 litteras
1740 1343 1781 1386 a
1819 1321 2082 1388 Caesare
2125 1319 2406 1412 accipit,
2441 1319 2695 1412 quibus
2729 1335 2818 1386 est

668 1428 915 1495 certior
956 1425 1169 1495 factus
1182 1479 1203 1513 ‚
1256 1439 1491 1520 portus
1538 1423 1892 1518 littoraque
1933 1426 2159 1494 omnia
2215 1424 2534 1494 classibus
2579 1426 2819 1494 adver-

667 1534 998 1602 sariorum
1044 1533 1274 1601 teneri.
1319 1533 1477 1620 Quo
1517 1533 1822 1625 cognitO,
1865 1556 1936 1600 se
1972 1533 2042 1601 in
2080 1545 2350 1626 portum
2389 1533 2668 1626 recipit,
2705 1557 2820 1600 na·-

668 1663 916 1733 vesque
983 1663 1214 1706 omnes
1267 1652 1558 1707 revocat.
1605 1639 1760 1706 Una
1813 1663 1896 1706 ex
1955 1639 2034 1708 iis
2061 1691 2080 1724 ,
2124 1663 2272 1732 quae
2341 1642 2822 1732 perseveravit,

668 1770 885 1839 neque
930 1747 1211 1838 imperio
1250 1743 1479 1814 Caleni
1521 1744 2038 1839 obtemperavit,
2075 1743 2256 1839 quod
2295 1759 2442 1813 erat
2479 1747 2630 1814 sine
2661 1745 2821 1816 mili-

668 1853 876 1938 tibus,
899 1853 1293 1946 privatoque
1320 1847 1598 1920 consilio
1621 1851 2241 1940 administrabatur,
2262 1849 2486 1920 delata
2513 1853 2820 1940 Oricum,

668 1973 868 2052 atque
914 1982 951 2024 a
1006 1955 1247 2026 Bibulo
1296 1971 1676 2052 expugnata
1712 1972 1812 2028 est
1851 1982 1866 2026 :
1905 1959 2032 2053 qui
2081 1958 2165 2026 de
2205 1959 2413 2027 servis
2469 1956 2820 2053 liberisque

669 2063 982 2132 omnibus
1038 2063 1124 2132 ad
1169 2063 1549 2158 impuberes
1603 2063 2002 2158 supplicium
2059 2062 2318 2152 sumit²‚
2365 2079 2434 2132 et
2477 2064 2594 2132 ad.
2622 2089 2824 2133 unum

670 2169 1001 2239 interficit.
1030 2173 1135 2238 Ita
1166 2171 1405 2264 exiguo
1435 2185 1738 2265 tempore
1755 2224 1775 2259 ‚
1801 2195 2182 2268 magnoque
2209 2195 2370 2241 casu
2399 2172 2614 2240 totius
2649 2197 2824 2256 excr-

671 2278 859 2346 citus·
885 2275 1058 2345 salus
1098 2278 1414 2345 constitit.
2725 2293 2732 2300 ·

776 2385 927 2452 XV.
986 2381 1291 2469 Bibulus,
1335 2397 1411 2450 ut
1465 2407 1670 2477 supra
1733 2382 2260 2478 demonstratum
2305 2397 2434 2470 est,
2479 2397 2630 2452 erat
2678 2409 2823 2452 cum

671 2489 877 2561 classe
918 2489 1004 2559 ad
1042 2491 1321 2561 Oricum
1366 2515 1381 2558 :
1421 2504 1488 2559 et
1534 2490 1727 2559 sicuti
1768 2490 1938 2559 mari
2005 2489 2442 2586 portibusque
2491 2491 2824 2561 Caesarem

670 442 816 512 208

671 2688 725 2729 ut
750 2678 937 2746 vt'gilitls
962 2676 1258 2748 castellisque
1285 2674 1403 2727 bene
1426 2679 1608 2726 meritoe
1639 2678 1705 2726 ci·

673 2760 841 2809 vitates
890 2768 1008 2808 tutoe
1044 2768 1225 2818 essent,
1258 2754 1411 2826 quasi
1448 2754 1700 2825 praesidio.

672 2837 742 2889 Et
758 2855 855 2907 ego
876 2836 1005 2891 huic
1027 2834 1369 2906 explicationi
1386 2853 1606 2905 prorsus
1629 2853 1705 2887 as-

670 2916 889 2969 sentior.
934 2915 1306 2986 Antiquissimi
1354 2926 1534 2967 autem
1578 2913 1704 2967 libri

672 2996 898 3047 habent:
921 3008 975 3046 ut
1000 2995 1207 3047 castellis
1230 2992 1556 3067 beneficilsque
1580 3014 1704 3045 eme·

672 3080 781 3127 ritae
824 3078 1039 3127 civitates
1088 3086 1204 3127 tutoe
1244 3084 1399 3125 essent
1436 3075 1672 3143 prasidio
1683 3094 1706 3136 ,·

674 3152 889 3207 tandem
918 3174 932 3207 ε
966 3167 1024 3206 at
1062 3155 1261 3207 castella
1276 3192 1294 3215 ‚
1336 3158 1464 3216 vici,
1500 3155 1706 3226 beneque

672 3240 852 3287 meritcc
878 3237 1091 3287 civitates
1124 3246 1243 3287 tutoe
1263 3247 1420 3285 essent
1432 3235 1671 3303 praesidio
1686 3272 1702 3295 ,

672 3329 727 3369 et
768 3314 882 3368 haec
930 3329 1007 3369 est
1048 3313 1350 3368 emendatio
1402 3314 1702 3368 Davisiana.

671 3396 903 3466 Quoquo
952 3394 1115 3448 modo
1159 3394 1376 3467 legeris,
1412 3410 1598 3449 sensus
1629 3407 1708 3447 est

671 3476 860 3529 clarus.
904 3476 1005 3531 Per
1035 3476 1172 3527 bene
1208 3474 1421 3527 meritas
1468 3475 1708 3527 civitates

671 3574 758 3609 eas
800 3555 1074 3626 intelligit,
1108 3574 1227 3626 quae
1262 3554 1337 3607 cis
1355 3555 1574 3624 -Apsum
1601 3552 1706 3605 flu·

670 3654 795 3689 men
816 3654 869 3688 se
886 3635 937 3687 ei
950 3633 1285 3688 dediderant.
1304 3635 1377 3687 V.
1396 3652 1514 3704 sup.
1535 3652 1581 3686 c.
1613 3651 1699 3687 12.

752 3716 882 3769 Cu».
906 3716 1060 3768 XIV.
1093 3733 1146 3769 1.
1169 3716 1233 3767 In
1269 3732 1410 3766 naves
1450 3717 1704 3783 impositis.

674 3797 757 3846 Ita
774 3794 933 3847 codd.
962 3795 1165 3861 nostri,
1185 3806 1243 3847 et
1267 3792 1464 3864 optimi
1490 3792 1715 3847 Ouden«

670 3872 946 3945 dorpiani,
983 3874 1131 3946 quod
1174 3887 1252 3927 est
1282 3872 1478 3926 Caesari
1510 3892 1705 3927 conve·

670 3954 903 4007 nientius
917 3992 935 4020 ,
958 3967 1012 4007 et
1040 3953 1259 4026 quidem
1282 3953 1457 4007 Livio.
1487 3954 1597 4005 Alii
1611 3973 1709 4024 po·

668 4036 887 4086 sitis.--—
906 4035 1153 4103 Quantum
1191 4037 1379 4089 navium
1410 4034 1704 4100 facultatem

672 4113 891 4167 hahebat.
924 4116 1065 4175 Bene
1097 4116 1172 4170 sic
1211 4134 1275 4170 ex
1316 4112 1510 4167 nostris
1541 4112 1700 4167 codd.

1779 2674 1900 2727 -Alii
1937 2687 2184 2747 quantam.
2216 2677 2283 2726 Τὸ
2305 2694 2446 2726 naves
2467 2694 2499 2725 e
2517 2676 2828 2745 glossemate

1790 2768 1974 2808 ortum
1995 2773 2098 2825 pro
2129 2766 2280 2807 certo
2311 2754 2584 2807 habebant
2607 2756 2827 2809 Vossius

1789 2845 1846 2887 et
1885 2834 2176 2887 Bentleius.
2225 2834 2540 2887 ciacconius
2586 2836 2825 2907 legebat:

1791 2917 2137 2985 quamprimum
2155 2914 2422 2983 navigandi
2429 2914 2734 2981 facultatem
2751 2918 2829 2967 Ιια-

1793 2992 1926 3056 buit,
1951 3014 2095 3046 naves
2133 2995 2304 3055 solvte,·
2335 2994 2514 3047 forsan
2557 2994 2830 3065 ingeniose

1791 3075 1957 3145 magis
1973 3092 2136 3145 quam
2147 3092 2290 3127 vere.
2318 3072 2631 3145 Simplicius
2645 3088 2704 3128 et
2719 3076 2830 3129 Ce-

1793 3155 1922 3207 saris
1947 3156 2210 3224 ἀφελότητι
2223 3154 2634 3207 convenientius
2651 3156 2827 3208 Davis.

1797 3234 2018 3303 Quarum
2057 3238 2250 3287 navitam
2276 3236 2328 3301 f
2368 3236 2445 3295 la„
2490 3238 2830 3289 nam-solvit.

1881 3333 1934 3367 τι.
1967 3314 2071 3382 Qui
2089 3314 2152 3367 de
2175 3314 2337 3367 libans
2357 3318 2597 3386 servisque
2618 3316 2833 3367 omnibus

1792 3395 2074 3464 supplicium
2109 3398 2272 3446 stanit.
2305 3394 2390 3445 En
2433 3395 2634 3447 iterum
2667 3396 2833 3448 Bibu-

1791 3473 1928 3526 lum.
1952 3474 2147 3541 istum,
2171 3474 2286 3527 sine
2331 3473 2440 3526 ulla
2487 3475 2834 3541 necessitate,
2946 3500 2952 3509 ·

1792 3554 2099 3607 immaniter
2145 3554 2450 3607 sevientem
2469 3591 2487 3619 ,
2529 3566 2586 3606 et
2637 3556 2834 3608 fortem

1794 3645 2004 3687 tantum
2027 3632 2278 3687 adversus
2301 3634 2538 3687 inermes
2563 3644 2620 3686 et
2641 3654 2834 3689 vacuas

1779 3732 1984 3779 -nave83
2025 3714 2120 3785 qui
2167 3733 2268 3767 nec
2321 3713 2584 3768 Caesarem
2602 3750 2623 3778 ,
2667 3733 2835 3785 quum

1783 3806 1970 3866 -potest
1989 3832 2007 3860 ,
2054 3813 2088 3847 a
2135 3794 2364 3849 naneitu
2413 3792 2672 3864 prohibet
2691 3834 2707 3859 ,
2751 3808 2804 3847 et
2817 3832 2832 3860 ‚
2865 3788 2872 3798 ’

1794 3892 1964 3945 quum
2005 3892 2110 3927 res·
2132 3874 2366 3945 postulat
2379 3910 2396 3939 ‚
2443 3873 2731 3927 clementia
2779 3874 2834 3925 in

1793 3953 1971 4007 hostes
2017 3955 2096 4006 uti
2119 3954 2318 4007 nescit!
2354 3954 2514 4007 Certe
2543 3954 2836 4025 Pompeius

1792 4033 1992 4105 legatos
2015 4046 2131 4087 tum
2160 4034 2406 4086 militaris
2423 4044 2568 4099 ‚tum
2596 4033 2834 4103 politica

1775 4113 2024 4169 scientia
2053 4133 2277 4184 prorsus
2305 4114 2518 4184 ignaros
2552 4112 2764 4167 habuit.
2813 4138 2821 4153 ·

2947 4774 2965 4986 Ὰ-ψ-μ-
2962 4738 2965 4767 -
2962 4698 2964 4715 -.
