3025 5025
683 454 832 562 ‚3¹8
1016 458 1092 527 C.
1149 456 1432 525 JULII
1490 455 1957 523 CAESARIS
2013 454 2560 525 COMMENT.

677 590 876 659 rebus
889 576 1069 683 ,quae
1089 602 1246 657 sunt
1265 587 1352 657 ad
1369 587 1673 657 incendia
1688 584 1735 674 ²,
1762 588 1831 655 in
1856 588 2389 681 Pomponianam
2406 583 2667 657 classem
2692 590 2799 657 im·

677 699 856 765 misit
875 750 894 784 ,
917 711 1116 790 atque
1151 720 1384 767 omnes
1412 720 1617 763 naves
1650 694 1945 763 incendit
1972 696 2275 779 XXXV3
2307 719 2345 763 e
2371 696 2607 789 quibus
2632 709 2802 763 erant

676 806 814 871 XX
841 816 1225 873 constratae:
1255 816 1613 895 tantusque
1634 826 1715 869 eo
1740 801 1919 870 facto
1943 802 2145 869 timor
2171 803 2473 888 incessit,
2490 816 2594 888 ut,
2613 826 2799 895 quum

677 924 850 977 esset
878 908 1050 1003 legio
1080 908 1388 1003 praesidio
1424 911 1751 977 Messanae
1768 962 1787 995 ,
1814 909 1928 975 vix
1964 908 2289 1002 oppidum
2320 907 2801 976 defenderetur:

659 1030 774 1102 et,
805 1017 933 1084 nisi
961 1040 1044 1083 eo
1077 1017 1222 1110 ipso
1253 1028 1561 1110 tempore
1584 1014 1855 1109 quidam
1888 1016 2107 1083 nuntii
2131 1014 2215 1083 de
2247 1016 2527 1083 Caesaris
2553 1013 2804 1083 victoria

675 1147 796 1215 per
825 1122 1177 1217 dispositos
1205 1123 1458 1215 equites
1493 1136 1713 1191 essent
1744 1120 1962 1207 allati,
1996 1112 2463 1189 existimabant
2500 1120 2804 1215 plerique,

673 1228 976 1297 {uturum
1003 1228 1206 1297 fuisse
1230 1230 1330 1297 uti
1357 1229 1812 1297 amitteretur:
1842 1226 1961 1297 sed
1990 1230 2559 1323 opportunissime
2584 1229 2805 1295 nuntiis

673 1334 918 1422 allatis,
945 1335 1268 1429 oppidum
1289 1335 1418 1404 fuit
1437 1334 1785 1404 defensum
1802 1388 1821 1419 ‚
1846 1336 2247 1467 Cassiusque
2270 1334 2357 1401 ad
2386 1332 2804 1429 Sulpicianam

671 1441 826 1509 inde
869 1441 1148 1511 classem
1175 1440 1519 1535 piofectus
1548 1455 1649 1509 est
1678 1428 2077 1511 Vibonem³·
2061 1439 2587 1535 ,applicatisque
2622 1442 2806 1523 nostri

672 1548 760 1615 ad
803 1562 1052 1616 terram
1090 1548 1372 1616 navibus
1389 1600 1410 1635 ,
1437 1560 1727 1641 propter
1750 1547 2064 1616 eumdem
2103 1549 2412 1617 timorem
2448 1547 2599 1642 pari
2632 1561 2807 1641 atque

671 1669 872 1723 antea
909 1656 1168 1723 ratione
1197 1669 1496 1747 egerunt.
1541 1655 1809 1723 Cassius
1848 1653 2217 1722 secundum
2252 1667 2491 1722 nactus
2526 1668 2805 1739 ventum,

672 1762 1010 1829 onerarias
1067 1784 1271 1829 naves
1315 1761 1583 1827 circiter
1626 1762 1755 1828 XL
1780 1814 1798 1847 ,
1842 1774 2248 1855 praeparatas
2290 1759 2377 1827 acl
2418 1758 2807 1846 incendium,

672 1867 977 1953 immisit,
1007 1881 1075 1935 et
1110 1866 1381 1935 flamma
1406 1866 1492 1933 ab
1517 1880 1807 1960 utroque
1850 1893 2061 1936 cornu
2104 1866 2591 1961 comprehensa
2630 1890 2807 1935 naves

671 1987 828 2042 sunt
851 1973 1216 2041 combustae
1238 1976 1324 2042 V.
1353 1974 1718 2066 Quumque
1740 1974 1909 2068 ignis
1936 1974 2399 2068 magnitudine
2420 1976 2605 2041 venti
2636 1972 2803 2041 latius

670 2094 999 2173 serperet,
1038 2078 1305 2166 milites,
1335 2081 1448 2173 qui
1487 2104 1569 2147 ex
1610 2080 1946 2184 veteribus
1984 2079 2355 2177 legionibus
2392 2093 2586 2167 erant
2620 2076 2803 2148 relicti

668 2186 974 2281 praesidio
1010 2186 1332 2271 navibuS‚
1362 2211 1442 2255 ex
1479 2210 1763 2255 numero
1800 2180 2174 2280 aegrorum,
2206 2188 2647 2281 ignominiam
2686 2210 2803 2254 non

671 2292 1004 2377 tulerunt3
1035 2293 1154 2361 sed
1197 2318 1317 2361 sua
1356 2308 1595 2386 sponte
1630 2317 1837 2361 naves
1874 2293 2442 2380 conscenderunt,
2472 2308 2543 2361 et
2581 2317 2619 2360 a
2648 2308 2805 2361 terra

605 2484 608 2493 Ι
670 2398 1014 2466 solverunt
1036 2454 1055 2483 ,
1095 2402 1477 2493 impetuque
1524 2399 1702 2466 facto
1740 2401 1808 2466 in
1854 2401 2237 2469 Cassianam
2284 2398 2603 2487 classem,
2636 2399 2799 2493 quin-

669 2532 1014 2600 queremes
1053 2505 1296 2591 eluas,
1279 2532 1350 2574 in
1378 2531 1663 2600 quarum
1696 2504 1905 2578 altera
1934 2523 2079 2576 erat
2118 2508 2420 2594 CassiuS,
2458 2520 2797 2602 ceperunt:

668 2613 784 2682 sed
819 2613 1088 2682 Cassius
1099 2628 1458 2750 ,exceptus
1501 2613 1788 2706 scapha,
1814 2615 2100 2709 refugit:
2138 2628 2461 2708 praeterea
2496 2613 2645 2682 duae
2668 2625 2801 2681 sunt

667 2706 1488 2838 deprehensae⁴trire1neS.
1530 2722 1767 2813 Neque
1811 2717 2025 2788 multo
2069 2735 2227 2816 post
2258 2719 2341 2788 de
2385 2717 2611 2814 praelio
2648 2718 2799 2786 facto

669 2829 737 2894 in
765 2819 1105 2894 Thessalia
1137 2827 1477 2920 cognitum
1509 2841 1641 2912 est,
1670 2841 1743 2895 ut
1769 2828 1927 2920 ipsis
1953 2828 2375 2922 Pompeianis
2404 2826 2570 2898 fides
2599 2825 2794 2893 fieret:

611 2981 624 3004 .-
665 2957 822 3000 nam
862 2946 1017 3000 ante
1061 2931 1130 2999 id
1163 2946 1428 3026 tempus
1468 2880 1641 3026 fingi
1656 2957 1697 3000 a
1723 2931 1955 3027 legatis
2000 2935 2361 3028 amicisque
2395 2934 2675 3002 Caesaris
2710 2955 2795 2997 ar-

666 3037 1102 3108 bitrabantur.
1162 3039 1426 3126 Quibus
1470 3039 1669 3106 rebus
1709 3041 1989 3133 cognitis
2015 3094 2033 3126 ,
2084 3065 2166 3107 ex
2209 3040 2284 3108 iis
2336 3039 2498 3110 locis
2558 3039 2797 3108 Cassius

669 3171 824 3213 cum
864 3144 1070 3214 classe
1109 3144 1450 3214 discessit..

751 3367 804 3398 2.
831 3348 962 3415 Quoe
975 3347 1171 3398 suntad
1191 3347 1428 3398 ιἰιοεηάιά.
1454 3347 1699 3398 Nonnul-

665 3428 702 3479 li
727 3425 909 3491 codd„
928 3447 1036 3498 qum
1062 3437 1176 3477 sunt
1201 3437 1331 3495 aptoe
1363 3426 1433 3476 ad
1457 3427 1697 3478 incendia.

665 3508 860 3560 Noster
891 3509 958 3558 R.
997 3506 1186 3576 5768,
1217 3517 1352 3576 apta.
1389 3505 1698 3576 Utrumque

666 3588 887 3640 minime
907 3586 1263 3638 necessarium
1285 3597 1364 3638 est
1388 3603 1403 3636 :
1432 3605 1559 3637 nam
1577 3588 1700 3639 sub-

665 3666 840 3720 audiri
869 3679 1048 3737 potest
1077 3684 1183 3718 vox
1206 3676 1350 3736 aptoe.
1368 3697 1452 3708 ---
1466 3666 1697 3718 Commt-

666 3760 748 3800 τω.
769 3746 837 3800 ld
862 3761 942 3799 est
956 3786 974 3813 ,
999 3758 1154 3798 ωσι-ω.
1169 3744 1318 3810 Quid
1341 3744 1410 3798 sit
1431 3759 1697 3799 constrata

662 3827 814 3880 navis
831 3829 940 3897 jam
961 3824 1197 3878 vidimus
1213 3863 1230 3890 ,
1251 3826 1346 3880 lib.
1375 3843 1422 3878 11
1437 3863 1455 3890 ‚
1479 3826 1693 3891 233111,

667 3925 700 3978 7
719 3946 736 3973 ,
769 3919 822 3958 et
853 3906 1266 3958 alibi.·Mnima
1297 3923 1420 3976 pars
1449 3905 1609 3960 codd.
1640 3920 1697 3958 et

663 4000 846 4040 noster
882 3985 1034 4056 ⁵768
1057 4023 1074 4049 ,
1107 3997 1348 4038 mseratoe.
1389 3985 1515 4038 Non
1554 3987 1694 4038 male

663 4084 910 4138 quoque,
929 4064 1064 4119 adeo
1093 4078 1154 4118 ut
1177 4065 1398 4119 difficile
1419 4065 1490 4119 sit
1513 4066 1696 4138 genui-

661 4161 787 4199 nam
813 4147 1101 4200 lectionem.
1129 4144 1447 4200 discernere.

1786 3369 1794 3374 ·
1874 3349 1926 3400 3.
1964 3347 2213 3400 Vibonem.
2238 3349 2325 3402 Sic
2346 3349 2584 3405 restituit
2608 3345 2793 3399 Beroal-

1788 3427 1918 3494 dus,
1941 3444 2005 3479 ex
2036 3426 2194 3480 codd.
2238 3429 2433 3500 quibus
2478 3438 2657 3480 noster
2684 3443 2791 3478 con·

1786 3507 1947 3560 sentit
1970 3505 2145 3578 5764,-
2154 3517 2222 3558 ·et
2244 3509 2611 3578 alter-aprima
2632 3523 2786 3558 manu.

1786 3589 2016 3657 Vulgata
2042 3587 2205 3640 lectio
2234 3601 2291 3640 et
2320 3588 2539 3652 Cenat,
2568 3587 2788 3639 Libonem.

1786 3666 1917 3720 vid.
1954 3685 2142 3738 supra,
2172 3687 2227 3719 n.
2264 3669 2315 3721 3.
2344 3697 2429 3711 --
2454 3667 2792 3737 Applicatuqroe

1784 3752 1955 3800 nostri.
1990 3748 2075 3801 Ita
2114 3747 2350 3800 restituit
2376 3757 2575 3817 contra
2608 3743 2789 3798 codices

1784 3827 2075 3879 Oberlinus
2089 3866 2106 3893 ‚
2123 3845 2279 3880 sensu
2298 3827 2572 3898 flagitante
2588 3837 2639 3878 et
2654 3839 2791 3896 prop-

1782 3921 1865 3960 ter
1890 3923 2078 3960 vocem
2103 3919 2317 3976 egenmt.
2338 3907 2480 3972 Alii,
2502 3909 2686 3956 nostr-125.

1866 3994 1921 4046 ά.
1956 3987 2293 4058 Deprehensoe.
2345 3987 2451 4040 Alii
2478 4024 2499 4051 ,
2547 3986 2782 4056 depressae,

1783 4065 1931 4137 quod
1946 4068 2229 4132 malim‚ut
2238 4079 2318 4120 est
2330 4068 2387 4120 in
2400 4067 2597 4138 Nepot.
2622 4065 2785 4118 Coma.

1781 4163 1833 4200 c.
1858 4153 1921 4214 43
1950 4173 1973 4196 α
1998 4165 2158 4204 naves
2184 4149 2487 4219 complures
2516 4147 2739 4216 depnnit.
2762 4167 2780 4188 ι·
