3025 5025
653 447 798 522 130
904 449 987 516 C.
1039 445 1330 516 JULII
1392 443 1867 513 CAESARIS
1921 443 2478 515 COMMENT.

579 636 582 644 .
641 606 799 652 nam
843 579 930 649 ad
965 604 1074 648 eas
1103 631 1124 665 ‚
1178 601 1322 672 quae
1380 576 1573 646 factae
1628 574 1896 645 fixerant
1934 575 2200 646 Arelate
2242 601 2365 671 per
2416 578 2769 646 Caesarem
2793 632 2814 664 ‚

641 688 924 784 captivae
973 683 1484 756 Massiliensium
1532 697 1951 752 accesserant
1996 685 2132 768 V13
2177 683 2301 752 has
2338 685 2814 779 superioribus

641 795 967 864 refecerat
993 792 1225 863 diebus
1241 841 1262 878 ‚
1288 805 1488 886 atque
1514 790 1830 859 omnibus
1858 791 2059 858 rebus
2095 792 2515 861 instruxerat.
2554 793 2813 887 Itaque

645 927 803 971 suos
845 900 1234 970 cohortatus
1253 952 1274 986 ,
1314 923 1482 992 quos
1532 898 1825 992 integros
1880 898 2369 992 superavissent
2384 896 2430 986 ²,
2465 913 2543 967 ut
2579 900 2813 968 victos

645 1020 1186 1094 contemnerent,
1232 1004 1470 1100 plenus
1530 1006 1671 1100 spei
1728 1005 1921 1074 bonae
1976 1018 2175 1098 atque
2232 1006 2435 1074 animi
2473 1005 2812 1076 adversus
2868 1001 2875 1010 ’

640 1141 756 1185 eos
783 1112 1245 1211 proficiscitur.
1280 1111 1498 1181 Facile
1532 1126 1711 1197 erat,
1740 1135 1824 1181 ex
1850 1112 2084 1181 castris
2114 1113 2192 1180 C.
2213 1113 2563 1200 Trebonii,
2590 1127 2808 1208 atque

640 1222 951 1292 omnibus
991 1220 1450 1315 superioribus
1486 1218 1650 1288 locis
1685 1219 2067 1315 prospicere
2106 1219 2175 1287 in
2212 1219 2448 1288 urbem
2470 1273 2491 1305 ‚
2530 1231 2612 1287 ut
2660 1245 2808 1289 om-

639 1330 741 1399 nis
771 1329 1089 1422 juventus
1109 1380 1129 1415 ,
1166 1351 1312 1420 quae
1339 1327 1408 1394 in
1439 1325 1691 1420 oppido
1724 1339 2134 1395 remanserat
2150 1375 2169 1410 ‚
2198 1347 2563 1420 omnesque
2606 1351 2807 1422 supe-

640 1437 832 1504 rioris
897 1435 1105 1505 aetatis
1125 1418 1172 1521 ³,
1231 1458 1388 1502 cum
1447 1431 1678 1502 liberis
1741 1447 1940 1526 atque
1996 1432 2317 1502 uxoribus
2370 1432 2807 1528 publicisque

641 1541 994 1627 custodiis,
1033 1554 1151 1609 aut
1185 1564 1267 1608 ex
1297 1564 1496 1609 muro
1535 1539 1619 1608 ad
1658 1537 1901 1609 coelum
1940 1561 2178 1609 manus
2232 1538 2621 1628 tenderent,
2688 1555 2810 1609 aut

640 1647 889 1743 templa
931 1647 1234 1717 Deorum
1271 1645 1748 1716 immortalium
1793 1645 2055 1719 adirent
2076 1697 2095 1732 ,
2132 1661 2201 1715 et
2234 1660 2391 1714 ante
2432 1645 2805 1716 simulacra

638 1851 672 1904 J
675 1848 791 1903 unii
834 1848 982 1901 Perae
998 1883 1016 1914 ,
1056 1846 1254 1913 Silani,
1305 1858 1406 1901 etc.
1449 1845 1669 1900 oriundi
1758 1865 1789 1898 a
1818 1863 1929 1918 quo
1955 1857 2137 1918 postea
2164 1845 2391 1899 Mutine
2412 1847 2662 1901 obsessus
2686 1889 2704 1917 ,
2736 1851 2805 1903 ab

637 1939 886 2002 poterant
902 1945 1013 1981 esse
1027 1943 1056 1978 a
1071 1927 1250 1998 primo
1263 1926 1450 1980 Bruto.
1473 1927 1673 1979 Noster

639 2023 818 2062 autem
842 2009 912 2060 D.
945 2005 1140 2059 Iunius
1169 2007 1366 2059 Brutus
1399 2007 1671 2058 adolescens

639 2089 816 2142 dictus
844 2105 875 2138 a
907 2085 1137 2149 Caesare,
1169 2087 1237 2138 ab
1267 2105 1333 2138 eo
1359 2085 1508 2139 classi
1534 2105 1671 2158 pra-.-

638 2168 844 2241 positus
885 2167 947 2218 in
976 2167 1126 2220 Bello
1171 2165 1377 2218 Gallico
1416 2178 1470 2218 et
1506 2166 1567 2219 in
1606 2185 1671 2219 eo

639 2251 762 2321 ipso
791 2247 973 2312 Bello,
1001 2245 1054 2299 J.
1087 2245 1283 2299 Caesari
1320 2264 1512 2317 genere
1544 2265 1672 2318 pro·

638 2330 873 2401 pinquus
903 2337 1016 2380 erat
1030 2363 1048 2392 ,
1079 2345 1206 2378 nam
1244 2335 1470 2396 uterque
1507 2326 1674 2397 origi·

641 2427 767 2462 nem
799 2406 1028 2460 ducebat
1048 2425 1078 2458 a
1106 2408 1174 2458 D.
1199 2407 1232 2458 J
1237 2405 1366 2458 unio
1397 2406 1474 2458 M.
1503 2407 1563 2459 F.
1593 2407 1671 2460 M.

643 2489 713 2543 N.
747 2489 915 2541 Bruto
941 2486 1172 2543 Callaico
1202 2503 1410 2559 procos.
1433 2485 1528 2557 qui
1546 2505 1671 2543 ann.

647 2574 756 2625 621
781 2606 798 2634 ,
830 2568 1181 2638 triumphavit
1215 2565 1287 2620 de
1315 2567 1583 2621 Lusitanis
1620 2580 1673 2621 et

643 2649 888 2705 Callaicis
915 2649 973 2701 in
1003 2648 1155 2720 Hisp.
1187 2648 1358 2701 Ulter.
1394 2645 1541 2700 unde
1572 2667 1674 2701 no·

641 2749 768 2783 men
785 2766 803 2794 ,
829 2728 1030 2801 quique
1063 2729 1179 2799 ipse
1217 2727 1482 2797 originem
1509 2725 1675 2781 duce·

641 2812 734 2863 bat
751 2828 782 2861 a
806 2809 869 2862 C.
895 2808 1063 2861 Iunio
1084 2807 1356 2872 Bubulco,
1379 2804 1447 2871 de
1464 2827 1575 2880 quo
1592 2826 1676 2861 sn-

644 2909 742 2962 pra
756 2927 773 2956 ,
787 2888 988 2960 quique
997 2887 1188 2939 habuit
1207 2884 1344 2939 duos
1355 2886 1523 2953 filios,
1548 2903 1678 2959 quo·

646 2988 770 3022 rum
811 2969 944 3021 alter
987 2967 1063 3020 M.
1079 3002 1098 3032 ,
1143 2984 1272 3021 avus
1309 2966 1480 3019 Marci
1521 2968 1677 3021 Bruti

646 3050 742 3121 qui
787 3046 1047 3101 Caesarem
1086 3045 1376 3117 percussit,
1405 3048 1541 3101 alter
1570 3049 1638 3100 D.
1658 3087 1675 3115 ,

646 3148 774 3183 avus
797 3127 987 3180 nostri.
1008 3126 1260 3179 Decimus
1285 3138 1462 3179 autem
1479 3128 1676 3181 Brutus

645 3211 714 3263 ab
734 3216 796 3261 A.
820 3206 1132 3260 Posthumio
1164 3224 1271 3261 cos.
1300 3226 1422 3259 cum
1451 3208 1531 3260 M.
1562 3209 1676 3259 An·

645 3289 796 3343 tonio
822 3286 1101 3359 adoptatus
1126 3287 1229 3339 fuit
1252 3305 1266 3340 z
1289 3285 1434 3339 unde
1455 3288 1522 3341 A.
1546 3288 1676 3340 Pos-

645 3386 896 3423 tumum
910 3369 1156 3421 Annuus
1167 3368 1346 3420 Bntrrt
1363 3368 1556 3419 Fusus
1568 3365 1679 3420 dio-

647 3461 732 3503 tus
773 3460 883 3513 est,
915 3447 1050 3501 sicut
1087 3448 1269 3500 ferunt
1293 3445 1502 3499 denarii
1544 3449 1673 3517 ejus.

646 3531 702 3604 Is
715 3566 732 3595 ‚
768 3541 892 3601 post
942 3540 1260 3598 quaesturam
1279 3564 1297 3591 ,
1329 3528 1530 3598 legatus
1572 3527 1678 3579 fuit

648 3609 867 3662 Caesaris
898 3606 956 3659 in
985 3607 1160 3660 Gallia
1189 3620 1244 3659 et
1279 3606 1383 3677 ipsi
1411 3606 1677 3678 imprimis

645 3708 799 3742 carus
830 3688 964 3753 fuit,
985 3688 1293 3759 magnisque
1323 3687 1390 3737 ab
1421 3705 1486 3738 eo
1511 3687 1677 3739 bene·

647 3770 783 3823 ficiis
841 3768 1060 3821 affectus
1079 3804 1096 3832 ,
1141 3780 1195 3820 et
1243 3766 1385 3818 inter
1437 3765 1677 3822 haeredes

647 3850 892 3920 scriptus.
915 3849 968 3900 Is
989 3865 1099 3900 non
1132 3864 1294 3899 manu
1327 3844 1547 3916 quidem
1580 3864 1678 3899 οω-

645 3927 770 3981 dem
782 3927 985 3998 adjuvit
998 3965 1014 3993 ,
1029 3926 1120 3981 sed
1139 3928 1216 3981 Μ.
1237 3927 1558 3992 Antonium,
1574 3927 1677 3998 ipsi

645 4007 1102 4079 fidum,longiore
1129 4026 1370 4060 sermone
1396 4006 1464 4059 de
1487 4006 1675 4061 indus·

646 4090 749 4142 tria
769 4089 994 4162 injecto,
1015 4100 1162 4141 extra
1185 4088 1390 4141 curiam
1409 4086 1675 4155 distinuit,

1759 1926 2055 1980 Octaviano
2102 1925 2359 1979 liberatus
2412 1927 2547 1992 fuit3
2575 1927 2804 1983 tandem

1758 2005 1817 2059 in
1834 2005 2057 2059 Antonii
2076 2006 2271 2059 milites
2296 2003 2511 2073 incidit,
2538 2023 2570 2058 a
2597 2010 2805 2080 quibus

1756 2087 1862 2140 fuit
1874 2086 2199 2140 interfectus.
2214 2087 2387 2157 Hujus
2406 2103 2665 2141 nummos
2684 2089 2803 2144 duo

1756 2167 1922 2220 refert
1969 2167 2027 2218 V
2021 2166 2225 2230 uillam,
2256 2185 2490 2238 quorum
2531 2185 2712 2222 unus:
2736 2173 2798 2224 A.

1758 2245 2103 2301 Posrnvfmvs
2142 2247 2248 2301 Cos
2262 2285 2280 2313 ‚
2312 2264 2427 2318 cap.
2489 2247 2804 2303 Posthumii

1756 2327 2025 2392 consalin
2048 2327 2105 2379 in
2136 2345 2317 2381 aversa
2353 2340 2506 2399 parte
2546 2329 2800 2386 Ammvs

1760 2425 1945 2461 nnn-1.
1978 2408 2038 2459 F.
2059 2447 2076 2472 ,
2107 2407 2165 2460 in
2196 2423 2395 2460 corona
2426 2407 2624 2480 spicea.

1845 2507 1873 2541 ²
1904 2487 2041 2558 Quos
2064 2491 2273 2558 integros
2294 2492 2674 2561 superavissent,
2704 2503 2799 2547 etc.

1758 2567 1847 2622 Sic
1880 2569 2055 2622 Caesar
2084 2570 2170 2622 his
2198 2568 2350 2623 libris
2378 2569 2557 2623 hostes
2596 2572 2800 2641 passim

1760 2647 1819 2701 in
1846 2660 2215 2721 contemptum
2247 2647 2482 2703 adducit.
2502 2650 2649 2703 Male
2676 2670 2801 2707 nos-

1758 2740 1845 2781 tro
1871 2726 2077 2799 judicio
2116 2731 2302 2799 Tus-pin
2330 2730 2391 2781 de
2424 2728 2593 2783 Crine
2606 2767 2625 2796 ‚
2660 2743 2700 2787 t.
2722 2750 2799 2799 11,

1758 2827 1815 2879 p.
1846 2809 1957 2872 452
1976 2847 1993 2875 ,
2014 2809 2161 2863 hunc
2184 2826 2392 2863 morem
2408 2812 2800 2867 contemnendi

1760 2887 1937 2941 hostes
1978 2888 2113 2943 vitio
2152 2889 2315 2944 vertit
2354 2890 2549 2943 Caesari
2562 2929 2581 2956 ‚
2622 2910 2800 2963 quum

1760 2968 1873 3021 fere
1900 2986 2085 3022 omnes
2110 2970 2318 3041 antiqui
2346 2968 2539 3036 duces,
2575 2972 2713 3043 quin
2744 2986 2799 3027 et

1760 3046 2011 3103 hodierni
2039 3066 2254 3121 quoque
2268 3088 2286 3114 ,
2316 3051 2373 3103 in
2398 3051 2509 3103 suis
2536 3064 2664 3105 ante
2691 3072 2797 3124 pu-

1760 3146 1919 3199 gnam
1933 3129 2325 3189 hortationibus
2334 3169 2353 3196 ‚
2367 3130 2666 3201 praeteritas
2683 3133 2799 3186 vic·

1762 3209 1925 3261 toi-ias
1950 3221 2005 3261 et
2032 3221 2264 3263 veterem
2302 3210 2528 3282 gloriam
2555 3211 2799 3266 militum

1760 3288 2033 3342 mentibus
2060 3304 2337 3355 revocent,
2368 3291 2463 3361 qui
2492 3308 2610 3345 mos
2648 3305 2797 3347 certe

1760 3367 1975 3421 videtur
2025 3370 2199 3440 aptior
2244 3368 2312 3423 ad
2353 3388 2469 3423 rem
2504 3388 2669 3441 quam
2706 3373 2795 3425 ni·

1761 3448 1871 3501 mia
1895 3448 1953 3501 in
1978 3448 2289 3503 extollendis
2311 3451 2555 3503 hostibus
2578 3452 2797 3505 affecta-

1763 3528 1867 3592 tio,
1888 3527 2051 3581 modo
2068 3530 2139 3583 sit
2158 3530 2215 3583 in
2232 3528 2336 3583 hoc
2352 3546 2567 3601 quoque
2580 3530 2793 3585 modus.

1847 3608 1899 3661 3.
1933 3609 2200 3682 Omnesque
2212 3614 2468 3681 supenbris
2488 3618 2667 3665 atatis.
2689 3614 2797 3665 Ra·

1761 3687 1968 3741 tissima
1997 3689 2199 3743 locutio
2214 3728 2233 3755 ‚
2265 3708 2383 3761 qun
2420 3688 2612 3744 eodem
2653 3690 2797 3745 redit

1764 3785 1871 3838 quo
1876 3773 2185 3839 provectioris
2198 3774 2372 3831 aetatis,
2391 3773 2615 3824 seniores.
2631 3773 2793 3844 Apul.

1762 3861 1976 3902 metam.
2004 3849 2042 3901 1.
2068 3868 2119 3914 1,
2149 3870 2204 3921 p.
2236 3869 2300 3919 9,
2326 3849 2452 3904 edit.
2494 3848 2751 3905 Pricaean.
2774 3869 2791 3912 t

1766 3928 1825 3980 V
1819 3928 1925 3980 ideo
1968 3930 2183 3982 mulieres
2226 3931 2349 3983 duas
2380 3932 2571 3983 altioris
2612 3934 2793 3985 oetatis.

1761 4007 1968 4062 Eodem
1999 4028 2155 4063 sensu
2185 4014 2411 4081 majorem
2436 4023 2629 4063 atatem
2652 4010 2797 4065 dixit

1762 4089 2125 4143 Tertullianus
2138 4126 2155 4156 ,
2186 4092 2393 4162 apolog.
2418 4110 2469 4146 c.
2492 4110 2569 4144 xo.
