3025 5025
702 478 847 551 190

994 454 1415 522 C.JUL11
1472 455 1949 524 CAESARIS
2003 457 2568 528 COMMENT.

694 588 927 674 cibus,
966 585 1106 654 aliis
1162 587 1560 656 sententiam
1605 587 2009 675 ferentibus,
2064 589 2338 720 singulis
2381 590 2616 659 diebus
2661 608 2850 661 erant

608 743 615 757 .
696 694 1040 790 perfecta,
1068 684 1095 782 )
1140 693 1211 761 in
1254 694 1589 789 integrum
1635 695 1960 781 restituit,
2003 681 2150 790 qui⁶
2195 721 2264 766 se
2303 696 2397 765 illi
2455 698 2645 766 initio
2683 701 2848 767 civi-

696 801 773 870 lis
818 799 973 869 belli
1018 798 1431 888 obtulerant,
1469 800 1524 870 si
1569 825 1689 868 sua
1726 825 1934 896 opera
1969 804 2039 871 in
2075 801 2253 872 bello
2289 806 2389 872 uti
2423 802 2660 891 vellet,
2697 831 2848 900 pro-

680 908 849 977 ·inde
900 908 1233 977 aestimans
1252 961 1271 994 ,
1315 931 1394 977 ac
1440 908 1494 975 si
1547 932 1706 977 usus
1755 923 1925 978 esset
1947 962 1965 996 ,
2025 912 2342 1003 quoniam
2399 913 2500 979 sui
2543 911 2850 1006 fecissent

692 1029 1109 1109 potestatem.
1155 1015 1489 1083 Statuerat
1523 1016 1739 1102 enim,
1781 1016 1905 1084 hos
1947 1017 2130 1111 prius
2160 1017 2412 1111 judicio
2451 1017 2688 1113 populi
2731 1020 2846 1088 de-

696 1122 854 1191 bere
897 1121 1187 1206 restitui,
1230 1145 1433 1215 quam
1480 1145 1602 1190 suo
1643 1121 1967 1193 beneficio
2006 1123 2216 1192 videri
2255 1140 2593 1222 receptos,
2621 1151 2710 1194 ne
2742 1142 2849 1194 aut

694 1227 1030 1322 ingratus⁷
1056 1229 1127 1294 in
1158 1227 1505 1297 referenda
1545 1231 1790 1323 gratia,
1813 1245 1928 1299 aut
1959 1254 2279 1326 arrogans
2307 1233 2378 1300 in
2405 1233 2848 1327 praeripiendo

695 1334 930 1431 populi
974 1332 1303 1403 beneficio
1345 1335 1704 1405 videretur.

804 1443 894 1509 II.
954 1443 1073 1509 His
1118 1440 1352 1529 rebus,
1396 1456 1463 1510 et
1508 1442 1690 1516 feriis
1733 1440 1990 1537 latinis¹¹
2005 1496 2024 1530 ‚
2078 1444 2494 1538 comitiisque
2538 1446 2841 1515 omnihus

698 1548 1155 1645 perficiendiS‚
1190 1550 1294 1618 XI
1337 1548 1475 1620 dies
1512 1550 1776 1638 t11hu1t
1817 1547 2280 1644 dictaturaque
2327 1575 2397 1620 se
2443 1550 2746 1641 abdicat,
2783 1567 2840 1622 et

694 1656 783 1724 ab
822 1655 989 1724 urbe
1028 1655 1475 1749 proficiscitur
1493 1709 1514 1743 ‚
1549 1604 2108 1751 Brundisiumque
2151 1658 2502 1752 pervenit:
2530 1683 2614 1726 eo
2644 1657 2837 1756 legio-

700 1829 795 1901 qui
810 1829 957 1882 huuc
967 1825 1157 1897 judicii
1176 1824 1385 1880 ferendi
1398 1845 1606 1880 morem
1617 1847 1731 1880 non

698 1908 1027 1979 intelligebat
1046 1946 1063 1973 ‚
1090 1907 1373 1978 proposuit
1402 1924 1416 1960 ε
1444 1908 1558 1960 aliis
1593 1921 1732 1960 testes

700 1987 1033 2049 audientibus,
1068 1988 1183 2038 aliis
1216 1990 1499 2040 sententiam
1527 1989 1732 2056 serenti-

702 2069 804 2120 bus.
842 2068 1131 2137 Pet-peram
1164 2085 1178 2119 :
1224 2065 1384 2121 codd.
1428 2085 1728 2140 sequamur.

782 2152 837 2200 6.
874 2148 981 2216 Qui
995 2168 1073 2210 se,
1096 2159 1185 2199 etc.
1210 2147 1457 2201 Ciaccon.
1480 2146 1730 2201 emendat

699 2228 832 2300 quod
847 2245 911 2278 so.
935 2227 1062 2292 Alii,
1076 2230 1221 2298 quim·
1242 2227 1353 2293 alii,
1371 2229 1514 2299 quod.
1540 2228 1727 2282 Lectio

696 2308 908 2378 vulgata
936 2309 1075 2360 bene
1101 2327 1156 2360 se
1183 2307 1360 2360 habet.
1386 2339 1469 2350 ---
1490 2309 1724 2361 Proinde.

694 2389 779 2442 Ita
809 2388 1044 2442 restituit
1073 2385 1426 2459 Oudendorp.
1444 2407 1509 2440 ex
1538 2387 1726 2452 codd.;

698 2468 788 2523 alii
806 2468 1007 2539 perinde
1014 2507 1031 2532 ,
1056 2467 1247 2523 eodem
1266 2487 1455 2523 sensu:
1474 2481 1626 2525 ortus
1647 2488 1730 2523 en·

690 2568 789 2604 ror
812 2569 843 2602 e
883 2549 1204 2621 compendio
1237 2549 1544 2619 scripturam
1575 2550 1726 2603 facile

696 2630 842 2681 enim
862 2630 921 2683 in
940 2628 1099 2684 codd.
1122 2650 1217 2700 pm
1228 2668 1245 2691 ‚
1257 2650 1377 2701 per,
1400 2643 1455 2683 et
1465 2649 1576 2701 proe
1595 2631 1724 2683 mis·

694 2722 903 2764 centur.

780 2809 833 2859 7.
863 2790 1093 2858 Ingratus
1116 2794 1165 2841 in
1196 2811 1239 2842 r.
1265 2809 1349 2859 g„
1378 2800 1469 2841 aut
1485 2808 1724 2859 arrogans

696 2874 748 2921 in
760 2870 1103 2939 praeripiendo.
1123 2872 1205 2923 Ita
1230 2867 1390 2923 codd.
1414 2888 1539 2941 pars
1562 2870 1726 2923 maxi·

696 2968 781 3001 ma
797 2988 815 3015 ,
828 2962 882 3003 et
900 2962 1082 3003 noster
1116 2949 1269 3021 5764
1288 2968 1304 3016 3
1330 2950 1421 3001 alii
1437 2953 1724 3020 praecipien-

694 3029 788 3089 do,
824 3027 973 3100 quod
1000 3029 1145 3083 idem
1175 3031 1317 3082 valet
1356 3048 1419 3083 ac
1449 3048 1722 3101 praeoccu-

690 3108 891 3181 pando.
921 3108 1085 3163 Ovid.
1102 3109 1265 3165 Trist.
1282 3147 1300 3176 ‚
1329 3110 1365 3163 l.
1384 3128 1454 3163 111
1468 3148 1485 3177 ,
1500 3110 1629 3181 eleg.
1657 3110 1688 3163 3
1704 3148 1720 3176 ,

692 3209 745 3243 v.
778 3190 808 3243 3
872 3207 885 3242 ε

693 3272 769 3312 vel
784 3196 1039 3326 pffoeeepinset
1056 3285 1163 3313 moro
1182 3280 1393 3326 proper-ta
1413 3272 1560 3325 fugam.

771 3350 844 3409 Si,
866 3351 1043 3403 Cesar
1070 3349 1135 3403 iis
1152 3387 1170 3416 ,
1201 3350 1296 3421 qui
1320 3368 1471 3404 suam
1500 3367 1720 3420 operam

689 3430 793 3503 ipsi
822 3432 1129 3484 obtulerant
1143 3468 1161 3495 ‚
1178 3430 1335 3483 initio
1358 3429 1518 3493 belli,
1542 3428 1720 3500 digni-

690 3522 823 3565 tates
853 3530 965 3565 non
982 3509 1315 3577 restituisset,
1334 3508 1574 3581 ingratus
1597 3528 1721 3581 erga

691 3610 781 3645 eos
806 3591 992 3645 fuisset
1022 3590 1237 3644 habitus
1272 3585 1416 3651 (non
1439 3608 1570 3643 vero
1596 3608 1719 3660 erga

690 3672 986 3743 populum,
1010 3683 1071 3723 ut
1098 3667 1319 3742 quidam
1339 3670 1477 3721 male
1507 3688 1722 3724 censue·

688 3748 877 3817 runt);
902 3770 1155 3822 arrogans
1184 3762 1363 3803 autem
1396 3767 1521 3819 erga
1543 3768 1720 3821 popu

686 3831 885 3895 lum,si
902 3850 997 3884 sua
1020 3843 1207 3902 sponte
1228 3841 1283 3882 et
1299 3829 1610 3883 auctoritate
1631 3848 1719 3883 ea·

686 3910 1030 3975 instituissem
1062 3911 1181 3963 illos
1204 3910 1352 3963 enim
1376 3908 1722 3964 damnaverat

686 3990 1058 4062 populus‚lege
1068 3991 1337 4061 Pompeia.
1349 3991 1427 4042 Ut
1440 3991 1717 4062 geminum

688 4088 815 4141 ergo
851 4070 1053 4123 crimen
1084 4070 1277 4123 vitaret
1291 4108 1309 4135 ,
1334 4088 1449 4137 eas,
1482 4070 1576 4123 sed
1618 4090 1718 4143 per

687 4150 981 4221 populum,
1006 4148 1271 4205 damnatis
1298 4148 1552 4204 restituit.

1900 1827 2427 1884 Cff.11.1.Fen·is
2457 1830 2645 1883 latinis.
2673 1832 2835 1884 Feria-

1819 1929 1947 1967 rum,
1985 1921 2046 1961 ut
2075 1907 2235 1961 docet
2269 1910 2496 1975 Cicero,
2533 1910 2632 1963 lib.
2664 1929 2744 1977 ιι,
2778 1910 2838 1964 de

1818 1989 2836 2061 Leg„c.12‚festorumquedoerummaom

1817 2069 1978 2121 libet-is
2010 2073 2262 2142 requietem
2293 2070 2441 2120 babet
2469 2071 2627 2122 litium
2656 2083 2707 2122 et
2733 2073 2836 2140 jur·

1813 2154 2041 2219 giorum·
2020 2189 2036 2212 ‚
2061 2151 2114 2201 ἱιι
2127 2153 2272 2204 servis
2284 2187 2300 2211 ‚
2329 2169 2523 2221 operum
2545 2163 2596 2200 et
2609 2151 2828 2212 laborum,

1815 2232 1932 2301 quia
1949 2235 2224 2300 compositio
2237 2233 2357 2282 anni
2373 2231 2592 2298 confirm
2615 2231 2772 2291 debet,
2793 2243 2835 2282 et

1815 2311 1887 2360 ad
1891 2311 2232 2380 perfectionem
2247 2329 2440 2381 opemm
2469 2315 2772 2374 anticorum,
2793 2323 2834 2362 et

1813 2391 1886 2441 ad
1912 2394 2230 2442 remissionem
2260 2394 2544 2444 antenor-um.
2561 2390 2711 2457 Quid
2738 2391 2833 2443 sint

1813 2470 1960 2525 feriae
2002 2470 2180 2523 latinae
2224 2471 2310 2524 vel
2355 2471 2624 2527 tironibus
2653 2483 2830 2525 notum

1811 2549 2058 2603 est.Vide
2076 2570 2292 2623 quoque
2309 2552 2471 2604 Dion.
2488 2590 2506 2617 ,
2533 2553 2571 2605 l.
2601 2572 2752 2617 nm,
2773 2558 2805 2615 4
2817 2590 2832 2616 ,

1811 2642 1866 2683 et
1893 2632 2199 2696 Lucanum,
2227 2630 2464 2685 Pharsal.
2484 2632 2521 2685 l.
2540 2652 2576 2685 v
2589 2670 2607 2697 ‚
2625 2652 2678 2686 v.
2700 2639 2827 2695 400:

1813 2718 1897 2757 Nee
1911 2730 1993 2757 non
2009 2717 2136 2757 Eitea
2151 2732 2298 2757 numen
2315 2720 2422 2771 quod
2441 2720 2629 2773 presidet
2649 2720 2771 2766 Alba,

1811 2786 1932 2827 Haud
1951 2788 2136 2827 meritum
2157 2788 2272 2830 Latio
2293 2788 2486 2829 sollennia
2505 2803 2619 2829 caera
2637 2791 2805 2837 sub-eto,

1809 2856 1924 2897 vidit
1941 2856 2174 2900 flammifera
2194 2858 2392 2916 confectas
2407 2869 2525 2901 noete
2545 2860 2722 2899 Latina.

1809 2976 1891 2990 —-·
1919 2947 2138 3001 Comitiis
2161 2948 2393 3002 omnibus.
2422 2950 2487 3003 In
2516 2948 2585 3003 iis
2612 2950 2825 3021 populus

1807 3047 2062 3083 romanus
2093 3041 2362 3084 creaverat
2391 3030 2732 3101 magistratus
2756 3048 2826 3081 ιιι·-

1807 3110 1976 3163 banos
1991 3146 2008 3173 ,
2043 3121 2097 3161 et
2131 3109 2478 3179 proconsules
2493 3150 2511 3177 ,
2543 3123 2824 3182 propraeto·

1807 3208 1998 3259 resque
2012 3226 2030 3253 ,
2073 3206 2208 3259 quos
2249 3189 2426 3242 Cesar
2473 3190 2738 3247 voluerat.
2761 3218 2825 3233 -

1811 3268 2166 3339 Dictaturaque
2185 3289 2236 3320 se
2259 3269 2472 3321 abdicat.
2502 3269 2568 3323 In
2597 3289 2660 3323 ea
2684 3268 2824 3339 dicta·

1807 3360 1929 3415 tura
1958 3365 2078 3419 quae
2109 3348 2215 3401 fuit
2251 3366 2308 3401 ιι
2341 3348 2556 3402 dierum
2573 3388 2591 3415 ,
2622 3363 2685 3403 ut
2727 3351 2821 3421 ipse

1807 3440 2032 3482 testatur
2045 3466 2064 3493 ‚
2087 3428 2168 3481 nil
2199 3447 2447 3500 asperum
2481 3430 2664 3501 gessit.
2697 3429 2823 3495 Quin

1807 3508 1974 3561 immo
1987 3508 2230 3562 exulibus
2247 3510 2518 3575 omuibus,
2531 3510 2740 3563 Milone
2755 3526 2825 3561 ex-

1807 3601 1981 3659 cepto,
1999 3587 2235 3641 reditum
2253 3589 2532 3654 concessit,
2552 3588 2821 3659 Gallosque

1807 3668 2142 3739 Cisalpinos
2121 3687 2243 3741 jure
2267 3669 2498 3722 civitatis
2515 3668 2753 3723 donavit.
2756 3697 2819 3711 -·-

1805 3748 1892 3801 Ab
1901 3748 2363 3821 urbaeprofictscieur.
2372 3750 2560 3803 Mense
2569 3748 2820 3810 decemb,

1805 3846 1890 3881 nn.
1913 3830 1983 3881 U.
2016 3830 2080 3883 C.
2109 3828 2251 3922 ⁷⁰.⁵.’
2273 3848 2384 3882 non
2410 3830 2726 3901 exspectatis
2747 3844 2818 3881 ca·-

1802 3906 2014 3963 lendin
1993 3908 2267 3980 januariis,
2281 3910 2476 3982 quihus
2502 3911 2818 3963 consulatum

1803 3989 1906 4047 rite
1925 3990 2302 4061 auspicaretur.
2333 3989 2420 4042 Sic
2441 3990 2677 4061 Appian.
2707 3990 2742 4042 1.
2755 4004 2816 4049 ιι,

1802 4088 1858 4141 p.
1877 4070 2008 4139 7⁵²·
2027 4070 2176 4123 Infra
2190 4087 2350 4134 vero,
2365 4088 2411 4123 c.
2433 4074 2488 4127 6,
2517 4070 2694 4123 Caesar
2707 4065 2818 4123 dici·

1804 4148 2076 4221 tux-pridie
2083 4168 2252 4211 nonas
2259 4150 2538 4205 Ianuarias
2549 4152 2659 4221 jam
2667 4151 2820 4203 Brun·
