3025 5025
1048 482 1515 584 AFRICAN
1539 482 1620 551 o.
2253 480 2399 555 503
2446 436 2450 444 ¹

247 616 763 709 minutatimque
798 615 1165 711 cedebant5
1214 617 1438 685 Caesar
1478 614 1754 685 alteram
1791 612 1965 685 alam
2010 616 2218 685 mittit
2237 669 2254 702 ‚
2291 618 2406 710 qui

248 722 705 816 satagentibus
742 721 1045 791 celeriter
1080 737 1534 793 occurrerent.
1566 723 1722 810 Quo
1762 721 1940 791 facto
1971 722 2074 789 sui
2115 720 2360 791 sublati
2381 710 2407 753 ⁴

246 830 579 915 universi,
614 830 683 897 in
723 828 947 899 hostes
984 830 1415 925 impressione
1453 828 1628 899 facta
1649 883 1668 917 ,
1711 830 1780 897 in
1825 828 2054 923 fugam
2097 827 2406 898 adversa-

248 936 385 1003 rios
448 934 809 1022 dederunt,
868 934 1095 1005 multis
1148 938 1419 1022 occisiS‚
1468 934 1928 1030 compluribus
1984 933 2346 1005 vulneratis
2389 962 2405 1028 ς
2477 946 2482 951 ’

246 1043 532 1110 insecuti
566 1066 688 1135 per
724 1044 849 1111 tria
892 1042 1097 1113 millia
1138 1065 1485 1137 passuum,
1521 1065 1731 1137 usque
1768 1042 1836 1109 in
1873 1038 2074 1111 colles
2105 1041 2410 1113 hostibus

250 1146 503 1219 adactis
524 1202 544 1236 ‚
584 1174 655 1219 se
701 1149 786 1217 ad
842 1174 997 1219 suos
1040 1152 1389 1245 recipiunt.
1438 1151 1664 1219 Caesar
1712 1150 1786 1218 in
1833 1148 2072 1217 horam
2112 1150 2182 1217 X
2224 1172 2406 1219 com-

248 1268 585 1341 moratus,
626 1256 799 1325 sicut
830 1270 979 1327 erat
1014 1257 1411 1343 instructam,
1456 1280 1528 1326 se
1570 1254 1658 1325 ad
1701 1280 1820 1351 sua
1865 1268 2081 1325 castra
2123 1256 2407 1351 recepit,
2484 1262 2489 1271 '

246 1360 560 1429 omnibus
608 1361 1096 1435 incolumibus:
1140 1364 1209 1431 in
1262 1387 1397 1456 quo
1452 1360 1680 1456 praelio
1727 1360 2030 1431 Pacidius
2049 1414 2068 1449 ,
2115 1364 2409 1456 graviter

246 1465 387 1560 pilo
410 1492 531 1561 per
558 1468 879 1538 cassidem
896 1483 1100 1563 caput
1118 1470 1291 1539 ictus
1305 1454 1353 1557 ⁵,
1378 1466 1888 1562 compluresque
1917 1467 2120 1537 duces
2135 1520 2156 1555 ‚
2173 1492 2252 1538 ac
2271 1468 2406 1539 for·

248 1574 541 1644 tissimus
577 1577 893 1669 quisque,
936 1566 1267 1645 interfecti
1308 1574 1770 1670 vulneratique
1810 1587 1988 1643 sunt.

358 1680 677 1749 LXXIX.
736 1684 1095 1776 Postquam
1150 1679 1333 1751 nulla
1378 1681 1760 1751 conditione
1811 1704 2052 1775 cogere
2095 1679 2406 1751 adversa·

249 1787 383 1855 rios
430 1801 724 1881 poterat,
772 1803 849 1857 ut
902 1790 973 1859 in
1022 1812 1289 1883 oequum
1343 1787 1567 1859 locum
1623 1786 2104 1859 descenderent
2124 1840 2144 1874 ‚
2192 1787 2405 1882 legio-

252 1916 545 1987 numque
584 1894 955 1988 periculum
1002 1894 1343 1983 facerent3
1386 1920 1603 1990 neque
1639 1897 1780 1991 ipse
1823 1894 2100 1990 propius
2139 1894 2406 1963 hostem

250 2014 469 2069 castra
510 2024 761 2096 ponere
807 2016 1086 2097 propter
1128 2020 1317 2097 aqu‘ae
1359 2003 1708 2097 penuriam
1753 2026 1822 2071 se
1866 2025 2060 2097 posse
2103 2000 2404 2071 animad-

248 2106 551 2175 vertebat
578 2106 633 2196 ¹3
670 2108 1084 2179 adversarios
1120 2122 1259 2177 non
1302 2134 1538 2177 eorum
1581 2109 1828 2179 virtute
1869 2106 2210 2178 confidere
2228 2160 2250 2194 ‚
2289 2106 2406 2177 sed

248 2211 571 2306 aquarum
600 2215 827 2309 inopia
855 2215 1061 2285 fretos
1088 2215 1427 2308 despicere
1464 2240 1537 2285 se
1575 2212 1940 2285 intellexit:
1980 2213 2192 2309 pridie
2224 2215 2404 2285 Non.

245 2320 405 2415 Apr.
450 2322 648 2389 tertia
682 2322 907 2416 vigilia
938 2346 1242 2417 egressus
1278 2322 1363 2389 ab
1392 2322 1574 2416 Agar
1593 2374 1614 2408 ,
1643 2322 1814 2390 XVI
1849 2319 2051 2389 millia
2088 2344 2406 2413 passuum

245 2440 445 2495 nocte
484 2452 876 2522 progressus
896 2482 917 2516 ‚
943 2428 1043 2514 ad
1073 2428 1449 2524 Thapsum,
1466 2427 1600 2497 'ubi
1623 2424 1944 2522 Virgilius
1973 2450 2128 2499 cum
2169 2426 2406 2521 grandi

242 2525 568 2626 praesidio'
595 2551 915 2628 praeerat,
959 2527 1176 2604 castra
1226 2536 1452 2630 ponit,
1488 2533 1948 2628 oppidumque
1994 2557 2076 2601 eo
2119 2532 2226 2602 die
2263 2531 2402 2602 cir-

242 2643 630 2709 cumvenire
658 2644 862 2735 'coepit
880 2695 898 2730 ‚
926 2640 1205 2736 locaque
1238 2641 1475 2710 idonea
1510 2651 2023 2736 opportunaque
2051 2636 2404 2733 complura

241 2745 563 2841 praesidiis
610 2773 985 2843 occupare3
1018 2748 1245 2817 hostes
1290 2772 1375 2815 ne
1418 2749 1668 2816 intrare
1709 2745 1796 2815 ad
1838 2771 1942 2834 se,
1982 2769 2062 2815 ac
2107 2745 2252 2816 loca
2297 2746 2399 2814 in-

240 2854 494 2922 teriora
542 2878 779 2948 capere
836 2870 1123 2949 possent.
1174 2855 1397 2949 Scipio
1440 2853 1706 2922 interim
1728 2907 1748 2940 ‚
1789 2853 2070 2948 cognitis
2121 2853 2401 2926 Caesaris

240 2958 535 3028 consiliis
563 3014 582 3049 ‚
640 2961 725 3031 ad
780 2963 1239 3030 necessitatem
1296 2960 1624 3029 adductus
1681 2957 2086 3048 dimicandi,
2143 2983 2230 3027 ne
2281 2983 2402 3053 per

242 3089 584 3136 summum
646 3067 933 3138 dedecus
984 3067 1339 3138 fidissimos
1392 3068 1527 3136 suis
1583 3065 1784 3136 rebus
1837 3067 2283 3161 Thapsitanos
2337 3079 2404 3135 et

239 3171 601 3267 Virgilium
655 3173 1055 3259 amitteret²‚
1098 3173 1450 3245 confestim
1494 3173 1828 3244 Caesarem
1884 3199 2006 3268 per
2061 3173 2404 3269 superiora

327 3363 386 3420 4.
430 3357 651 3419 Sublati,
682 3359 861 3411 animo
886 3359 1027 3412 elati.
1056 3359 1275 3414 Momm.
1366 3371 1421 3413 te
1440 3358 1584 3430 Scip.
1608 3389 1692 3402 --
1706 3359 1884 3412 Pridie
1923 3359 2056 3414 Non.
2089 3359 2218 3430 Apr.
2250 3358 2406 3412 Usse-

330 3439 387 3490 5.
420 3437 585 3508 Caput
613 3443 753 3492 ictus.
792 3437 1153 3495 Groecismus:
1182 3439 1281 3492 ha·
1366 3439 1479 3494 rius
1502 3439 1581 3496 ,in
1604 3439 1802 3492 Annei.
1834 3441 1876 3492 1.
1903 3439 2014 3502 cit..
2047 3437 2116 3490 ad
2145 3456 2263 3508 cap.
2303 3439 2398 3508 75.

239 3520 382 3572 bens
402 3531 567 3590 caput
591 3535 690 3588 per
714 3517 975 3574 cassidem
998 3519 1184 3572 ictum.
1366 3519 1495 3574 Haec
1514 3531 1710 3590 quarto
1741 3518 1998 3572 februarii
2025 3517 2136 3570 diei
2165 3515 2406 3589 adsignat

330 3597 465 3650 Cn».
516 3597 767 3652 LXXIX.
818 3617 869 3652 1.
910 3599 1280 3653 Animadverte·
1367 3600 1446 3654 M.
1466 3598 2046 3654 Guiochard.xxvlto
2059 3599 2174 3668 ejus
2186 3598 2400 3652 mensis.

242 3678 351 3730 bat.
403 3675 493 3730 sic
532 3675 691 3731 codd.
733 3680 915 3732 Petnv.
964 3691 1018 3732 et
1054 3679 1107 3732 N
1112 3679 1281 3734 ervic.
1370 3678 1481 3732 on.
1512 3709 1597 3722 --
1613 3679 1762 3732 XVI
1789 3679 1959 3730 millia.
1987 3676 2211 3731 Addunt
2237 3678 2399 3748 vulgo

243 3757 435 3827 Vulgo
482 3758 897 3812 animadvertent.
930 3759 1071 3812 Dein
1101 3760 1135 3811 J
1137 3760 1279 3814 urin.
1359 3776 1626 3830 passuum,
1649 3756 1802 3830 quod
1828 3777 1860 3811 ι
1881 3755 2132 3812 Leidensi
2159 3775 2208 3820 1,
2241 3769 2298 3810 et
2314 3758 2409 3810 Pe-

240 3837 357 3908 legi
372 3837 489 3890 vult
502 3849 552 3888 et
568 3837 885 3893 adversarios.
901 3839 1107 3892 -Νονι
1118 3853 1284 3891 eorm
1371 3839 1586 3894 miano
1621 3839 1785 3892 abest.

238 3922 449 3970 virtute.
488 3917 615 3972 Non
652 3937 745 3972 sua
784 3920 1027 3990 ipsorum
1064 3919 1281 3972 virtute.
1456 3939 1507 3972 ι.
1553 3917 1840 3986 Virgilium.
1883 3918 1992 3970 Pro
2019 3935 2136 3987 quo¹
2162 3917 2410 3970 nonnulli
2442 3947 2452 3957 ·

240 3997 377 4050 Non
401 3996 492 4050 hic
518 4017 608 4052 sua
630 3999 851 4070 legitur,
872 3999 999 4070 quia
1020 3997 1089 4051 ad
1110 3999 1283 4053 Con·
1370 3999 1571 4054 habent
1597 3999 1890 4067 Vergilium.
1904 4029 1980 4041 -
2000 3999 2278 4050 Amitteret.
2299 3997 2407 4050 Alii

240 4095 369 4130 rem
422 4078 615 4134 refu-ri
656 4095 815 4151 posse
858 4077 1158 4134 videbatur.
1202 4109 1285 4126 --
1370 4080 1629 4139 desem-et,
1661 4079 1848 4149 glossa.
1875 4077 2122 4130 Jurinius
2165 4077 2406 4150 abjiceret.

242 4157 509 4229 Aquamm
526 4160 825 4230 inopia-Alii
836 4163 992 4231 copia,
1008 4159 1153 4216 wilm
1166 4177 1286 4231 ppr-
1372 4190 1453 4203 --
1466 4158 1710 4214 Consedit.
1733 4157 1841 4212 Alii
1867 4158 2126 4224 contendit.

1860 4243 1998 4327 32¹⁸
