3025 5025
589 465 769 552 104.

897 462 973 530 C.
1029 457 1300 528 JULII
1357 457 1811 527 CAESARIS
1864 455 2400 528 COMMENT.

571 593 823 664 miliam
845 619 860 662 :
885 615 1040 663 cum
1080 593 1208 660 hac
1245 605 1314 663 et
1347 591 1656 709 praetoria
1695 589 1975 660 cohorte
2009 605 2417 661 cetratorum
2433 643 2454 679 ,
2482 589 2725 662 barba-

573 702 802 794 risque
831 700 1166 794 equitibus
1197 699 1459 792 pauciS,
1499 695 1935 768 beneficiariis
1972 695 2151 766 suis'
2157 751 2176 786 ,
2212 723 2379 792 quos
2418 721 2553 768 suae
2588 723 2731 768 cus-

573 807 779 878 todiae
817 825 1015 876 causa
1055 805 1304 874 habere
1353 816 1712 872 consuerat
1730 806 2141 900 ,improviso
2186 804 2270 874 ad
2309 802 2561 874 vallum
2602 805 2729 873 ad·-

569 912 794 1001 volat,
836 911 1167 1006 colloquia
1202 907 1484 980 militum
1524 913 1987 1042 interrumpit,
2037 925 2301 980 nostros
2338 909 2600 1030 repellit
2641 911 2729 980 ab

567 1021 835 1088 castris·
819 1074 838 1106 ,
863 1019 1034 1113 quos
1063 1017 1543 1112 deprehendit,
1576 1003 1954 1086 interficit³.
1986 1016 2248 1112 Reliqui
2276 1031 2523 1086 coeunt
2548 1019 2728 1088 inter

565 1151 673 1212 se,
713 1142 815 1213 et,
851 1127 1200 1219 repentino
1245 1121 1544 1219 periculo
1588 1125 1923 1212 exterriti,
1962 1126 2257 1193 sinistras
2300 1125 2470 1218 sagis
2506 1123 2723 1192 invol-

564 1219 804 1319 vunt⁴,·
837 1231 1220 1326 gladiosque
1239 1231 1700 1324 destringunt,
1736 1245 1935 1324 atque
1963 1233 2056 1300 ita
2085 1255 2153 1300 se
2181 1255 2221 1300 a
2259 1231 2525 1300 cetratis
2552 1232 2729 1324 equi·

561 1339 872 1433 tibusque
895 1338 1262 1407 defendunt
1276 1391 1295 1426 ,
1315 1351 1689 1407 castrorum
1710 1338 2205 1432 propinquitate
2228 1336 2498 1424 confisi3
2520 1361 2725 1432 seque

559 1448 630 1514 in
661 1460 876 1514 castra
904 1446 1266 1539 recipiunt,
1295 1459 1364 1512 et
1400 1444 1485 1510 ab
1520 1444 1599 1511 iis
1628 1444 2059 1532 cohortibus,
2093 1469 2241 1539 quae
2277 1458 2468 1513 erant
2502 1445 2726 1512 insta·

557 1553 738 1626 tione
780 1552 865 1621 ad
907 1567 1172 1646 portaS,
1215 1549 1684 1618 defenduntur.

666 1661 983 1732 LXXVI.
1029 1658 1290 1746 Quibus
1329 1657 1529 1726 rebus
1574 1655 1893 1726 confectis
1914 1708 1932 1740 ‚
1970 1656 2136 1726 flens
2173 1652 2473 1726 Petreius
2516 1659 2725 1727 mani-

561 1765 755 1861 pulos
776 1767 1046 1850 circuit,
1071 1763 1439 1857 militesque
1465 1760 1795 1856 appellat3
1834 1792 1869 1827 c<
1900 1789 2033 1832 neu
2052 1788 2122 1832 se
2138 1817 2157 1851 ,
2177 1789 2307 1834 neu
2324 1766 2723 1858 Pompeium

560 1873 902 1940 absentem
923 1925 944 1958 ,
983 1873 1456 1964 imperatorem
1498 1894 1728 1957 suum,
1772 1869 2164 1943 adversariis
2194 1870 2279 1944 ad
2316 1869 2720 1967 supplicium

560 1977 865 2065 tradant,
901 2006 936 2042 n
972 1976 1296 2045 obsecrat.
1331 1977 1437 2044 Fit
1463 1975 1768 2044 celeriter
1803 2001 2169 2046 concursus
2196 1978 2267 2049 in
2307 1979 2716 2072 praetorium.

559 2189 684 2242 treii
725 2199 848 2241 sunt
879 2187 1093 2252 famuli,
1132 2187 1345 2252 liberti,
1387 2185 1594 2240 coloni:

558 2281 610 2322 et
651 2288 721 2320 ne
762 2267 999 2334 dubites,
1043 2266 1168 2319 audi
1209 2270 1488 2320 Lucanum
1530 2265 1599 2320 de

559 2348 747 2402 eadem
768 2367 828 2400 re
848 2348 1156 2419 loquentem
1173 2365 1188 2412 ;
1210 2347 1245 2400 l.
1264 2367 1351 2413 ιν,
1368 2367 1423 2400 v.
1448 2347 1593 2400 205:

673 2473 682 2482 .
701 2471 710 2482 .
729 2473 738 2482 .
754 2473 763 2482 .
781 2473 790 2482 .
807 2471 819 2483 .
836 2471 845 2481 .
867 2443 964 2482 Nam
983 2453 1192 2497 postquam
1213 2442 1362 2481 foeden
1381 2443 1489 2496 pacis

557 2516 722 2569 Cognita
745 2517 902 2555 Petreio
918 2546 928 2562 ‚
949 2530 1068 2568 seque
1087 2526 1126 2555 et
1142 2528 1210 2555 sus
1225 2514 1371 2554 tradita
1387 2528 1535 2553 venum

557 2587 820 2627 cunm-videt
830 2615 840 2634 ‚
853 2586 1016 2625 famulas
1031 2586 1106 2625 scel
1112 2596 1218 2625 erata
1231 2587 1280 2624 nd
1295 2586 1431 2638 prelia
1441 2587 1597 2625 dextras

557 2656 755 2705 Excitat„
769 2684 782 2697 .
797 2686 808 2696 .
825 2686 834 2695 .
868 2658 1104 2710 junctosque
1128 2656 1372 2709 amplexibus
1401 2670 1494 2695 ense

557 2727 722 2779 Separat
735 2755 748 2774 ‚
779 2736 818 2765 et
836 2726 960 2765 multo
982 2726 1177 2765 disturbat
1201 2726 1391 2778 'unguine
1408 2739 1558 2778 pacem.

560 2826 749 2897 Neque
775 2823 834 2877 id
859 2826 964 2878 hoc
990 2825 1134 2877 bello
1155 2843 1388 2878 novum-z
1421 2827 1494 2879 ait
1526 2824 1595 2879 de

559 2906 800 2957 Domitio
829 2904 1131 2975 supra'ipse
1157 2906 1332 2958 Caesar
1359 2924 1374 2957 ε
1399 2909 1595 2977 profi-c-

561 2996 660 3037 tum
695 2990 806 3035 item
841 2987 1109 3035 Domitium
1120 3024 1135 3048 ‚
1174 2985 1245 3035 ad
1269 2988 1595 3059 occupandam

558 3066 855 3129 Massiliam,
872 3063 1070 3116 navibus
1082 3068 1313 3117 actuariis
1333 3084 1445 3131 vu,
1471 3086 1594 3138 quas

559 3146 681 3215 Igili
705 3157 756 3195 et
793 3149 842 3197 in
877 3145 1072 3197 Cosano
1101 3166 1135 3195 a
1164 3150 1371 3215 privatis
1401 3158 1593 3198 coactas

557 3230 729 3286 servis,
776 3226 978 3287 libertis,
1023 3226 1203 3277 colonis
1243 3228 1340 3277 suis
1384 3227 1591 3296 comple-

561 3318 705 3358 verat.
743 3306 884 3359 Hinc
924 3305 1082 3359 toties
1117 3305 1258 3357 infra
1287 3324 1589 3358 memoran-

553 3396 648 3437 tur
697 3386 924 3438 colonica
966 3386 1180 3437 cohortes
1229 3396 1280 3435 et
1325 3387 1589 3437 vernacula

559 3467 714 3536 legio,
744 3486 808 3518 ex
835 3466 1038 3519 colonis
1068 3465 1326 3517 nimirum
1349 3478 1402 3517 et
1423 3466 1589 3519 servis

555 3547 784 3619 scripta.·
813 3545 1020 3599 Eodem
1057 3564 1213 3598 sensu
1226 3583 1241 3606 ,
1284 3539 1590 3616 'imperatoris

545 3622 792 3694 familiam
837 3639 995 3679 vocat
1033 3626 1250 3679 Tacitus
1267 3660 1285 3687 ‚
1318 3644 1497 3680 servos
1534 3640 1590 3680 et

557 3705 874 3777 gladiatores
895 3707 988 3779 qui
1010 3705 1386 3778 imperatorem
1400 3725 1589 3777 seque-

555 3787 781 3839 bantur.
805 3788 1025 3852 Annal„
1050 3786 1144 3839 lib.
1173 3806 1224 3851 1,
1253 3806 1299 3839 c.
1329 3787 1433 3840 23:
1456 3788 1587 3839 Pars

555 3868 756 3918 militum
773 3868 1070 3937 gladiatores
1087 3870 1171 3941 qui
1185 3889 1211 3918 e
1225 3871 1414 3921 servitio
1431 3866 1590 3920 Βία-εἱ

554 3960 697 3997 erant
704 3958 858 4017 ,pars
879 3960 1100 3999 eceteram
1125 3948 1332 4018 ejusdem
1338 3949 1587 4016 familiam

551 4030 808 4080 vincirent.
843 4029 998 4081 Voss·

641 4126 692 4159 2.
717 4098 1064 4178 Beneficiariis.
1110 4106 1448 4163 Beneficiarii
1484 4110 1588 4164 mi·

1684 2186 1836 2253 lites,
1877 2188 1996 2260 qui,
2040 2188 2303 2243 beneficio
2340 2187 2519 2254 ducis,
2563 2206 2720 2242 vaca-

1685 2267 1887 2320 tionem
1933 2289 1961 2321 a
2012 2267 2231 2322 duriore
2277 2268 2483 2322 militiae
2534 2269 2719 2321 labore

1685 2347 1899 2400 habent,
1932 2349 2027 2400 Est
2058 2367 2185 2420 ergo
2211 2367 2375 2420 genus
2396 2348 2720 2402 honestioris

1684 2427 1904 2481 militiae.
1930 2429 2148 2502 Veget„
2174 2428 2243 2481 de
2268 2437 2337 2481 're
2364 2427 2551 2493 milit.,
2581 2429 2619 2481 1.
2641 2445 2713 2490 11,

1683 2526 1730 2561 c.
1751 2527 1783 2578 7
1801 2546 1817 2573 ‚
1844 2528 2012 2581 quum
2038 2528 2127 2562 eos
2152 2507 2367 2563 dixisset
2390 2505 2718 2581 inde'appel-

1682 2588 1843 2654 latos,
1880 2588 2028 2661 quod
2070 2590 2331 2645 beneflcio
2371 2590 2718 2643 tribunorum

1681 2680 2131 2739 promoverentur
2149 2667 2216 2722 ad
2243 2669 2485 2722 altiorem
2506 2670 2719 2735 locum,
2752 2733 2755 2742 Ι

1681 2749 1846 2800 refert
1870 2768 1961 2801 eos
1992 2750 2133 2801 inter
2160 2749 2381 2812 milites,
2416 2749 2511 2820 qui
2544 2749 2717 2820 privi-

1680 2827 1830 2898 legiis
1858 2828 2059 2881 muniri
2090 2830 2279 2882 solent.
2312 2827 2442 2882 Vid.
2468 2828 2617 2902 Lips.
2648 2827 2717 2882 de

1683 2907 1843 2961 Milit.
1860 2909 2017 2961 Rom.
2037 2928 2099 2974 v,
2130 2913 2195 2975 63
2233 2909 2525 2971 Guischard,
2560 2909 2713 2962 Mem.

1686 2986 1811 3040 Crit.
1834 3001 1884 3039 et
1898 2990 2063 3051 Hist.,
2090 3002 2129 3042 t.
2161 3006 2240 3051 11,
2263 3010 2320 3061 p.
2354 3006 2481 3058 190.
2500 2988 2715 3042 Onnum.

1765 3073 1815 3121 3.
1850 3069 1987 3136 Quos
2007 3069 2318 3139 deprehendit
2336 3068 2576 3139 interficit.
2601 3068 2714 3139 Ap-

1678 3148 1871 3217 pianus
1906 3147 2071 3201 tradit
2112 3167 2235 3201 eum
2275 3167 2374 3202 nec
2416 3147 2715 3221 pepercisse

1678 3227 1777 3279 uni
1804 3226 1871 3281 de
1898 3228 2005 3281 suis
2034 3227 2288 3295 tribunis,
2320 3229 2414 3301 qui
2445 3230 2717 3281 furentem

1678 3308 1929 3361 cohibere
1950 3308 2261 3363 conabatur.

1761 3394 1813 3452 4.
1844 3388 2079 3441 Sinistras
2105 3392 2239 3459 sagis
2260 3390 2517 3443 involvunt.
2534 3390 2710 3442 Amici

1674 3480 1933 3521 venerant
1958 3468 2017 3523 in
2040 3481 2207 3521 castra
2228 3469 2463 3534 Afranii,
2481 3467 2711 3539 ideoque

1676 3562 1824 3601 scuta
1876 3567 1987 3601 non
2043 3549 2327 3602 habehant.
2390 3551 2524 3615 Quo
2578 3559 2713 3600 tune

1676 3625 1867 3681 dixisse
1908 3629 2179 3681 Petreium
2219 3628 2375 3701 fingit
2424 3630 2674 3683 Lucanus
2696 3666 2714 3693 ,

1672 3707 1797 3761 vide
1818 3708 2000 3761 lih.·1v
2016 3747 2032 3775 ,
2060 3709 2295 3765 Plini-sal,
2311 3748 2327 3772 ,
2356 3730 2407 3764 v.
2443 3730 2471 3762 2
2485 3726 2509 3763 1
2524 3728 2551 3762 α
2578 3725 2594 3760 2

1674 3795 1887 3835 Immemor
1901 3809 1925 3834 o
1942 3797 2101 3849 patria.
2116 3798 2321 3849 signorum
2336 3796 2458 3836 oblite
2474 3804 2636 3835 tuorum
2652 3822 2664 3843 ‚

1678 3867 1771 3905 Non
1780 3876 1895 3920 potes
1906 3866 2115 3907 hoco-m·
2126 3866 2243 3907 uile·
2255 3876 2441 3921 prostare
2452 3877 2611 3909 senatu·
2620 3896 2635 3916 ,
2647 3898 2658 3909 .
2668 3900 2681 3911 .
2698 3898 2712 3913 .

1674 3948 1928 4001 Plurimis
1959 3949 2237 4002 sententiis
2250 3987 2265 4011 ,
2300 3966 2421 4021 quae
2452 3948 2710 4021 grandem

1678 4040 1733 4081 et
1760 4030 2152 4100 magnanimum
2184 4040 2429 4103 ¹mentem
2474 4032 2709 4103 spirant,

1676 4109 1927 4181 praeclara
1948 4122 2028 4164 est
2048 4107 2255 4173 haecad
2277 4103 2473 4165 milites
2499 4112 2706 4166 concio.
