3025 5025
621 459 770 542 204⁴
896 458 973 525 C.
1030 457 1332 526 JULII
1390 457 1866 527 CAESARIS
1921 457 2484 528 COMMENT.

617 585 792 657 bello
824 587 1093 657 fortuna
1120 601 1381 684 posset,
1396 588 1540 681 jam
1565 589 1692 684 ipsi
1727 589 2170 659 incommodis
2199 592 2334 658 suis
2367 590 2524 658 satis
2553 602 2764 658 essent

509 747 519 756 .
616 691 1039 764 documento.
1072 699 1221 766 Hoc
1258 719 1469 763 unum
1498 719 1642 764 esse
1677 709 1942 792 tempus
1971 696 2055 765 de
2086 721 2252 792 pace
2289 695 2564 792 agendi,
2607 694 2763 762 dum

617 800 741 869 sibi
798 815 1075 896 uterque
1132 801 1500 872 confideret
1521 853 1542 888 ‚
1583 817 1652 872 et
1713 827 1906 897 pares
1967 803 2168 872 ambo
2227 804 2618 873 viderentur
2662 827 2678 868 ε
2715 801 2767 870 si

617 930 781 976 vero
836 906 1025 978 alteri
1075 908 1351 1004 paulum
1414 908 1619 979 modo
1678 909 2018 979 tribuisset
2065 909 2369 997 fortuna,
2421 933 2560 978 non
2628 933 2763 977 esse

617 1038 897 1083 usurum
934 1015 1432 1085 conditionibus
1469 1017 1654 1111 pacis
1695 1041 1848 1086 eum
1867 1067 1886 1102 ,
1917 1018 2032 1110 qui
2065 1019 2371 1111 superior
2400 1015 2770 1102 videretur,

618 1144 833 1214 neque
872 1121 1017 1190 fore
1054 1147 1243 1216 aequa
1283 1135 1473 1216 parte
1508 1137 1900 1192 contentum
1913 1175 1936 1210 ‚
1979 1123 2094 1217 qui
2129 1149 2199 1192 se
2235 1124 2462 1193 omnia
2504 1123 2768 1190 habitu-

582 1275 590 1284 ·
620 1251 770 1296 rum
806 1227 1179 1302 confideret
1208 1254 1222 1295 :
1270 1229 1688 1300 conditiones
1753 1229 1935 1325 pacis
1960 1283 1981 1318 ‚
2021 1232 2340 1324 quoniam
2373 1243 2576 1298 antea
2611 1253 2768 1297 con·-

620 1335 847 1402 venire
898 1360 1037 1403 non
1084 1337 1459 1430 potuissent
1480 1389 1501 1425 ‚
1568 1339 1802 1406 Romae
1847 1336 1932 1416 ab
1987 1351 2222 1406 senatu
2276 1350 2348 1404 et
2391 1361 2440 1404 a·
2471 1321 2772 1430 populo³

622 1442 757 1534 peti
798 1440 1041 1510 dehere
1073 1467 1087 1508 :
1123 1443 1377 1510 interea
1418 1457 1487 1510 et
1527 1442 1907 1537 reipublicae
1951 1455 2020 1512 et
2053 1444 2212 1538 ipsis
2265 1442 2530 1538 placere
2577 1467 2772 1537 opor-

619 1560 789 1635 tere,
830 1548 881 1616 si
924 1561 1208 1641 uterque
1248 1550 1319 1618 in
1370 1551 1696 1618 concione
1741 1550 1966 1618 statim
2003 1549 2398 1642 juravisset,
2437 1573 2508 1618 se
2552 1549 2776 1618 triduo

620 1655 930 1748 proximo
976 1656 1339 1724 exereitum
1374 1656 1824 1726 dimissurum.
1872 1657 2210 1752 Depositis
2251 1657 2451 1750 armis
2490 1655 2777 1724 auxiliis-

620 1785 781 1854 que,
816 1760 1057 1854 quibus
1092 1786 1273 1831 nunc
1304 1763 1754 1851 confiderent,
1781 1765 2156 1833 necessario
2191 1763 2426 1859 populi
2471 1777 2778 1832 senatus-

622 1892 753 1960 que
791 1866 1049 1959 judicio
1092 1867 1236 1936 fore
1280 1883 1642 1962 utrumque
1683 1884 2094 1939 contentum.
2137 1874 2298 1940 Haec
2348 1895 2486 1964 quo
2525 1869 2782 1940 facilius

622 1974 941 2066 Pompeio
984 1975 1256 2068 probari
1298 1991 1610 2069 possent,
1638 2001 1871 2056 omnes
1905 2001 2058 2046 suas
2087 1991 2434 2046 terrestres
2477 1977 2783 2046 urbium-

622 2104 751 2173 que
796 2067 1061 2174 copias⁶
1099 2080 1548 2150 dimissurum.
1589 2111 1624 2146 1>

727 2188 848 2255 XI.
923 2186 1293 2276 Vibullius,
1343 2189 1445 2256 his
1521 2189 1836 2282 expositis
1886 2214 1927 2256 a
1978 2188 2304 2278 Caesare¹,
2357 2214 2500 2258 non
2561 2190 2790 2257 minus

622 2369 783 2423 Unde
800 2373 1069 2440 Lucanus,
1087 2384 1231 2441 gente
1248 2370 1493 2424 Curetum.
1512 2371 1656 2424 Male

620 2449 787 2523 igitur
808 2450 1055 2506 emendat
1069 2451 1366 2520 Rubenius,
1390 2452 1656 2518 Curictam,

621 2526 781 2603 quem
834 2534 1064 2587 insulam
1112 2533 1170 2585 in
1222 2546 1459 2585 extremo
1521 2533 1658 2585 mari

622 2608 901 2667 'Adriatico
944 2613 1102 2667 sitam
1140 2610 1274 2666 dicit
1311 2614 1378 2665 D.
1414 2612 1655 2667 Vossius.

706 2693 759 2745 3.
792 2694 878 2747 Ab
909 2706 1078 2745 senatu
1111 2706 1161 2766 ef
1184 2712 1216 2743 a
1242 2694 1441 2764 populo.
1474 2693 1562 2745 Sic
1593 2694 1656 2746 Β.

624 2772 697 2824 G.
718 2770 813 2826 lib.
827 2775 901 2839 V,
923 2776 993 2838 34
1008 2812 1027 2839 ,
1042 2772 1105 2825 ab
1130 2774 1248 2825 duce
1262 2785 1313 2823 et
1330 2775 1574 2839 asor-tuna
1593 2791 1613 2824 .·
1627 2792 1660 2823 a

624 2864 679 2903 et
708 2852 772 2903 ab
816 2855 1141 2925 conjungere
1174 2866 1315 2907 amat
1357 2852 1548 2905 Coesar.
1579 2876 1660 2887 --·

626 2932 819 2985 Interea
847 2944 897 2983 et
932 2932 1205 3003 reipublicoe
1241 2945 1293 2983 et
1332 2935 1446 3003 ipsis
1467 2934 1662 3003 placere

626 3024 858 3081 oportere.
890 3010 1109 3065 Eruditi
1146 3012 1245 3065 hac
1274 3012 1546 3065 locutione
1579 3013 1662 3065 of·

622 3091 787 3156 fensi,
817 3093 991 3145 varias
1022 3090 1419 3146 emendationes
1459 3112 1662 3164 propo-

628 3188 780 3223 suere
794 3208 810 3235 ,
842 3185 897 3224 et
919 3170 1011 3225 Fr.
1027 3172 1327 3225 Hotmanus
1344 3173 1528 3227 locum
1545 3172 1663 3225 sine

624 3251 909 3304 meliorum
940 3252 1203 3321 librorum
1228 3272 1331 3324 ope
1356 3272 1471 3307 non
1487 3251 1663 3305 videri

626 3332 916 3385 sanabilem
934 3333 1197 3399 affirmat3
1226 3347 1278 3386 at
1292 3372 1306 3395 ,
1336 3346 1399 3386 ut
1414 3334 1664 3385 observat

626 3410 898 3474 Davisius,
933 3414 1072 3466 nihil
1104 3425 1184 3465 est
1223 3412 1369 3485 quod
1412 3412 1661 3469 delicatas

624 3509 777 3545 aures
802 3491 1080 3545 offendere
1112 3494 1295 3564 possit.
1325 3494 1520 3547 Sensus
1551 3504 1659 3544 est:

624 3589 723 3642 par
745 3590 882 3638 esse,
910 3586 971 3627 ut
988 3588 1105 3627 tum
1124 3575 1333 3627 senatui
1355 3573 1664 3645 populoque

625 3670 848 3705 romano
866 3691 881 3719 ,
914 3667 1031 3707 tum
1062 3654 1323 3723 Pompeio
1368 3666 1423 3705 et
1466 3652 1664 3706 Caesari

621 3748 837 3802 aequum
861 3732 1135 3795 videatur,
1160 3734 1205 3787 si
1231 3746 1457 3803 uterque
1472 3770 1489 3796 ‚
1521 3744 1622 3785 etc.

706 3818 761 3876 4.
826 3814 1091 3868 Ter-restra
1150 3813 1426 3884 urbiumque
1477 3816 1662 3883 copia&

632 3893 897 3945 Ter-restas
937 3898 1085 3963 copioe
1124 3906 1249 3947 sunt
1278 3893 1337 3945 in
1368 3893 1581 3956 castris,
1612 3906 1666 3947 et

627 3971 814 4026 urbium
840 3976 993 4043 copioe
1012 3987 1137 4028 sunt
1159 3968 1441 4046 prasidia(
1458 3974 1668 4043 lesgan-

626 4049 845 4116 nisons).
864 4054 1130 4107 Caeterum
1158 4054 1273 4107 haec
1298 4053 1518 4110 caesaris
1543 4072 1667 4124 pto-

630 4132 826 4202 positio
866 4134 1163 4203 aequissima
1196 4146 1343 4187 erat:
1372 4132 1467 4187 sed
1504 4132 1665 4187 dubi-

1747 2383 1862 2425 tant
1891 2371 2095 2440 critici,
2123 2391 2190 2426 an
2221 2386 2356 2426 esset
2393 2373 2620 2426 sincera.
2655 2373 2786 2424 Eam

1746 2453 1914 2519 forte,
1963 2465 2024 2504 ut
2067 2453 2170 2525 ipsi
2217 2452 2396 2519 aiunt,
2429 2452 2488 2504 in
2541 2450 2782 2504 medium

1720 2530 1996 2586 'attulerat
2047 2532 2246 2599 Caesar,
2273 2534 2398 2605 quia
2447 2552 2478 2585 a
2524 2533 2788 2604 Pompeio

1747 2632 1858 2666 non
1929 2612 2292 2684 accipiendam
2360 2614 2477 2666 fore
2544 2626 2786 2665 noverat.

1748 2691 1911 2758 Quod
1933 2693 1979 2745 si
2001 2704 2179 2747 tamen
2207 2694 2252 2747 is
2277 2692 2550 2748 annuisset
2563 2732 2580 2759 ‚
2612 2693 2788 2745 Caesar

1749 2774 1816 2827 ab
1847 2792 1910 2825 ea
1939 2792 1994 2827 se
2018 2792 2174 2844 posse
2203 2772 2455 2845 expedire
2484 2773 2677 2843 quavis
2701 2792 2789 2825 ra-

1747 2853 1892 2907 tione
1919 2854 2184 2924 sperabat.
2201 2854 2320 2924 Ego
2338 2872 2468 2905 vero
2489 2871 2608 2906 non
2629 2850 2794 2906 video

1749 2932 2022 3004 quomodo
2047 2946 2102 2985 et
2122 2934 2320 3004 quibus
2349 2932 2584 3000 artibus,
2605 2952 2664 2986 se
2685 2931 2793 3003 legi

1749 3014 1854 3065 hoc
1881 3011 2044 3067 modo
2061 3013 2304 3078 sancita,
2323 3024 2510 3083 terque
2535 3014 2606 3065 ab
2631 3013 2794 3065 initio

1749 3093 1877 3145 belli
1902 3106 2170 3147 renovata
2191 3093 2470 3165 subripere
2493 3094 2792 3163 potuisset;

1748 3184 1804 3225 et
1833 3190 1950 3225 eam
1989 3192 2056 3225 eo
2086 3173 2250 3244 magis
2289 3190 2320 3225 e
2363 3172 2570 3225 sincera
2609 3184 2796 3225 mente

1749 3254 2042 3323 profectam
2061 3252 2334 3318 existimo,
2358 3250 2505 3323 quod
2539 3251 2798 3317 Caesaris,

1750 3332 2008 3405 Pompeio
2035 3333 2282 3404 imparis,
2307 3344 2506 3391 contra*
2519 3334 2800 3386 Romanos

1749 3412 2066 3467 fortissimos
2096 3451 2118 3479 ,,
2175 3412 2534 3482 adversusque
2597 3410 2797 3465 ducem

1749 3494 2160 3563 peritissimum,
2181 3506 2238 3545 et
2263 3492 2452 3563 iniquo
2479 3490 2704 3562 quidem
2737 3492 2800 3543 in

1748 3574 1870 3625 loco
1887 3574 2178 3645 pugnaturi
2195 3610 2214 3639 ,
2231 3590 2418 3643 pacem
2441 3572 2612 3641 magis
2631 3590 2800 3643 quam

1751 3654 1954 3707 bellum
1981 3666 2186 3707 tentare
2211 3652 2525 3705 interesset.
2729 3720 2732 3723 ἢ

1833 3734 1966 3787 Cu.
1985 3735 2084 3790 XI.
2112 3752 2162 3787 1.
2185 3734 2243 3785 V
2237 3733 2448 3794 ibullius3
2469 3731 2546 3783 lu's
2563 3736 2804 3802 capacitis

1758 3833 1792 3865 a
1811 3813 2024 3867 Coesare.
2051 3813 2254 3867 Omnes
2271 3810 2433 3865 codd.
2455 3811 2660 3865 hahent
2675 3812 2729 3865 C
2723 3833 2806 3863 οι·-

1752 3910 1907 3966 cyroe,
1933 3912 2036 3964 pro
2061 3912 2094 3945 a
2123 3893 2344 3955 Caesare,
2379 3908 2498 3961 quae
2525 3892 2688 3944 lectio
2717 3906 2804 3945 est

1754 3971 2056 4027 emendatio
2097 3971 2291 4028 Aldina
2308 4011 2324 4034 ‚
2359 3990 2425 4024 ex
2463 3973 2802 4042 conjectura.

1754 4054 1962 4109 Falsam
1979 4053 2266 4107 lectionem
2289 4070 2402 4105 esse
2429 4052 2579 4105 aiunt
2599 4052 2804 4117 critici,

1755 4134 1880 4205 quia
1899 4152 2000 4194 nec
2030 4134 2204 4189 Caesar
2235 4134 2486 4204 Corcyra
2517 4144 2667 4199 erat,
2699 4150 2807 4187 nee
