3025 5025
639 457 790 531 266
924 464 1001 531 C.
1059 462 1348 531 JULII
1406 459 1873 529 CAESARIS
1930 459 2486 531 COMMENT.

627 609 853 663 tamen
884 596 1028 665 haec
1057 621 1163 666 res
1187 594 1315 665 illis
1344 592 1783 665 offensionem
1808 608 1877 663 et
1902 594 2421 665 contemtionem
2439 593 2525 663 ad
2548 620 2776 667 omnes

627 702 889 805 attulitr,
925 703 1124 797 idque
1147 706 1238 773 ita
1281 726 1422 771 esse
1445 754 1464 787 ‚
1505 726 1713 794 quum
1746 724 1829 770 ex
1864 698 2149 771 aliorum
2188 701 2739 795 objectationibus
2757 759 2776 791 ‚

627 823 771 877 tum
815 812 1014 879 etiam
1057 835 1140 879 ex
1184 810 1551 881 domestico
1584 807 1837 901 judicio
1882 822 2081 901 atque
2123 809 2325 879 animi
2375 811 2776 880 conscientia

626 914 1100 1011 intelligebant.
1139 918 1296 1005 Quo
1334 914 1593 1010 pudore
1636 913 1955 1001 adducti,
1990 929 2061 985 et
2096 913 2379 985 fortasse
2408 941 2546 987 non
2586 941 2657 985 se
2696 915 2775 985 li-

532 1075 542 1081 .
627 1022 848 1093 berari
867 1076 886 1111 ‚
925 1024 1042 1093 sed
1079 1026 1150 1093 in
1179 1022 1355 1093 aliud
1390 1036 1655 1116 tempus
1698 1022 2025 1093 reservari
2058 1022 2405 1109 arbitrati,
2444 1021 2778 1093 discedere

627 1153 666 1195 a
711 1118 904 1199 nobis
925 1185 944 1217 ‚
985 1145 1054 1200 et
1089 1154 1337 1201 novam
1383 1143 1641 1201 tentare
1684 1128 2021 1201 fortunam
2047 1183 2067 1215 ‚
2112 1153 2453 1223 novasque
2500 1132 2779 1225 experiri

627 1237 950 1307 amicitias
985 1239 1506 1307 constituerunt:
1542 1250 1612 1305 et
1646 1260 1800 1307 cum
1828 1236 2057 1330 paucis
2085 1234 2401 1305 collocuti
2434 1234 2779 1306 clientibus

625 1344 760 1411 suis
775 1397 794 1431 ‚
821 1345 1062 1438 quibus
1086 1358 1347 1414 tantum
1371 1343 1629 1415 facinus
1653 1344 2071 1413 committere
2091 1342 2464 1430 audebant,
2490 1343 2776 1437 primum

624 1454 850 1519 conati
887 1466 1044 1521 sunt
1059 1506 1078 1539 ‚
1121 1451 1509 1546 praefectum
1550 1451 1849 1543 equitum
1872 1502 1891 1536 ‚
1934 1450 2012 1518 C.
2060 1448 2480 1519 Volusenum
2509 1503 2526 1537 ‚
2568 1452 2777 1519 inter-

625 1556 826 1627 ficere
861 1549 982 1647 (ut
1013 1574 1285 1654 postea,
1324 1556 1498 1627 bello
1528 1556 1877 1643 confecto,
1914 1558 2260 1649 cognitum
2298 1547 2469 1645 est),
2506 1571 2587 1625 ut
2631 1582 2777 1626 cum

624 1688 904 1733 munere
936 1664 1158 1759 aliquo
1189 1665 1559 1760 perfugisse
1599 1664 1684 1733 ad
1717 1664 2113 1758 Pompeium
2140 1663 2546 1733 viderentur.
2598 1666 2780 1733 Post·

625 1796 827 1863 quam
869 1772 940 1840 id
975 1772 1314 1841 difficilius
1354 1773 1573 1840 visum
1614 1784 1715 1839 est
1729 1768 1775 1861 ²,
1820 1794 2035 1864 neque
2079 1769 2359 1840 facultas
2396 1769 2779 1865 perficiendi

624 1876 910 1947 dabatur
949 1905 968 1965 ;
1021 1904 1224 1972 quam
1291 1880 1617 1947 maximas
1678 1892 2046 1971 potuerunt
2094 1879 2411 1971 pecunias
2462 1879 2780 1963 mutuati,

624 1984 908 2077 proinde
941 2010 1021 2053 ac
1051 1987 1186 2054 suis
1219 1985 1628 2068 satisfacere,
1658 1999 1730 2054 et
1756 1983 2063 2053 fraudata
2100 1986 2447 2053 restituere
2475 1970 2781 2070 vellent³,

623 2089 850 2159 multis
889 2094 1166 2161 coemtis
1201 2093 1388 2185 equis
1408 2145 1429 2179 ,
1473 2092 1561 2160 ad
1596 2092 1991 2185 Pompeium
2033 2092 2467 2179 transierunt,
2504 2116 2665 2161 cum
2708 2093 2781 2159 iis

623 2220 794 2289 quos
839 2200 940 2267 sui
977 2197 1237 2267 consilii
1269 2190 1629 2293 participes
1664 2198 2019 2267 habebant.

728 2306 912 2373 LXI.
969 2307 1162 2394 Quos
1203 2306 1595 2401 Pompeius,
1641 2304 1823 2399 quod
1854 2318 2048 2373 erant
2088 2303 2373 2373 honesto
2416 2303 2568 2373 loco
2614 2306 2780 2391 nati,

623 2423 690 2476 et
731 2410 1039 2480 instructi
1073 2411 1491 2500 liberaliter¹,
1513 2437 1890 2506 magnoque
1928 2412 2285 2499 comitam,
2310 2425 2378 2504 et
2410 2410 2640 2480 multis
2670 2412 2779 2505 ju-

622 2520 864 2588 mentis
887 2535 1246 2610 venerant‚
1268 2521 1527 2614 virique
1571 2519 1777 2588 fortes
1812 2519 2234 2588 habebantur
2253 2572 2273 2606 ‚
2304 2533 2372 2587 et
2412 2519 2483 2586 in
2524 2519 2781 2588 honore

621 2623 803 2717 apud
848 2628 1180 2696 Caesarem
1233 2627 1500 2696 fuerant
1520 2683 1540 2716 ‚
1582 2627 1897 2722 quodque
1936 2650 2193 2695 novum
2228 2639 2297 2694 et
2335 2639 2579 2718 praeter
2616 2651 2780 2694 eon-

625 2731 1045 2802 suetudinem
1069 2734 1436 2822 acciderat,
1455 2760 1577 2829 per
1599 2735 1826 2802 omnia
1843 2758 1959 2802 sua
1981 2731 2283 2828 praesidia
2302 2733 2779 2817 circumduxit,

1748 2930 1840 2971 tur
1866 2936 1896 2970 a
1920 2914 2153 2970 secunda
2167 2935 2359 2980 manu,
2374 2927 2428 2969 et
2448 2916 2507 2967 in
2526 2917 2778 2988 margine.

1748 2997 1855 3050 Alii
1876 2997 2077 3049 habent
2102 2997 2159 3048 id
2160 2997 2385 3062 facinus,
2408 2996 2641 3049 insulse:
2660 3015 2779 3048 nam

623 2933 742 2968 cere
795 2915 1089 2971 studerent.
1138 2917 1224 2970 Sic
1237 2957 1254 2986 ‚
1298 2938 1359 2970 ea:
1393 2921 1659 2988 proeterae'tis

625 2997 845 3048 Caesaris
862 2996 1036 3065 officiis
1050 2997 1235 3070 reliq1ea
1252 3012 1472 3068 sperant,
1493 3016 1659 3070 quum

624 3089 838 3147 sperant
851 3113 868 3142 ,
889 3090 942 3130 et
963 3077 1019 3129 in
1040 3090 1316 3148 posterum
1337 3077 1459 3130 talia
1481 3078 1659 3131 officia

622 3155 752 3226 ipsis
775 3157 1038 3210 Caesarem
1063 3158 1456 3228 prestiturum,
1477 3158 1659 3229 qualia

621 3236 932 3307 praestiterit
956 3238 1222 3308 superiori
1243 3251 1502 3309 tempore.
1532 3238 1659 3290 Hoc

620 3315 895 3386 quomodo
911 3317 1185 3374 nonnullis
1192 3316 1368 3370 videri
1381 3318 1661 3389 potuerint

621 3409 905 3468 corrupta,
929 3417 1043 3450 non
1071 3415 1338 3469 assequor.
1371 3399 1450 3451 M.
1476 3399 1659 3450 Incas-

624 3496 744 3530 sum
777 3496 904 3530 sane
935 3497 991 3530 se
1023 3490 1278 3550 torquent
1307 3479 1364 3530 in
1406 3479 1513 3530 hoc
1538 3479 1658 3530 loco

621 3555 978 3610 emendando.
999 3558 1260 3629 Scaliger,
1284 3559 1470 3630 reliqua
1498 3577 1661 3628 spem·

622 3637 756 3698 mni,
779 3638 949 3692 veluti
965 3639 1174 3691 inutilia
1193 3675 1210 3702 ‚
1233 3638 1387 3692 uncis
1419 3639 1655 3692 inclusit.

621 3718 691 3768 At
715 3730 1071 3789 praeterquam
1099 3717 1249 3790 quod
1277 3717 1436 3774 codd.
1471 3737 1659 3772 onmes

621 3815 682 3850 ea
726 3800 888 3851 verba
917 3799 1208 3864 exhibent,
1233 3801 1352 3854 sine
1383 3799 1448 3852 iis
1477 3801 1657 3853 hiulca

619 3889 674 3928 et
705 3877 972 3950 inelegans
1006 3879 1146 3932 foret
1177 3881 1366 3933 oratio.

703 3977 732 4009 τι
743 3997 754 4008 .
773 3959 1042 4030 Postquam
1057 3959 1114 4010 id
1122 3959 1371 4030 difficilius
1391 3963 1553 4012 ‘visum
1567 3973 1655 4013 est.

619 4037 812 4090 Nullus
835 4038 956 4092 cod.
981 4040 1143 4092 habet
1169 4040 1418 4110 difficilius
1431 4080 1446 4101 ,
1469 4053 1659 4093 nostro

619 4119 682 4170 R.
701 4119 841 4188 5768
860 4132 1100 4192 excepto,
1110 4121 1166 4172 in
1177 4141 1284 4194 quo
1297 4122 1457 4174 etiam
1475 4121 1661 4174 scribi·

1745 3097 1856 3130 non
1884 3077 2015 3130 adeo
2037 3075 2198 3129 rudes
2217 3089 2370 3128 erant
2390 3089 2443 3128 et
2463 3075 2708 3141 barbari,
2722 3089 2782 3129 ut

1746 3155 1941 3210 ducem
1955 3195 1972 3223 ,
1994 3157 2052 3208 in
2081 3159 2233 3226 cujus
2256 3157 2420 3208 verba
2444 3157 2777 3226 juraverant,

1747 3238 2047 3290 interficere
2082 3238 2229 3290 nefas
2250 3255 2363 3289 non
2404 3235 2777 3306 intelligerent.

1746 3317 1856 3370 Alii
1872 3356 1888 3383 ,
1910 3318 2140 3386 fiio-iiim,
2172 3328 2363 3370 contra
2392 3328 2629 3368 mentem
2659 3334 2780 3368 auc-

1745 3398 1911 3450 toris:
1944 3417 2069 3450 nam
2100 3408 2407 3468 repugnant
2432 3396 2723 3466 sequentia.

1831 3479 1885 3531 3.
1916 3478 2132 3530 Proinde
2159 3497 2219 3528 ae
2246 3481 2345 3528 suis
2375 3478 2657 3543 satisfacere
2672 3475 2779 3526 vel·

1747 3558 1863 3610 lent.
1890 3556 2069 3612 codd.
2098 3559 2211 3610 fere
2240 3575 2426 3609 omnes
2454 3555 2653 3610 habent
2667 3575 2782 3626 pen-

1746 3639 1872 3691 inde.
1916 3637 2073 3704 ScaL,
2102 3656 2197 3690 sua
2237 3636 2585 3704 auctoritate,
2619 3648 2673 3687 et
2699 3636 2781 3686 in·

1746 3719 1871 3772 vitis
1896 3717 2079 3784 codd„
2111 3717 2293 3770 omisit
2322 3735 2624 3788 pronomen
2651 3719 2777 3776 sack,

1746 3797 1895 3870 quod
1942 3817 2055 3852 non
2102 3798 2297 3871 probat
2343 3796 2587 3849 Davisius
2605 3833 2621 3860 ‚
2652 3795 2750 3866 qui
2766 3831 2784 3858 ,

1744 3879 1994 3950 pluribus
2026 3878 2283 3949 exemplis
2324 3895 2390 3930 ex
2428 3877 2547 3947 ipso
2577 3876 2783 3928 Caesane

1745 3957 2061 4031 desumptis,
2084 3959 2215 4011 huic
2237 3958 2407 4010 verbo
2430 3955 2671 4009 dativum
2696 3973 2783 4007 ca·

1749 4059 1870 4093 sum
1900 4039 2185 4111 saepissime
2224 4036 2444 4110 adjungi
2484 4035 2781 4090 confirmat.

1831 4121 1963 4174 (ΠΛΡ.
1989 4121 2137 4173 LXI.
2165 4137 2215 4173 1.
2238 4119 2471 4200 [restructi
2501 4115 2779 4168 liberaliter.
