3025 5025
581 480 674 564 42
862 485 937 552 C.
995 485 1281 553 JULII
1351 484 1825 554 CAESARIS
1892 484 2443 554 COMMENT.

578 613 1001 709 colloquendi
1031 643 1168 688 non
1201 619 1403 688 fuerit
1423 670 1442 705 ‚
1477 632 1677 711 atque
1710 616 1797 688 ad
1826 641 1895 686 se
1918 614 1967 640 ¹⁰
1992 616 2419 687 Brundisium
2448 617 2537 686 sit
2562 641 2731 686 ven-

580 734 772 791 turus
798 772 817 807 ,
861 725 1180 794 interesse
1209 724 1591 819 reipublicae
1628 738 1697 793 et
1734 725 2108 794 communis
2146 722 2381 794 salutis
2404 777 2425 810 ‚
2456 747 2527 792 se
2572 749 2734 793 cum

578 829 898 923 Pompeio
923 829 1252 925 colloqui3
1281 855 1496 926 neque
1524 855 1687 900 vero
1716 830 1893 900 idem
1919 829 2207 925 profici¹¹
2241 829 2445 925 longo
2476 831 2737 901 itineris

579 935 827 1029 spatio,
854 961 1062 1031 quum
1093 961 1216 1033 per
1257 937 1421 1008 alios
1457 938 1877 1008 conditiones
1912 936 2247 1025 ferantur,
2286 961 2365 1006 ac
2406 938 2461 1006 si
2498 961 2735 1006 coram

577 1040 662 1110 de
713 1043 1022 1118 omnibus
1062 1044 1557 1116 conditionibus
1596 1044 2079 1140 disceptetur.»

685 1151 1032 1218 XXV.His
1060 1151 1230 1221 datis
1259 1151 1621 1237 mandam,
1648 1151 2075 1220 Brundisium
2090 1175 2247 1220 cum
2268 1149 2643 1244 legionibus
2658 1173 2739 1220 vt

577 1257 882 1350 pervenit
903 1256 921 1280 ¹

947 1311 966 1344 ‚
999 1260 1330 1329 veteranis
1376 1282 1462 1328 111
1483 1311 1504 1345 ‚
1565 1255 1836 1351 reliquis
1860 1311 1879 1344 ‚
1927 1281 2091 1351 quas
2130 1282 2214 1326 ex
2258 1281 2439 1325 novo
2486 1255 2739 1326 dilectu

581 1361 964 1432 confecerat
987 1417 1006 1452 ,
1033 1366 1319 1462 atque-jn
1344 1366 1585 1434 itinere
1604 1363 2086 1459 compleverat:
2112 1365 2531 1433 Domitianas
2554 1365 2739 1431 enim

578 1588 743 1660 judex
783 1609 972 1644 eorum
988 1629 1005 1655 ‚
1035 1610 1170 1662 quos
1209 1593 1440 1646 habebat
1476 1588 1616 1662 legio

583 1670 841 1740 tignarios
860 1709 876 1736 ,
906 1673 1266 1742 carpentarios
1285 1711 1301 1737 ‚
1333 1684 1387 1724 et
1425 1691 1617 1743 praeses

1790 1609 1814 1644 1
1832 1610 1881 1645 1.
1920 1589 2121 1660 Profici.
2152 1592 2317 1643 Recte
2346 1588 2507 1643 codd.
2543 1591 2737 1644 nostri.

1703 1671 1812 1723 Alii
1842 1670 2019 1742 perfici
2040 1691 2060 1724 :
2086 1683 2340 1742 corrupte
2369 1669 2491 1722 cod.
2530 1671 2738 1725 Eliens.

583 1750 838 1819 operibus
855 1751 1107 1803 omnibus
1118 1752 1322 1804 bellicis
1335 1752 1617 1823 perficien-
1693 1749 1961 1821 proficisci,
1994 1769 2097 1822 pro
2120 1747 2313 1821 profici.

583 1827 696 1893 dis,
709 1841 807 1882 etc.
827 1869 842 1894 ,
863 1833 1012 1900 cujus
1035 1830 1183 1901 quod
1198 1831 1359 1884 fuerit
1377 1831 1618 1887 officium

583 1909 698 1978 lege
717 1928 802 1980 ap.
826 1911 1133 1980 Vegetium,
1154 1911 1248 1964 lib.
1273 1929 1322 1964 11
1336 1949 1354 1976 ‚
1373 1931 1489 1982 cap.
1528 1929 1549 1963 1
1566 1929 1615 1964 1.

575 1989 1104 2052 Quaestuosissimum
1121 1991 1280 2044 fuisse
1297 1989 1454 2044 docet
1465 1991 1620 2044 illum

585 2067 951 2136 magistratum
966 2107 983 2134 ,
1015 2068 1162 2140 quod
1192 2070 1377 2124 scribit
1407 2070 1476 2123 de
1499 2071 1619 2122 Ma·

585 2165 771 2200 murra
788 2149 1038 2219 praefecto
1061 2151 1272 2202 fabrum
1293 2151 1394 2203 sub
1414 2151 1620 2204 Caesare

585 2227 645 2280 in
677 2226 850 2281 Gallia
863 2266 881 2294 ,
913 2227 1154 2282 Catullus
1191 2231 1277 2284 his
1317 2230 1589 2282 versiculis
1602 2268 1620 2295 ‚

587 2325 748 2359 carm.
779 2307 931 2373 hux,
969 2327 990 2360 1
1033 2328 1048 2362 :

587 2394 706 2450 Quis
725 2395 816 2440 hoc
833 2405 991 2456 potest
1007 2395 1166 2442 videre
1177 2430 1190 2450 ‚
1206 2397 1310 2457 quis
1324 2406 1481 2458 potest
1497 2398 1620 2458 pati,

587 2470 692 2517 Nisi
711 2471 974 2533 impudicus
987 2507 1000 2528 ,
1021 2483 1069 2519 et
1086 2488 1231 2519 vorax
1243 2507 1256 2529 ,
1276 2483 1323 2521 et
1346 2474 1448 2521 aleo
1461 2507 1474 2528 ,

587 2547 876 2593 Mamurram
907 2548 1080 2594 habere
1093 2582 1106 2603 ,
1125 2549 1255 2610 quod
1273 2559 1453 2595 comata
1471 2549 1624 2595 Gallia

589 2620 806 2667 Habebat
828 2622 958 2668 uncti
977 2625 999 2667 ?
1009 2656 1145 2669 .....

583 2726 756 2777 porro
771 2708 1052 2780 praefectus
1064 2711 1296 2764 Fabrum
1311 2728 1500 2781 magna
1512 2721 1626 2763 erat

591 2787 649 2839 in
680 2789 846 2857 gratia
875 2802 929 2843 et
964 2790 1168 2855 honore
1203 2790 1348 2861 apud
1381 2791 1625 2843 consules

591 2878 654 2929 etx
668 2868 998 2921 exercituum
1019 2868 1180 2923 duces
1197 2908 1213 2935 ,
1234 2870 1432 2941 quippe
1463 2888 1625 2941 quem

593 2964 704 2997 non
735 2948 994 3017 populus,
1020 2948 1114 3001 sed
1144 2947 1252 3002 dux
1273 2950 1387 3020 ipse
1413 2949 1512 3001 sibi
1540 2947 1629 3001 de-

591 3024 804 3097 ligebat.
843 3025 998 3081 Idem
1032 3029 1142 3081 fere
1171 3046 1368 3081 munus
1407 3040 1486 3081 est
1518 3047 1627 3099 quo

593 3105 740 3176 apud
773 3125 872 3159 nos
900 3109 1200 3178 funguntur
1230 3108 1298 3159 les
1323 3106 1533 3177 officiet-s
1550 3129 1631 3161 su-

587 3189 805 3257 pet-leurs
833 3188 902 3239 du
927 3192 1084 3258 ge'nie.
1110 3188 1320 3259 Magius
1347 3207 1476 3241 vero
1503 3208 1629 3241 nos-

596 3278 705 3331 ter,
731 3286 894 3338 quem
913 3268 1016 3320 sibi
1039 3287 1200 3321 avum
1216 3268 1376 3322 fuisse
1392 3268 1629 3322 Velleius

596 3347 906 3401 Paterculus
921 3360 1160 3415 testatur,
1175 3367 1342 3420 quum
1355 3361 1476 3421 post
1490 3367 1632 3401 mor-

599 3440 709 3483 tem
734 3428 980 3500 Pompeii
1005 3430 1174 3481 Bruto
1201 3427 1502 3482 adhaesisset
1517 3467 1534 3493 ‚
1564 3428 1628 3480 il-

594 3510 699 3563 lius
715 3527 930 3580 quoque
945 3509 1222 3581 praefectus
1241 3509 1476 3562 Fabrum
1500 3509 1628 3562 fuit:

599 3610 666 3643 eo
695 3591 866 3655 victo,
899 3591 956 3643 in
987 3584 1196 3644 Italiam
1225 3589 1419 3656 rediit3
1447 3608 1510 3643 ac
1538 3587 1631 3640 de-

597 3671 918 3737 mum,bello
928 3670 1110 3723 Perus.
1124 3670 1226 3723 sibi
1234 3686 1420 3722 necem
1429 3668 1630 3721 intulit.

587 3796 594 3801 .
687 3770 775 3805 ιο.
819 3751 986 3823 Atque
1026 3750 1098 3801 ad
1127 3770 1205 3813 se,
1239 3761 1330 3801 etc.
1361 3748 1633 3813 Quoniam

601 3830 742 3900 ipse,
771 3832 946 3885 Caesar
957 3867 974 3896 ,
1001 3828 1070 3883 ad
1087 3850 1142 3884 se
1159 3826 1180 3892 (
1195 3828 1262 3883 ad
1280 3825 1631 3901 Pompeium)

598 3920 856 3963 venturus
877 3921 982 3975 est,
1010 3928 1130 3981 quae
1150 3909 1358 3982 phrasis
1379 3927 1637 3980 gramma-

600 3988 730 4045 tices
755 3989 961 4061 legibus
989 4001 1268 4061 repugnat.
1295 3990 1439 4060 Lege
1469 3990 1635 4061 igitur

601 4087 724 4121 cum
755 4070 1000 4124 Ciaccon.
1027 4074 1252 4143 quoniam
1265 4108 1280 4131 ‚
1309 4081 1460 4123 eta...
1491 4080 1635 4141 aeque

599 4148 698 4218 ipse
726 4150 1038 4205 Brundisium
1071 4162 1288 4204 venturus
1319 4152 1398 4201 sit.

1787 1831 1917 1883 Cu».
1934 1831 2111 1883 XXV.
2122 1848 2171 1882 1.
2182 1829 2739 1900 Brundtkiumpervenit.

1706 1907 1835 1962 Vid.
1860 1911 1965 1963 litt.
1998 1910 2219 1963 Caesaris
2244 1908 2313 1962 ad
2314 1909 2488 2000 opp.
2518 1910 2579 1962 in
2610 1927 2739 1981 epp.

1703 1988 1774 2042 ad
1794 1990 2077 2054 Att.1.1x‚
2104 2009 2125 2042 1
2140 1990 2193 2054 3,
2208 2009 2327 2042 cum
2314 1978 2601 2058 legionibus
2624 2010 2738 2051 sex,

1696 2072 1945 2121 veteranis
1992 2069 2161 2122 tribus.
2206 2067 2451 2122 Emendo
2493 2073 2743 2122 veteranis

1708 2149 1857 2201 wihus
1870 2187 1886 2211 ,
1917 2147 2240 2220 quomodo
2224 2168 2283 2202 in
2320 2147 2609 2203 Petaviano
2640 2168 2743 2220 op·

1705 2230 1847 2282 timae
1889 2242 2031 2282 notae
2072 2227 2257 2282 codice
2294 2241 2349 2282 et
2377 2228 2741 2300 Bongarsinno

1706 2309 1901 2379 legitur
1916 2303 2001 2370 (et
2014 2309 2073 2363 in
2084 2321 2270 2362 nostro
2284 2309 2350 2360 R.
2372 2308 2525 2378 5764
2538 2305 2560 2372 )
2568 2329 2590 2370 ;
2604 2308 2745 2381 ipsa-

1708 2407 1813 2459 que
1854 2387 1912 2441 id
1946 2389 2083 2440 ratio
2127 2388 2341 2441 evincit.
2374 2389 2515 2440 Nam
2544 2389 2745 2442 Caesari

1710 2480 1815 2522 tres
1828 2505 1846 2534 ‚
1872 2481 1934 2522 ut
1956 2487 2114 2541 supra
2140 2468 2255 2541 ipse
2281 2466 2515 2522 ostendit
2528 2505 2553 2533 ,-
2572 2467 2745 2539 legio·

1708 2567 1804 2601 nes
1850 2561 2032 2614 erant,
2062 2550 2322 2602 nimirum
2362 2567 2503 2614 1111,
2532 2567 2649 2613 ιιι,
2691 2561 2746 2600 et

1710 2647 1817 2682 πη
1834 2647 1848 2681 :
1866 2628 1951 2680 hm
1980 2642 2104 2682 sunt
2132 2642 2397 2681 veteranae
2421 2648 2553 2699 quas
2584 2628 2747 2681 intel-

1709 2708 1844 2780 ligit.
1864 2708 2129 2779 Reliquas,
2152 2727 2281 2779 quas
2302 2708 2378 2760 ait
2394 2727 2459 2761 ex
2484 2709 2641 2763 novis
2656 2706 2751 2761 de-

1710 2789 1935 2841 lectibus
1948 2790 2237 2854 confectaS,
2255 2800 2309 2842 et
2324 2788 2383 2842 in
2394 2788 2587 2841 itinere
2603 2806 2752 2840 com·

1711 2870 1879 2940 pletas
1893 2905 1910 2932 ,
1940 2881 2067 2921 sunt
2094 2869 2333 2939 primum
2360 2868 2606 2921 cohortes
2628 2886 2750 2921 xxn

1712 2969 1777 3002 ex
1807 2948 1980 3001 Gallia
2008 2949 2177 3001 missae
2210 2966 2223 3000 :
2257 2960 2510 3019 praeterea
2540 2960 2751 3019 septem

1713 3048 1833 3101 quae
1866 3030 1967 3081 sub
1991 3028 2139 3081 Attio
2158 3028 2379 3099 Peligno
2408 3028 2652 3091 fuerant,
2680 3025 2751 3080 de

1711 3109 1909 3179 quibus
1940 3108 2053 3179 ipse
2083 3108 2157 3160 ait
2179 3125 2211 3160 ε·
2224 3106 2397 3159 Coesas·
2424 3127 2505 3159 eas
2532 3108 2752 3159 cohortes

1714 3208 1823 3239 cum
1856 3193 2067 3241 exercitu
2090 3206 2177 3239 suo
2204 3190 2469 3257 conjunxit.
2502 3187 2754 3258 Denique

1716 3281 1823 3320 tres
1842 3268 2089 3321 cohortes
2106 3287 2135 3320 a
2152 3268 2355 3319 Rutilio
2372 3268 2533 3337 Lupo
2548 3264 2617 3319 ad
2638 3267 2753 3319 Cu-

1706 3348 1861 3401 -rium
1886 3348 2033 3418 signa
2060 3347 2387 3421 transtulisse
2410 3347 2514 3399 ait:
2535 3346 2627 3399 hic
2654 3364 2755 3399 nu-

1716 3447 1895 3481 merus
1925 3427 2092 3481 efficit
2118 3445 2271 3479 xxxu
2306 3427 2583 3490 cohortes,
2612 3427 2671 3479 h.
2702 3444 2752 3480 e.

1716 3509 1877 3579 paulo
1906 3508 2028 3578 plus
2050 3525 2229 3579 -quam
2256 3506 2489 3582 legiones
2516 3518 2661 3572 tres3
2690 3520 2757 3559 ut

1704 3586 1787 3641 -de
1802 3588 2046 3641 lectionis
2068 3588 2225 3657 hujus
2240 3586 2460 3638 veritate
2478 3586 2755 3657 ambigen-

1708 3666 1850 3721 dum
1880 3667 2021 3719 ultra
2050 3685 2161 3719 non
2200 3666 2286 3719 sit.
2318 3666 2370 3718 N
2372 3684 2457 3717 am
2486 3666 2756 3719 Domitia-

1718 3766 1813 3801 nas
1838 3747 2111 3812 cohortes,
2140 3764 2261 3817 quae
2294 3764 2399 3797 xxx
2437 3756 2493 3797 et
2522 3745 2757 3816 amplius

1720 3840 1898 3889 erant,
1932 3845 2043 3879 non
2070 3826 2248 3897 junxit
2286 3826 2463 3879 Cesar
2494 3825 2757 3878 exercitui

1720 3926 1845 3973 suo;
1873 3905 1995 3971 sed,
2022 3918 2085 3959 ut
2113 3906 2225 3976 ipse
2250 3918 2503 3969 testatur,
2528 3904 2589 3957 in
2616 3904 2755 3957 Sici-

1718 3988 1847 4040 liam
1886 3987 2047 4039 misit.
2076 3988 2321 4037 Vossms.
2357 3984 2605 4037 Ciaccon.
2626 3997 2755 4037 ante

1720 4066 2113 4121 emendaverat.
2126 4064 2324 4117 Noster
2342 4082 2560 4136 quoque
2576 4062 2751 4117 codex

1728 4149 1877 4217 5768
1892 4184 1911 4212 ,
1942 4144 2202 4202 veteranis
2223 4161 2309 4198 111.
