3025 5025
636 503 787 573 226
916 505 992 572 C.
1046 503 1333 570 JULII
1392 500 1865 569 CAESARIS
1921 501 2476 570 COMMENT.

630 663 839 732 quum
858 636 999 732 jam
1018 635 1259 704 nostris
1280 635 1656 702 remissiore
1673 621 1876 700 vento
1902 636 2577 728 appropinquassent,
2611 634 2789 704 idem

631 759 855 813 auster
888 741 1252 831 increbuit,
1284 741 1660 834 nostrisque
1696 739 2004 834 praesidio
2044 739 2194 808 fuit.
2219 743 2454 835 Neque
2484 765 2650 836 vero
2677 741 2794 810 ille

630 851 718 918 ob
761 875 907 918 eam
948 873 1219 918 causam
1256 862 1503 917 conatu
1541 845 1929 934 desistebat,
1961 846 2078 916 sed
2106 846 2332 916 labore
2371 861 2442 915 et
2475 872 2787 942 perseve-

630 958 845 1026 rantia
887 969 1243 1024 nautarum
1287 979 1355 1024 se
1398 955 1539 1021 vim
1589 954 2000 1048 tempestatis
2047 977 2360 1047 superare
2397 979 2597 1048 posse
2633 980 2796 1049 spe-

630 1064 851 1151 rabat,
869 1076 1471 1158 praetervectosque
1493 1059 1996 1153 Dyrrhachium
2017 1083 2260 1154 magna
2285 1062 2354 1128 vi
2371 1063 2555 1129 venti
2579 1060 2794 1130 nihilo

630 1171 841 1238 secius
904 1169 1323 1262 sequebatur.
1363 1168 1622 1254 Nostri,
1666 1167 1768 1234 usi
1812 1165 2098 1234 fortunae
2140 1166 2465 1236 beneficio
2498 1219 2519 1253 ,
2563 1181 2792 1235 tamen

627 1279 953 1370 impetum
972 1274 1197 1345 classis
1224 1273 1591 1361 timebant,
1620 1273 1673 1340 si
1703 1271 1876 1340 forte
1918 1287 2157 1341 ventus
2185 1273 2562 1342 remisisset.
2587 1275 2790 1343 Nacti

627 1397 930 1477 portum,
967 1383 1082 1477 qui
1116 1379 1491 1476 appellatur
1532 1327 2015 1473 Nymphaeum,
2057 1378 2236 1447 ultra
2273 1381 2538 1448 Lissum
2581 1379 2791 1448 millia

626 1513 943 1583 passuum
997 1490 1163 1576 tria,
1217 1509 1297 1555 eo
1354 1510 1559 1554 naves
1625 1483 2140 1554 introduxerunt
2199 1477 2357 1580 (qui
2406 1501 2646 1582 portus
2709 1487 2792 1555 ab

625 1595 835 1664 africo
878 1580 1301 1690 tegebatur⁴,
1338 1594 1423 1661 ab
1471 1605 1697 1660 austro
1751 1615 1892 1659 non
1933 1607 2077 1660 erat
2131 1586 2398 1682 tutus),
2447 1592 2790 1688 leviusque

626 1703 1066 1796 tempestatis,
1109 1725 1313 1795 quam
1348 1699 1610 1786 classiS,
1655 1697 2029 1793 periculum
2071 1701 2588 1768 aestimaverunt.
2634 1701 2792 1788 Quo

626 1806 821 1876 simul
862 1821 1062 1902 atque
1098 1809 1277 1876 intus
1304 1791 1326 1830 ⁵
1364 1820 1467 1876 est
1504 1807 1716 1893 itum,
1760 1803 2130 1873 incredibili
2171 1803 2486 1874 felicitate
2519 1819 2788 1896 auster,

628 1915 743 2008 qui
778 1939 901 2008 per
936 1913 1215 1983 biduum
1260 1911 1574 2000 flaverat,
1611 1913 1682 1979 in
1724 1910 2009 1980 africum
2052 1936 2122 1980 se
2164 1913 2387 1980 vertit.

728 2021 1021 2089 XXVII.
1076 2020 1204 2088 Hic
1247 2018 1534 2088 suhitam
1588 2019 2180 2088 commutationem
2237 2019 2522 2088 fortunae
2557 2020 2788 2088 videre

622 2123 825 2193 licuit.
872 2125 1011 2214 Qui
1038 2125 1241 2194 modo
1278 2124 1402 2193 sibi
1430 2126 1821 2212 timuerant,
1853 2125 1977 2193 hos
2006 2127 2374 2194 tutissimus
2404 2139 2646 2220 portus
2674 2153 2783 2196 re-

621 2231 912 2326 cipiebat
954 2257 969 2300 :
1013 2233 1128 2325 qui
1178 2231 1421 2302 nostris
1482 2231 1766 2299 navibus
1814 2230 2187 2325 periculum
2241 2229 2646 2320 intulerant,
2705 2233 2784 2301 de

622 2363 745 2406 suo
804 2339 1041 2412 timere
1119 2337 1552 2433 cogebantur.
1621 2339 1856 2432 Itaque
1877 2391 1896 2424 ,
1953 2352 2257 2433 tempore
2325 2353 2744 2409 commutato
2764 2393 2783 2426 ‚

622 2458 979 2539 tempestas
1023 2458 1092 2513 et
1128 2458 1392 2514 nostros
1432 2446 1628 2528 texit,
1676 2459 1742 2513 et
1777 2467 1982 2541 naves
2021 2444 2317 2515 Rhodias
2353 2445 2622 2534 afflixit,
2663 2449 2780 2531 ita,

620 2565 697 2620 ut
727 2551 811 2619 ad
842 2576 1048 2620 unam
1080 2577 1313 2621 omnes
1347 2564 1700 2620 constratae
1721 2605 1741 2641 ,
1775 2576 2058 2621 numero
2090 2554 2260 2623 XVI
2286 2606 2306 2640 ,
2341 2551 2782 2641 eliderentur,

622 2672 688 2727 et
723 2658 1073 2751 naufragio
1103 2658 1483 2745 interirent,
1525 2672 1594 2726 et
1628 2682 1709 2727 ex
1747 2682 1992 2752 magno
2026 2660 2358 2753 remigum
2402 2684 2782 2756 propugna-

621 2778 976 2857 torumque
1024 2788 1304 2832 numero
1348 2788 1505 2858 pars
1553 2763 1637 2831 ad
1675 2763 1983 2859 scopulos
2031 2764 2214 2834 allisa
2256 2766 2780 2853 interficeretur,

621 2894 779 2963 pars
830 2869 914 2938 ab
966 2870 1209 2938 nostris
1257 2868 1806 2939 detraheretur¹z
1853 2896 2020 2965 quos
2068 2896 2299 2941 omnes
2347 2888 2777 2943 conservatos

625 2976 851 3045 Caesar
892 2974 1168 3044 domum
1210 2978 1481 3045 remisit.

622 3156 730 3208 Dio
764 3156 908 3209 Cass.
949 3156 1065 3209 haec
1092 3157 1290 3210 Liboni
1329 3158 1538 3211 tribuit.
1570 3188 1652 3201 —-
1741 3160 1988 3212 Lucanus
2015 3179 2046 3213 a
2073 3173 2260 3214 nostro
2298 3181 2408 3215 non
2453 3164 2570 3217 abit
2597 3163 2772 3217 diver·

625 3235 838 3289 Nostris.
858 3237 940 3288 Ita
970 3234 1139 3289 oodex
1166 3249 1347 3290 noster
1378 3239 1445 3291 R.
1476 3238 1652 3309 5768,
1741 3257 1828 3291 sus
1853 3256 1867 3291 ε
1895 3257 2021 3291 nam
2065 3241 2220 3293 undas
2268 3243 2574 3315 aquilonibus
2619 3246 2770 3296 nudas

626 3328 680 3368 et
709 3316 902 3387 optimi
932 3314 1394 3388 Oudendorpiani.
1429 3318 1513 3370 Al.
1549 3336 1656 3370 nos·
1740 3316 1878 3371 dixit
1898 3336 2011 3385 eas,
2035 3320 2094 3371 in
2123 3340 2253 3392 quas
2269 3358 2286 3388 ,
2303 3322 2468 3376 flante
2495 3325 2770 3395 aquilone,

628 3398 707 3449 tri.
730 3395 911 3449 Minus
936 3397 1091 3448 bene.
1739 3416 1852 3450 non
1879 3398 2082 3452 intrant
2099 3404 2769 3475 naves32tAuste1-ponum

708 3482 763 3538 4.
792 3476 895 3545 Qui
908 3487 1079 3546 portus
1100 3475 1162 3526 ab
1186 3475 1367 3543 Asi-ico
1388 3476 1653 3545 tegebatur.
1729 3480 1868 3544 facit
1877 3478 2224 3550 Nymphaeum,
2242 3483 2397 3553 quia,
2419 3496 2555 3537 tunc
2571 3496 2770 3555 tempo-

624 3556 707 3607 De
731 3555 832 3607 hac
860 3574 921 3607 re
951 3556 1228 3619 Lucanus,
1262 3556 1299 3607 l.
1331 3574 1387 3620 V,
1417 3573 1470 3608 v.
1501 3572 1653 3625 719:
1740 3558 1815 3609 ris
1839 3596 1856 3619 ,
1899 3558 2038 3611 liber
2087 3560 2240 3614 classi
2275 3561 2438 3615 datur
2483 3563 2765 3635 ingressus.

625 3650 873 3690 Prata-eunt
893 3650 1035 3690 rra-tr·
1054 3654 1193 3689 tentati
1210 3648 1343 3689 littore
1362 3650 1487 3698 ῑιίιιί,
1740 3636 1884 3689 Hinc
1905 3638 2075 3709 liquet
2101 3658 2321 3712 Operam
2340 3642 2530 3697 lusisse
2551 3645 2622 3696 D.
2637 3646 2768 3696 vos·

624 3720 961 3777 Nymphaeumque
1002 3730 1139 3761 tenent
1164 3736 1177 3768 ς
1224 3722 1353 3759 und-⁸
1394 3720 1650 3773 aquilonam
1739 3717 1907 3782 sium,
1927 3719 2015 3771 cui
2030 3719 2232 3789 placuit
2251 3739 2269 3775 2
2289 3734 2444 3774 mom
2466 3724 2765 3795 aquilonibus

734 3792 862 3831 undu
1741 3797 1913 3849 undas

628 3859 707 3899 ⁸¹¹⁰
708 3860 829 3899 θεὼ
830 3858 945 3899 ⁸⁰¹⁸
900 3860 1187 3913 ‹u-eaejnmpm·
1140 3869 1231 3899 ΜΨ
1232 3859 1479 3899 mreaoem
1480 3870 1592 3901 ω’*
1825 3877 1878 3929 5.
1905 3878 2044 3930 Imus
2069 3892 2143 3931 est
2162 3885 2294 3935 itum.
2321 3881 2632 3935 Dicendum
2653 3892 2763 3935 erat

624 3947 785 4001 Unde
800 3960 955 4021 putat
964 3950 1049 4001 vir
1062 3966 1300 4003 summus
1314 3950 1387 4001 Η.
1404 3950 1652 4017 Grotius,
1738 3958 1884 4009 intro.
1905 3960 2151 4013 Attamen
2176 3961 2349 4013 Plaut.
2377 3962 2500 4017 Cas.
2523 3982 2592 4029 v,
2611 3984 2639 4015 2
2659 4002 2678 4031 ,
2695 3980 2760 4031 7,

624 4040 751 4096 aut,
789 4044 923 4099 quos
961 4047 1061 4080 nos
1099 4029 1397 4096 habemus,
1417 4031 1654 4085 caesaris
1737 4034 1900 4091 habet
1929 4042 2056 4090 inem
2069 4039 2264 4094 deduxi.
2283 4041 2471 4095 Celsus
2485 4049 2698 4111 ,v11‚4,
2717 4046 2762 4093 si

621 4108 1029 4160 commentarios
1054 4128 1167 4161 non
1194 4109 1381 4179 legisse
1399 4124 1640 4181 poetam,
1730 4127 1862 4167 reeta
1893 4121 2024 4171 intus
2049 4120 2262 4173 tendunt.

620 4200 833 4241 autnon
848 4186 1181 4241 intellexisse.
1197 4186 1321 4259 Sed,
1336 4201 1398 4242 ut
1408 4187 1641 4263 videtur,
1812 4196 1940 4251 Cu*
2003 4198 2241 4254 XXVII
2285 4219 2336 4253 ι,
2391 4201 2758 4254 Detraheretur.

1322 4323 1335 4363 Ι
