3025 5025
619 453 764 570 mi:
817 503 1152 573 BELLo
1207 503 1587 575 c1v1L1.
1648 508 1845 576 Lis.
1902 510 1957 576 1.
2274 504 2371 602 59

251 633 560 702 instructis
600 632 692 703 ad
734 634 1023 731 reliquas
1065 637 1418 708 armandas
1469 637 1993 734 reficiendasque
2035 653 2321 710 utuntur
2360 668 2374 708 :

249 737 541 808 frumenti
581 741 766 835 quod
812 744 1156 813 inventum
1215 761 1316 815 est
1341 799 1362 834 ,
1417 747 1487 814 in
1535 745 1878 841 publicum
1944 745 2303 817 conferunt
2358 774 2373 814 ε

249 844 510 940 reliquas
553 873 814 918 merces
861 866 1405 948 commeatusque
1454 852 1541 921 ad
1594 851 2007 924 obsidionem
2061 855 2247 923 urbis
2268 907 2287 940 ,
2326 855 2380 922 si

245 953 513 1041 accidat,
542 972 905 1025 reservant.
937 958 1202 1047 Quibus
1229 960 1483 1052 injuriis
1509 975 1853 1056 permotus
1882 962 2141 1043 Caesar,
2174 959 2379 1056 legio-

245 1083 345 1129 nes
385 1073 520 1130 tres
565 1062 929 1132 Massiliam
987 1063 1302 1152 adducit;
1353 1081 1572 1136 turres
1612 1069 1972 1161 vineasque
2029 1066 2113 1134 ad
2156 1090 2380 1161 oppu-

246 1167 612 1259 gnationem
639 1170 826 1239 urbis
851 1195 1048 1266 agere
1069 1227 1089 1261 ,
1116 1197 1321 1244 naves
1354 1172 1587 1269 longas
1620 1173 1887 1244 Arelate
1922 1197 2206 1242 numero
2240 1175 2381 1242 XII

243 1272 444 1344 facere
471 1276 777 1345 instituit.
806 1278 1071 1367 Quibus
1099 1279 1372 1350 effectis·
1389 1283 1789 1376 armatisque
1818 1279 2051 1348 diebus
2076 1280 2383 1374 triginta,

245 1403 280 1447 a
313 1377 439 1476 qua
487 1381 598 1451 die
637 1387 920 1453 materia
975 1383 1143 1456 caesa
1187 1401 1290 1456 est
1307 1441 1326 1474 ,
1369 1386 1806 1482 adductisque
1850 1384 2248 1473 Massiliam,
2280 1385 2385 1462 his

244 1487 317 1554 D.
351 1487 676 1559 Brutum²
714 1490 992 1584 praeficit
1028 1518 1043 1560 τ
1092 1496 1168 1563 C.
1218 1479 1664 1564 Trebonium³
1709 1493 2001 1588 legatum
2038 1491 2123 1560 ad
2161 1515 2384 1587 oppu-

243 1595 614 1687 gnationem
651 1596 960 1668 Massiliae
992 1597 1324 1693 relinquit.

1235 1717 1270 1766 Q

242 1799 422 1852 mentis
461 1813 642 1854 essent
656 1838 673 1867 ,
707 1820 832 1858 usos
873 1821 985 1858 esse
1026 1801 1094 1858 ad
1141 1804 1268 1858 refl-

244 1877 443 1932 ciendas
488 1880 622 1934 alias
665 1900 826 1936 naves
842 1919 860 1948 ,
901 1885 1016 1937 scil.
1066 1884 1267 1956 longas.

245 1957 392 2022 Quod
410 1959 457 2012 si
475 1960 702 2014 lectioni
722 1982 885 2014 earum
904 1964 1052 2018 clavis
1068 1977 1157 2015 aut
1171 1984 1272 2014 ma·

250 2042 354 2089 teria
367 2079 381 2100 ,
417 2051 509 2092 etc.
545 2039 784 2095 arriseris
797 2081 814 2108 ,
843 2043 916 2095 ita
938 2043 1146 2114 phrasis
1185 2063 1273 2097 ex-

249 2118 547 2187 plicabitur:
563 2119 917 2176 Massilienses
932 2142 1092 2177 naves
1103 2161 1122 2189 ,
1141 2143 1272 2195 quas

249 2195 735 2270 deprehenderant,
759 2202 817 2254 in
852 2215 1073 2273 portum
1114 2221 1272 2256 suum

248 2275 606 2344 deduxerunt,
638 2294 693 2334 et
721 2299 905 2334 earum
948 2281 1138 2348 clavis,
1179 2294 1272 2336 aut

249 2361 455 2412 materia
482 2372 646 2430 atque
667 2365 970 2413 armamentis
1000 2365 1273 2428 instructis,

251 2431 585 2498 (armamenta
620 2443 874 2503 instructa,
907 2453 1033 2494 sunt
1063 2460 1124 2495 ea
1153 2461 1272 2515 qum

249 2520 463 2571 navibus
518 2520 862 2575 instruuntur
877 2560 894 2587 ,
936 2522 1111 2593 qualia
1161 2536 1274 2576 tor·

247 2611 445 2665 menta,
484 2601 823 2671 scorpiones,
859 2614 958 2655 etc.
986 2598 1009 2666 )
1047 2613 1276 2655 utuntur

248 2677 306 2731 ad
331 2681 566 2751 reliquas
591 2698 753 2735 naves
771 2680 1101 2736 reficiendas.
1124 2684 1274 2757 Dura

251 2770 416 2812 autem
441 2762 504 2812 in
533 2760 641 2813 hoc
677 2781 835 2814 sensu
867 2761 1070 2815 locutio
1111 2782 1274 2814 arma·-

250 2852 398 2890 menta
433 2845 686 2895 instructa.
728 2842 1070 2915 Quapropter
1097 2844 1279 2911 lectiq-

245 2919 302 2970 ni
329 2917 490 2972 codd.
525 2920 885 2976 adhaereamus
898 2961 917 2989 ,
949 2942 1068 2995 quas
1109 2923 1276 2977 facilis

251 3016 391 3071 aeque
434 3000 745 3068 intellectu,
776 3003 973 3058 rationi
1013 3020 1276 3075 gramma·

252 3078 361 3131 ticae
383 3081 552 3151 magis
571 3083 823 3135 convenit
843 3102 857 3136 ε
875 3100 1000 3135 nam
1025 3084 1082 3135 in
1097 3083 1276 3155 primo

251 3176 400 3212 sensu
412 3161 686 3232 eleganter
699 3159 809 3215 dici
819 3174 996 3233 potest
1013 3179 1028 3215 ε
1048 3175 1278 3216 utuntur

253 3241 471 3293 navibus
520 3261 714 3314 parum
766 3242 1035 3295 instmevis
1085 3242 1246 3296 clavis
1260 3281 1278 3310 ,

255 3322 466 3373 materia
485 3359 503 3386 ,
541 3319 600 3373 id
647 3333 764 3386 est,
805 3322 1029 3375 navibus
1085 3322 1278 3394 quibus

257 3399 380 3453 clavi
405 3399 606 3454 desunt
621 3442 636 3466 ‚
659 3414 712 3454 et
733 3402 951 3454 materia
979 3422 1171 3474 parum
1197 3422 1280 3456 so·

255 3477 356 3532 lida
379 3492 463 3533 est
497 3479 565 3533 ad
596 3480 908 3535 reficiendas
929 3482 1162 3555 reliquas
1188 3502 1283 3535 na-

254 3576 355 3612 ves.
391 3562 458 3612 In
491 3579 557 3613 eo
586 3580 743 3615 sensu
779 3580 886 3616 vox
924 3566 1165 3615 instructis
1192 3582 1279 3616 re·

257 3638 421 3692 fertur
449 3639 518 3693 ad
551 3640 767 3695 adverb.
787 3662 996 3713 [πωπω
1025 3643 1082 3696 in
1113 3645 1280 3697 altero

255 3732 428 3773 autem
473 3720 543 3773 ad
587 3726 892 3776 armamentis
933 3722 1080 3795 quod
1119 3724 1281 3796 paulo

255 3799 439 3854 durius
465 3800 704 3857 videtur.

1357 1803 1521 1876 Asper
1564 1804 1615 1858 ei
1652 1802 1885 1858 inditum
1912 1843 1929 1871 ,
1968 1801 2117 1876 quod
2166 1802 2387 1856 infestus

1357 1897 1493 1938 esset
1519 1885 1762 1958 patribus
1790 1885 1997 1957 primus
2026 1903 2093 1938 ex
2130 1902 2191 1936 ea
2231 1895 2387 1954 gente

1355 1977 1546 2030 notus,
1573 1967 1635 2018 L.
1665 1965 2000 2029 Trebonius,
2026 1965 2120 2035 qui
2153 1962 2391 2016 tribuna-

1356 2057 1473 2096 tum
1490 2045 1663 2116 plebis
1685 2045 1843 2118 gessit
1858 2063 1944 2097 an.
1965 2045 2112 2109 350;
2137 2041 2282 2095 unde
2302 2043 2389 2095 lex·

1355 2123 1628 2190 Trebonia
1648 2123 1717 2176 de
1730 2124 1977 2176 comitiiS.
1995 2123 2056 2176 C.
2076 2135 2252 2176 autem
2260 2121 2393 2174 Tre-

1357 2203 1553 2256 bonius
1599 2206 1797 2275 Asper,
1828 2204 1890 2257 C.
1934 2204 2108 2269 filius,
2137 2203 2232 2274 qui
2276 2219 2389 2254 me-

1359 2296 1604 2336 moratur
1621 2284 1677 2336 h.
1707 2283 1743 2336 l.
1758 2320 1775 2349 ,
1809 2285 2071 2354 originem
2108 2281 2257 2335 ducit
2277 2299 2306 2332 a
2323 2281 2387 2340 L.

1355 2363 1633 2416 Trebonio
1668 2382 1830 2434 supra
1858 2361 2024 2417 dicto.
2053 2363 2390 2428 Quaesturam

1357 2443 1619 2496 urbanam
1657 2442 1814 2515 gessit
1842 2461 1929 2495 an.
1964 2443 2075 2513 693
2100 2480 2117 2508 ,
2150 2441 2390 2493 tribuna-

1359 2535 1476 2576 tum
1492 2523 1663 2595 plebis
1688 2542 1772 2575 an.
1802 2526 1937 2593 698,
1958 2542 2067 2593 quo
2084 2524 2254 2593 Iegem
2269 2520 2390 2572 tulit

1359 2600 1430 2657 de
1459 2602 1841 2655 consularibus.
1874 2602 2001 2653 Post
2026 2601 2359 2653 tribunatum
2374 2637 2391 2664 ,

1360 2681 1556 2739 Caesari
1585 2682 1688 2734 fuit
1715 2682 1916 2753 legatus
1946 2681 2002 2732 in
2032 2680 2175 2733 bello
2203 2678 2393 2751 gallico

1360 2756 1385 2826 (
1405 2761 1515 2815 vid.
1547 2762 1717 2815 Catal.
1742 2762 1907 2814 viror.
1934 2759 2165 2826 illust.);
2193 2758 2391 2812 deinde

1359 2855 1648 2915 praeturam
1697 2841 1954 2895 urbanam
2004 2840 2268 2905 exercuit,
2306 2858 2389 2891 an.

1366 2922 1513 2993 7053
1553 2942 1617 2975 ex
1662 2933 1892 2994 praetura
1931 2921 2167 2985 urbana,
2198 2920 2392 2991 Hispa-

1360 3003 1506 3055 niam
1550 3003 1861 3055 ulteriorem
1906 3002 2097 3054 hahuit
2143 3002 2357 3053 Procos.
2374 3038 2391 3065 ‚

1360 3094 1424 3135 ut
1450 3083 1617 3135 refert
1646 3082 1854 3135 Hirtius
1890 3080 1958 3134 de
1987 3082 2136 3134 Bello
2159 3080 2308 3133 Alex.
2342 3097 2389 3131 c.

1365 3166 1438 3225 64
1457 3202 1473 3228 ,
1499 3175 1553 3215 et
1570 3163 1711 3216 inter
1740 3161 1975 3215 eundum
1992 3161 2279 3215 Massiliam
2300 3178 2394 3231 op·

1361 3243 1637 3316 pugnavit.
1672 3243 1872 3296 Consul
1914 3255 2098 3315 postea
2139 3242 2395 3295 suffectus

1363 3336 1442 3376 est
1467 3342 1551 3375 an.
1582 3324 1694 3393 708
1714 3361 1729 3388 ,
1754 3340 1923 3395 quum
1950 3323 2125 3375 Caesar
2150 3333 2284 3375 esset
2305 3329 2394 3371 so'-

1362 3403 1447 3456 lus
1466 3404 1588 3456 Cos.
1612 3416 1665 3456 et
1680 3403 1793 3456 sine
1813 3404 2029 3475 collega.
2044 3404 2275 3454 Demum
2299 3398 2394 3451 ad-

1363 3502 1549 3536 versus
1563 3483 1824 3537 Caesarem
1833 3482 2154 3553 conjuravit,
2162 3480 2255 3552 qui
2270 3498 2395 3531 eum

1363 3564 1742 3639 proconsulem
1760 3564 1896 3616 Asia
1919 3561 2311 3633 designaverat,
2336 3559 2395 3613 in

1367 3661 1529 3714 quam
1550 3642 1884 3716 provinciam
1909 3642 2041 3695 abiit
2064 3659 2148 3692 an.
2177 3657 2290 3709 709
2304 3677 2321 3705 ,
2342 3652 2398 3691 et

1368 3723 1471 3776 fuit
1491 3742 1631 3777 unus
1652 3724 1792 3776 inter
1814 3721 2029 3795 patroni
2052 3719 2133 3789 sui
2154 3719 2399 3772 interfec-

1368 3814 1529 3856 tores.
1558 3804 1688 3875 Ejus
1711 3820 1963 3858 nummus
1984 3801 2058 3852 ita
2078 3798 2399 3853 describitur

338 3902 388 3935 2.
437 3882 510 3934 D.
559 3882 784 3935 Brutum,
829 3883 910 3933 De
955 3882 1284 3935 nobilissima
1371 3901 1454 3953 ap.
1489 3883 1721 3936 Vaillant
1748 3894 1785 3934 t.
1824 3892 1903 3946 11',
1933 3900 1987 3953 p.
2032 3880 2395 3945 4842Asrnn.

255 3960 542 4015 saniorum
555 3974 713 4033 gente
727 3961 852 4015 alias
870 3960 1200 4017 disseremus..
1211 3964 1258 4015 L
1267 4003 1283 4017 .

256 4056 302 4092 11
316 4079 333 4107 ,
359 4060 408 4095 c.
441 4041 492 4095 5.

1371 3962 1584 4034 Jupiter
1612 3972 1829 4032 pectore
1856 3974 2010 4015 tenus
2025 4000 2043 4025 ,
2064 3980 2209 4033 pone
2236 3975 2397 4032 quem

1371 4054 1672 4114 sceptrum:
1692 4060 1757 4093 ex
1779 4042 1944 4095 altero
1964 4043 2128 4095 latere
2158 4040 2221 4095 C.
2248 4041 2397 4092 Tan-

339 4122 390 4174 3.
409 4120 469 4176 C.
495 4122 800 4177 Trebonium.
820 4122 966 4176 Gens
991 4121 1286 4189 Trebonia,
1374 4140 1527 4175 nom.
1546 4122 1608 4175 C.
1629 4122 1709 4188 F.;
1730 4122 1846 4176 ovis
1865 4137 1985 4177 ante
2003 4142 2149 4179 aram
2166 4118 2234 4175 ad
2248 4123 2397 4191 cujus

254 4200 459 4275 plebeia
472 4241 491 4270 ,
509 4201 615 4257 'sed
644 4202 952 4258 consularis.
979 4204 1289 4275 Cognomen
1378 4204 1549 4257 imum
1572 4202 1829 4259 cultellus.
