3025 5025
686 476 830 546 DE
884 476 1231 545 BELLO
1285 478 1662 547 CIVILI.
1719 480 1909 549 LIB.
1966 482 2019 549 Ι.

2318 506 2367 557 «.ι
2380 480 2429 555 3

295 634 444 678 num
463 606 494 647 ³
518 623 864 703 permotus
877 662 898 697 ,
925 632 1089 703 quas
1105 608 1202 677 ab
1229 611 1466 679 itinere
1489 610 1662 680 Asiae
1690 609 1738 635 ¹⁰
1773 615 2105 708 Syriaeque
2126 613 2211 681 ad
2243 640 2431 686 suam

292 718 640 809 potentiam
676 716 1228 809 dominatumque
1269 732 1729 807 converterat,
1744 744 1908 787 -rem
1954 719 2039 788 ad
2080 746 2267 791 arma
2304 723 2428 793 de-

292 822 432 892 duci
465 821 792 891 studebat.

384 931 463 997 V.
496 930 618 997 His
645 927 968 997 decausis
994 944 1286 1023 aguntur
1307 932 1535 1003 omnia
1570 932 1813 1026 raptim
1844 929 1862 955 ¹
1892 946 2093 1026 atque
2112 930 2427 1027 turbate,
2409 966 2424 979 ·

289 1060 399 1104 nec
432 1034 717 1104 docendi
762 1037 1039 1105 Caesaris
1082 1038 1472 1134 propinquis
1515 1037 1657 1131 ejus
1704 1039 1989 1133 spatium
2030 1038 2265 1126 datur3
2301 1068 2427 1114 nec

287 1141 579 1211 Tribunis
617 1139 866 1273 plebis'
897 1142 998 1211 sui
1031 1142 1309 1237 periculi
1343 1143 1782 1239 deprecandi,
1814 1166 2029 1239 neque
2066 1149 2264 1215 etiam
2304 1172 2425 1218 ex-

286 1250 462 1315 tremi
509 1232 726 1386 juris³
764 1248 1234 1318 intercessione
1274 1249 1637 1338 retinendi,
1662 1251 1864 1345 quod
1908 1253 1985 1320 L.
2036 1251 2221 1321 Sulla
2272 1254 2422 1323 reli-

286 1342 580 1448 querat4,
616 1352 896 1425 facultas
926 1356 1274 1442 tribuitur3
1305 1356 1421 1427 sed
1448 1356 1533 1426 de
1565 1380 1685 1427 sua
1710 1356 1919 1428 salute
1954 1360 2236 1475 septimo
2264 1348 2424 1430 die‘
2462 1364 2483 1387 ⁶

285 1574 368 1629 cia.
421 1576 532 1629 Alii
581 1576 770 1647 legunt
825 1575 1119 1647 adjtmxerat
1133 1612 1152 1638 ,
1209 1576 1301 1629 alii

282 1657 610 1727 conjuxerat,
643 1650 836 1709 eodem
863 1656 974 1709 fere
1003 1674 1176 1709 sensu.

353 1754 403 1805 9.
420 1735 586 1789 Simul
596 1736 802 1803 infamia
820 1736 1024 1787 dtcarwn
1042 1736 1296 1805 legionum.

279 1816 521 1869 Incitatus
534 1816 675 1869 mala
691 1815 832 1869 fama
849 1834 1010 1887 quam
1027 1829 1302 1869 contraxe-

276 1908 352 1949 rat
369 1910 595 1968 propter
619 1908 852 1949 retentas
881 1895 1012 1948 duas
1040 1895 1297 1967 legiones,

273 1976 364 2029 sub
391 1988 658 2047 praetextu
695 1976 826 2028 belli
864 1975 1120 2029 Parthici.
1156 1974 1300 2029 Vide

274 2074 381 2128 sup.
407 2057 474 2124 B.
500 2056 572 2109 G.
600 2056 639 2109 l.
674 2056 846 2120 VIII,
883 2055 974 2120 54.
1055 2090 1060 2097 -

350 2155 432 2189 10.
466 2137 651 2199 Itinere
683 2134 842 2189 Asioe.
875 2133 1018 2189 Ibid-
1059 2147 1114 2187 et
1155 2135 1296 2189 Plut.

270 2216 384 2269 Aut.
415 2234 466 2269 c.
495 2235 554 2286 7.

333 2297 471 2361 ,Cum
485 2298 558 2349 V.
581 2314 605 2347 1
616 2336 631 2349 .
645 2298 861 2366 Raptim.
876 2294 986 2347 Alii
997 2295 1170 2348 multo
1181 2296 1300 2367 plu·

267 2394 345 2428 res
365 2376 556 2447 leg-unt
585 2379 778 2447 rqptim.
810 2376 948 2441 Utra
976 2394 1106 2429 vero
1137 2375 1298 2427 lectio

265 2456 438 2509 verior
475 2457 579 2524 sit,
603 2475 800 2528 parum
827 2468 1060 2518 constat.
1104 2456 1298 2526 Raptim

265 2537 406 2589 enim
435 2535 585 2590 idem
623 2536 914 2608 significat,
941 2535 1122 2608 judice
1159 2536 1296 2588 Hot-

265 2635 452 2684 mano,
477 2636 540 2670 ac
564 2621 668 2670 sine
697 2619 889 2679 ordine,
917 2617 1030 2682 vel,
1056 2619 1185 2668 omni
1215 2637 1296 2668 or-

253 2698 369 2762 'dine
413 2701 684 2769 interrupto
700 2718 722 2759 ,·
747 2710 802 2750 at
841 2697 1146 2750 inusitatius
1176 2715 1190 2750 z
1222 2697 1296 2748 ita

261 2781 434 2848 raptim
462 2791 612 2850 atque
637 2777 828 2828 turbate
849 2789 1198 2847 opponuntur
1220 2782 1294 2846 τῷ

263 2870 382 2910 recte
409 2870 559 2930 atque
587 2857 778 2917 ordine,
804 2855 952 2926 quod
983 2856 1182 2908 Graecis
1217 2868 1298 2908 est

261 2939 402 3007 ὀρθῶς
423 2957 480 2990 τε
504 2936 590 2990 καὶ
611 2934 931 3006 κατὰλόγον.
949 2934 1036 2988 Sic
1045 2935 1295 3001 Vossius;

263 3029 590 3090 quapropter
616 3017 902 3070 lectionem
926 3020 1103 3086 raptim
1128 3013 1294 3070 secuti

261 3113 473 3151 sumus:

343 3199 394 3232 2.
423 3177 654 3230 Tribunis
666 3177 840 3247 plebis.
853 3174 1006 3228 Adeo
1019 3175 1154 3228 acris
1171 3193 1296 3228 con-

191 3312 196 3318 ,
263 3259 426 3311 tentio
437 3259 584 3312 inter
597 3256 906 3321 Consulem,
918 3269 972 3308 et
979 3255 1290 3313 Antonium,

222 3401 232 3412 .
263 3338 528 3403 Cassium,
557 3337 957 3407 Curionemque
992 3336 1262 3390 Tribunos
1275 3372 1293 3402 ,

263 3430 376 3472 orta
405 3431 486 3472 est
502 3457 517 3484 ,
531 3431 598 3470 ut
621 3415 690 3470 ad
705 3429 1004 3470 extremum
1027 3416 1213 3469 consul
1229 3417 1294 3469 iis

262 3497 506 3552 suaderet
529 3517 560 3550 e
587 3497 735 3550 curia
753 3495 1061 3562 discedere,
1083 3515 1152 3550 ne
1183 3497 1294 3549 for·

263 3589 390 3632 tasse
399 3579 752 3634 violarentur.
763 3577 992 3649 Appian.
1007 3594 1074 3641 11,
1085 3596 1142 3647 p.
1157 3597 1188 3646 7
1199 3577 1269 3630 38
1278 3615 1290 3628 .

267 3659 366 3711 Dio
383 3660 529 3714 Cass.
555 3677 649 3712 xm
661 3695 678 3724 ,
693 3675 768 3726 99
783 3695 801 3722 ‚
825 3677 847 3710 1
859 3676 953 3710 oo.
969 3656 1110 3709 Plut.
1126 3656 1259 3710 Caes.
1277 3695 1292 3717 ,

260 3757 305 3790 c.
323 3746 424 3805 40,
443 3741 642 3792 et·Ant.
667 3757 714 3791 c.
735 3740 788 3792 8.
809 3737 952 3790 Hinc
964 3737 1124 3808 paulo
1141 3750 1263 3808 post
1273 3754 1290 3812 J

256 3821 543 3892 proficgiunt
569 3839 633 3871 ex
663 3818 780 3870 urbe
806 3818 1000 3869 tribuni.

341 3899 392 3954 3.
425 3901 660 3954 Exn-emi
673 3901 806 3969 suris
837 3901 1163 3950 intercessione
1185 3901 1296 3948 reti·

259 3979 412 4033 nendi.
431 3980 544 4034 Alii
555 3980 746 4050 legunt
770 3981 1162 4030 inter-cessionem.
1183 3977 1296 4030 Ma-

259 4061 434 4114 nutius
449 4073 508 4114 et
525 4061 718 4112 Hotm.
743 4056 926 4112 delent
947 4061 1290 4111 intercessione.

262 4141 425 4199 Ciacc.
459 4140 758 4212 interpolat
773 4139 1122 4208 extmmumjus
1143 4142 1292 4190 inter-

1387 1574 1611 1627 ees-nonis
1624 1596 1645 1638 ,-
1687 1594 1985 1648 perperam.
2037 1574 2263 1632 Codices
2312 1579 2423 1635 fere

1387 1672 1603 1721 omnes,
1628 1668 1681 1709 et
1696 1670 1878 1711 noster
1910 1657 2060 1728 5764
2078 1696 2095 1719 ,
2124 1658 2325 1711 habent
2348 1664 2421 1710 ἰη-

1390 1739 1667 1787 tercessione
1677 1757 1699 1799 ,·
1716 1754 1833 1807 quae
1844 1755 1947 1790 vox
1964 1737 2237 1791 intellectu
2251 1738 2419 1793 facilis

1387 1827 1466 1869 est
1479 1829 1798 1869 :extremum
1806 1817 1953 1871 enim
1955 1820 2042 1888 jus
2048 1818 2419 1871 Tribunorum

1386 1908 1499 1949 erat
1529 1898 1825 1962 intercessio,
1860 1896 2009 1967 quod
2040 1900 2150 1968 jam
2190 1899 2417 1969 explica·

1385 1976 1577 2041 yimus.
1622 1977 1794 2029 Porro
1837 1978 2012 2031 Caesar
2040 1975 2175 2031 dicit
2200 1996 2215 2031 :
2244 1996 2419 2050 neque

1386 2057 1547 2109 etiam
1578 2056 1807 2109 tribunis
1836 2058 2141 2111 facultatem
2160 2058 2417 2112 tributam

1385 2136 1442 2187 fu
1447 2136 1548 2189 isse
1558 2173 1575 2202 ,
1592 2137 1678 2189 vel
1685 2137 1945 2202 relictam,
1956 2136 2226 2191 retinendi
2242 2150 2416 2191 extre-

1385 2216 1458 2267 mi
1481 2215 1619 2287 juris
1632 2253 1649 2282 ,
1673 2217 1895 2282 scilicet,
1923 2217 2333 2281 intercessionis.

1469 2303 1521 2359 4.
1558 2296 1709 2365 Quod
1732 2298 1792 2350 L.
1814 2296 1959 2349 Sulla
1988 2298 2261 2369 reliquerat.
2290 2298 2415 2354 Scil.

1384 2388 1481 2429 ext.
1498 2379 1587 2446 jus
1611 2379 1777 2429 intere.
1794 2377 1875 2429 Eo
1888 2378 2107 2431 nomine
2123 2376 2365 2431 laudatus
2384 2398 2415 2431 a

1385 2456 1498 2522 Cic.
1534 2454 1603 2507 de
1622 2456 1725 2528 leg.
1748 2457 1786 2509 l.
1815 2474 1905 2522 111,
1936 2476 1983 2509 c.
2013 2476 2066 2526 9.
2090 2482 2113 2503 ι
2141 2458 2413 2522 Quamob-

1382 2554 1498 2588 rem
1529 2537 1587 2588 in
1616 2537 1715 2588 ista
1740 2536 1960 2608 quidem
1986 2555 2047 2588 re
2072 2537 2417 2590 vehementer

1383 2615 1585 2668 Sullam
1622 2617 1795 2686 probo
1809 2653 1827 2680 ,
1856 2615 1951 2686 qui
1983 2616 2211 2668 tribunis
2241 2617 2415 2688 plebis

1381 2713 1476 2748 sua
1489 2695 1603 2764 lege
1615 2695 1823 2766 injuriae
1834 2692 2087 2748 faciendae
2099 2707 2413 2764 potestatem

1383 2772 1643 2826 ademerit
1656 2811 1673 2839 ,
1694 2773 1877 2828 auxilii
1888 2772 2099 2827 ferendi
2110 2771 2413 2846 reliquerit:

1381 2853 1805 2926 Pompeiumque
1830 2867 2075 2908 nostrum
2096 2857 2301 2910 caeteris
2328 2876 2413 2911 re-

1379 2933 1482 2988 bus
1517 2935 1795 3000 omnibus,
1825 2953 2035 3006 semper
2078 2936 2415 3007 amplissimis

1381 3015 1709 3086 summisque
1738 3015 1906 3068 effero
1922 3014 2194 3081 laudibus3
2217 3015 2287 3070 de
2316 3018 2413 3069 tri-

1380 3095 1591 3164 bunitia
1631 3107 1891 3166 potestate
1919 3108 2085 3148 taceo.
2118 3097 2231 3149 Nec
2266 3097 2413 3150 enim

1380 3173 1775 3246 reprehendere
1828 3175 1960 3228 libet
1980 3213 1997 3242 ‚
2038 3194 2138 3229 nec
2193 3175 2413 3231 laudare

1380 3273 1617 3326 possum·
1644 3281 1666 3302 »
2446 3325 2455 3333 α

1466 3335 1517 3388 5.
1550 3333 1655 3388 Sed
1678 3335 1739 3386 de
1767 3355 1859 3388 sua
1883 3335 2037 3388 salute
2070 3336 2265 3407 septimo
2304 3337 2413 3400 die;

1381 3414 1438 3468 id
1463 3427 1543 3468 est
1556 3452 1574 3482 ,
1608 3435 1638 3467 a
1668 3435 1776 3486 quo
1805 3415 1995 3469 litterae
2026 3417 2247 3470 Caesaris
2282 3435 2411 3470 con·

1381 3495 1583 3548 sulibus
1604 3494 1827 3548 redditae
1850 3497 2078 3549 fuerant.
2098 3494 2229 3548 vid.
2250 3515 2413 3566 supra

1380 3594 1428 3630 c.
1448 3593 1488 3628 1.
1511 3575 1709 3628 Merito
1722 3577 1983 3629 Ursinum
1998 3589 2053 3630 et
2064 3575 2411 3629 Ciacconium

1378 3655 1728 3727 reprehendit
1743 3657 1993 3721 Vossius,
2012 3655 2107 3726 qui
2130 3655 2281 3709 aiunt
2296 3675 2412 3728 sep—

1379 3737 1573 3788 timum
1617 3735 1763 3788 diem
1798 3736 1944 3788 hunc
1976 3735 2134 3788 fuisse
2147 3772 2164 3801 ,
2196 3754 2259 3788 ex
2302 3755 2409 3806 quo

1379 3817 1744 3886 magistratum
1767 3816 1995 3868 inierant
2011 3815 2241 3880 tribuni,
2259 3817 2413 3888 quip-

1378 3915 1448 3968 pe
1477 3896 1571 3966 qui
1602 3915 1675 3948 ιν.
1710 3892 1793 3947 Id.
1827 3893 2067 3948 decemb.
2096 3894 2411 3967 dignitatem

1381 3976 1817 4051 auspicabantur,
1848 3989 1911 4028 ut
1940 3989 2162 4029 testatur
2186 3976 2409 4048 Dionys.

1381 4055 1652 4109 Halicarn.
1682 4051 1723 4109 l.
1749 4073 1841 4122 vr,
1874 4077 1929 4128 p.
1966 4065 2107 4123 410,
2134 4055 2219 4111 ed.
2262 4056 2410 4130 Sylb.

1383 4134 1545 4188 Unde
1572 4136 1843 4192 Plutarch.
1878 4150 2063 4209 quaest.
2107 4137 2265 4192 Rom.
2306 4137 2337 4189 8
2351 4155 2374 4189 1
2396 4173 2414 4207 ‚
