3025 5025
51 0 96 27 1

647 478 792 548 'DE
844 479 1188 548 BELLO
1243 476 1620 548 CIVILI.
1679 480 1867 547 LIB.
1936 481 2087 548 ΙΙΙ.

2312 479 2463 577 309

313 636 388 705 εει·
425 612 498 679 in
553 626 778 681 castra
829 634 1002 705 equo
1041 609 1326 680 contulit
1346 666 1366 699 ,
1403 626 1472 679 et
1507 614 1587 680 iis
1622 612 2121 683 centurionibus
2139 668 2159 698 ,
2198 639 2367 708 quos
2396 616 2468 682 in

313 720 608 787 statione
643 718 730 787 ad
761 720 1140 812 praetoriam
1233 732 1448 787 ortam
1485 733 1831 814 posuerat,
1874 718 2079 803 clare,
2118 735 2196 788 ut
2230 720 2469 790 milites

311 824 712 895 exaudirent
731 878 750 913 ,
785 852 820 889 α
854 827 1162 893 Tuemini
1214 878 1234 912 ,
1270 826 1486 918 inquit
1505 879 1525 913 ,
1551 815 1818 911 ‘casti-a,
1844 839 1913 892 et
1946 824 2279 894 defendite
2317 826 2471 895 dili-

315 945 594 1026 genter,
627 933 684 999 si
721 929 879 1024 quid
920 928 1150 999 durius
1180 931 1498 1000 acciderit
1527 958 1545 1000 .-
1592 956 1716 1026 ego
1752 930 2037 1026 reliquas
2082 947 2309 1026 portas
2347 936 2473 1001 cir-

311 1061 593 1124 cume0,
639 1050 708 1105 et
761 1050 1138 1106 castrorum
1193 1038 1497 1131 praesidia
1566 1038 1913 1107 confirmo.
1957 1065 1992 1103 ³>
2058 1039 2219 1108 Haec
2268 1064 2476 1132 quum

317 1142 624 1230 dixisset,
667 1168 734 1211 se
771 1145 840 1210 in
884 1145 1274 1236 praetorium
1315 1142 1627 1233 contulit,
1674 1168 1949 1213 summae
1997 1148 2093 1213 rei
2140 1143 2484 1231 diffidens»,

309 1264 378 1318 et
403 1264 642 1318 tamen
681 1264 996 1317 eventum
1041 1265 1446 1345 exspectans

313 1447 616 1507 agnoscunt
645 1434 836 1487 critici.
857 1435 996 1487 Plut.
1013 1473 1030 1500 ‚
1050 1434 1107 1487 in
1139 1436 1250 1506 ejus
1278 1435 1359 1487 vi-

313 1528 390 1582 ta,
407 1528 686 1568 excaecatae
709 1516 876 1567 menti
908 1516 1088 1585 fugam
1116 1513 1360 1585 Pompeii

313 1596 541 1659 tribuit;
573 1593 668 1647 sed
699 1594 1020 1647 recentiores
1052 1594 1229 1647 verius
1265 1592 1359 1646 de-

315 1675 646 1747 fatigationi‚
661 1687 714 1727 et
726 1674 924 1729 virium
939 1673 1227 1727 defectioni
1241 1693 1359 1745 quae

313 1768 436 1828 post
475 1768 562 1809 tot
597 1754 765 1817 bella,
799 1766 983 1826 totque
1015 1755 1222 1807 labores
1253 1754 1359 1805 rei-

311 1835 548 1907 publicae
567 1852 724 1887 causa
737 1847 1005 1906 susceptos
1015 1872 1032 1899 ,
1043 1833 1234 1886 ducem
1247 1852 1358 1886 non

311 1914 450 1968 adeo
483 1932 696 1980 senem,
735 1933 862 1967 nam
890 1912 1134 1966 nondum
1165 1912 1233 1966 ad
1265 1932 1359 1965 an-

311 2015 449 2048 num
476 1995 860 2064 sexagesimum
891 2006 1208 2065 pervenerat
1221 2032 1240 2058 ,
1265 1992 1358 2045 sed

313 2074 563 2147 alioquin
595 2074 788 2127 fortem
831 2086 884 2127 et
921 2092 1237 2145 generosum
1267 2092 1359 2126 ex-

311 2155 658 2208 hauriebant.
692 2153 794 2206 Illo
826 2172 999 2225 prope
1027 2154 1198 2206 invito
1228 2148 1361 2224 prae-

309 2236 452 2289 lium
479 2234 824 2287 commissum
851 2234 1038 2286 fuerat.
1066 2234 1361 2285 Temeritas

315 2314 644 2369 inferiorum
659 2312 916 2366 ordinum
929 2354 945 2381 ,
957 2315 1051 2384 qui
1065 2313 1360 2383 plurimum

315 2406 549 2467 possunt
579 2394 636 2445 in
668 2394 812 2445 bello
840 2393 1016 2457 civili,
1047 2393 1221 2464 prima
1247 2394 1360 2462 ejus

313 2474 542 2528 consilia
573 2486 628 2526 et
666 2471 885 2544 quidem
925 2473 1129 2545 optima
1160 2470 1360 2525 distur-

315 2557 558 2610 baverat.
616 2553 872 2606 Vincitur
899 2591 916 2619 ,
961 2573 1132 2624 quum
1187 2553 1360 2606 victor

316 2655 432 2690 esse
481 2633 754 2687 debuisset
773 2671 790 2698 .,
823 2646 876 2686 et
914 2634 1119 2686 nullam
1161 2633 1362 2704 reperit

317 2715 466 2768 viam
487 2713 754 2788 dispersos
779 2713 984 2785 equites
1007 2725 1060 2765 et
1089 2710 1361 2782 undequa-

309 2814 425 2866 que
474 2795 738 2864 fugientes
789 2791 1110 2863 colligendi,
1149 2792 1360 2844 nullum

317 2873 626 2928 remedium
673 2874 732 2926 in
775 2873 888 2926 acie
933 2876 1042 2942 jam
1087 2891 1152 2925 eo
1195 2872 1360 2942 magis

275 3005 280 3014 ,
318 2965 519 3008 eventu
551 2953 736 3007 territa
755 2989 772 3016 ,
806 2971 914 3024 quo
953 2952 1198 3008 elatiores
1239 2964 1360 3004 ante

317 3034 529 3089 animos
541 3045 858 3104 conceperat
870 3051 883 3085 τ
895 3031 1070 3104 reipsa
1081 3050 1193 3084 non
1201 3030 1359 3084 video

320 3133 433 3185 quo
457 3111 624 3166 modo
655 3125 709 3165 et
736 3131 840 3183 qua
862 3125 975 3164 arte
1005 3130 1130 3164 eum
1149 3111 1361 3164 vicisset

319 3213 448 3246 cum
467 3193 652 3263 paucis
667 3233 682 3261 ,
695 3211 856 3264 quem
869 3210 994 3244 cum
1011 3191 1246 3244 exercitu
1262 3190 1360 3243 du-

306 3273 413 3344 plo
462 3274 720 3343 majorem
769 3291 838 3325 ne
889 3284 1094 3324 tentare
1130 3261 1358 3342 ‘quidem

320 3365 588 3424 potuerat.
651 3349 787 3406 Inde
842 3352 1036 3404 mentis
1079 3351 1359 3404 excaecatio

321 3446 377 3485 et
393 3433 562 3485 animi
582 3430 847 3496 defectus,
875 3429 1002 3484 inde
1032 3430 1358 3502 desperati0‚

322 3511 452 3565 inde
482 3530 695 3583 quoque
726 3512 864 3583 fuga.
909 3512 1092 3579 Quum
1122 3523 1352 3572 veteres,

323 3604 442 3652 tum
470 3591 795 3644 recentiores
808 3631 823 3658 ,
847 3591 1078 3642 multum
1101 3589 1169 3643 de
1187 3591 1358 3644 virtu·

327 3673 468 3725 tibus
499 3684 657 3742 atque
687 3669 757 3724 de
786 3672 1002 3723 fortuna
1041 3671 1262 3724 Caesaris
1305 3683 1359 3722 et

327 3751 570 3824 Pompeii
585 3752 724 3804 inter
743 3770 798 3804 se
815 3749 1182 3821 disputarunt,
1202 3750 1358 3801 Pom-

326 3833 510 3902 peium
531 3830 705 3884 filium
718 3831 948 3883 fortunae
962 3829 1216 3894 dicentes,
1248 3831 1360 3882 Cae·

329 3929 498 3963 sarem
535 3930 666 3965 vero
696 3911 1024 3982 privignum.
1061 3910 1280 3970 Balzac,
1297 3909 1358 3960 de

331 3990 381 4041 la
401 4003 660 4044 conversat.
683 3991 766 4042 des
783 3993 1043 4043 Romaim:
1079 3989 1231 4043 Cesar
1239 3993 1362 4040 e'tait

331 4069 556 4124 l'ouvrier
596 4071 656 4124 de
697 4090 753 4122 sa
784 4073 1015 4138 fortune,
1055 4081 1106 4121 et
1149 4070 1357 4139 Pompe'e

329 4150 503 4204 u'e‘tait
519 4171 610 4224 que
627 4148 870 4222 soum-age
889 4150 951 4204 de
971 4151 1022 4202 la
1034 4153 1212 4204 sienne.
1229 4147 1356 4204 Haec

1449 1436 1723 1505 ingeniose
1762 1438 1928 1507 magis
1965 1456 2124 1507 quam
2155 1456 2280 1489 vere
2321 1436 2479 1491 dicta.

1451 1516 1517 1567 In
1563 1515 1771 1587 peritia·
1792 1516 2011 1568 militari
2046 1528 2099 1569 et
2136 1516 2481 1580 fortitudine,

1449 1595 1700 1665 aliisque,
1724 1614 1841 1666 qnae
1872 1594 2064 1649 ducem
2094 1595 2309 1663 decent,
2334 1596 2481 1649 haud

1449 1675 1629 1727 minor
1662 1675 1868 1735 Caesare
1907 1676 2195 1747 Pompeius
2224 1677 2353 1741 fuit3
2380 1695 2482 1729 nec

1445 1754 1647 1806 leviora
1695 1756 1744 1806 ei
1793 1754 2090 1825 superanda
2128 1758 2349 1809 fuerunt
2386 1757 2483 1808 ob·

1447 1836 1645 1887 stacula
1672 1854 1833 1905 quam
1864 1834 2056 1888 Caesari
2078 1836 2207 1907 ipsi',
2228 1849 2289 1888 ut
2314 1849 2484 1905 aequa·

1445 1914 1521 1967 les
1543 1914 1600 1967 in
1622 1914 1899 1987 republica
1922 1926 2039 1981 sua,
2054 1928 2108 1967 et
2121 1916 2302 1985 glorie
2326 1934 2488 1968 aemu-

1419 1994 1527 2047 ‘los
1558 1994 1699 2047 cives
1740 2013 1921 2049 amore
1968 1994 2295 2062 devinciret,
2324 2008 2380 2049 et
2422 1996 2480 2047 in

1448 2074 1557 2126 suis
1587 2074 1814 2127 vinculis
1844 2094 1944 2146 per
1973 2088 2056 2128 tot
2080 2093 2247 2127 annos
2278 2088 2483 2128 teneret

1447 2154 1707 2207 irretitos:
1727 2154 1833 2207 suis
1840 2155 2130 2208 virtutibus
2142 2154 2483 2227 propriisque

1447 2232 1699 2304 periculis
1726 2232 1794 2285 ad
1815 2236 2019 2305 primos
2040 2234 2349 2305 reipublicae
2369 2252 2485 2305 gra·

1447 2311 1551 2364 dus
1578 2312 1918 2378 ascenderat;
1950 2327 2131 2385 gentes
2156 2333 2383 2367 numero
2398 2315 2483 2365 in-
2522 2378 2530 2387 .

1446 2392 1653 2457 finitas,
1684 2405 1741 2445 et
1769 2411 1916 2463 reges
1932 2393 2170 2445 Orientis
2189 2391 2481 2445 Mithrida-

1447 2484 1557 2524 tem
1568 2472 1960 2543 Tigranemque
1973 2514 1989 2541 ,
2010 2473 2188 2525 forsan
2204 2473 2371 2527 Gallis
2390 2492 2482 2545 pe-

1446 2553 1686 2617 ritiores,
1731 2554 2026 2622 subegerat.
2052 2553 2085 2605 J
2090 2553 2276 2606 uvenis
2308 2552 2482 2606 adhuc

1451 2632 1594 2684 intra
1621 2631 1805 2702 gloriae
1834 2632 2160 2684 curriculum
2192 2634 2455 2704 ingressus
2470 2672 2485 2699 ‚

1445 2712 1609 2782 paulo
1649 2711 1909 2764 maturius
1945 2730 2105 2783 quam
2144 2713 2319 2764 Caesar
2348 2710 2482 2764 defi-

1446 2791 1548 2856 cit;
1579 2791 1718 2843 nihil
1754 2791 1811 2843 in
1843 2793 1947 2845 hoc
1977 2793 2210 2857 mirum,
2236 2792 2480 2862 nihilque
2518 2853 2524 2862 ι

1443 2870 1595 2941 quod
1622 2871 1853 2924 fortunae
1873 2871 2040 2924 tribui
2058 2884 2218 2942 queat
2243 2871 2482 2939 invenio,

1445 2951 1623 3003 multo
1674 2950 1853 3004 minus
1896 2952 2119 3022 ignaviae
2168 2964 2221 3004 et
2258 2951 2479 3004 inscitiae

1445 3029 1599 3083 ducis
1614 3069 1631 3097 ,
1666 3030 1761 3100 qui
1806 3032 1987 3083 omnia
2026 3043 2147 3084 ante
2185 3030 2480 3103 prudenter

1447 3123 1501 3163 et
1535 3110 1879 3164 scientissime
1919 3109 1987 3162 ad
2026 3111 2306 3164 victoriam
2334 3130 2479 3164 com-

1445 3201 1739 3262 paraverat.
1752 3185 1774 3254 (
1784 3189 1893 3243 vid.
1910 3209 2025 3263 cap.
2038 3189 2265 3262 praeced.
2277 3187 2483 3261 >Culpa

1446 3270 1612 3346 igitqr
1632 3269 1691 3322 in
1721 3271 2013 3336 Labienus,
2040 3271 2341 3342 Scipiones,
2364 3273 2477 3322 Do-

1446 3350 1627 3402 mitios
1658 3349 1961 3404 redundare
1986 3363 2097 3403 tota
2126 3349 2286 3402 debet
2310 3369 2323 3402 :
2352 3369 2479 3402 nam

1447 3430 1514 3482 ab
1534 3430 1599 3482 iis
1614 3467 1631 3496 ,
1650 3429 1897 3502 proditus
1927 3431 2031 3482 fuit
2047 3450 2077 3484 a
2099 3431 2291 3500 quibus
2314 3430 2486 3483 victo·-

1444 3509 1583 3562 riam
1634 3523 1937 3580 speraverat
1953 3548 1970 3575 ,
2012 3523 2072 3562 ut
2125 3511 2238 3580 ipse
2285 3509 2478 3562 merito

1445 3590 1709 3660 queritur,
1728 3609 1844 3661 cap.
1870 3593 1965 3659 96.
2000 3590 2126 3641 Uno
2153 3589 2346 3654 verbo,
2364 3607 2478 3640 non

1445 3669 1733 3740 Pompeius
1763 3671 1937 3723 victus
1962 3681 2065 3734 est,
2094 3667 2187 3722 sed
2218 3669 2479 3722 exercitus

1445 3751 1591 3821 ejus3
1625 3761 1678 3802 et
1720 3748 1927 3820 fugiens
1966 3748 2263 3802 necessitati
2298 3749 2479 3819 potius

1445 3849 1607 3900 quam
1628 3829 1811 3881 timori
1837 3828 1991 3895 cessit
2023 3829 2259 3880 Orientis
2286 3829 2477 3882 victor.

1530 3910 1584 3962 3.
1624 3911 1856 3962 Tuemim‘.
1882 3911 1964 3962 Ita
1995 3907 2229 3962 restituit
2254 3907 2478 3960 Ouden-

1443 3987 1666 4059 dorpius
1692 4008 1757 4040 ex
1779 3988 1938 4042 codd.
1957 3990 2278 4061 quibuscum
2308 3985 2480 4042 nostri

1443 4069 2053 4139 consentiunt.Vulgata,
2063 4073 2321 4122 tueamini:
2335 4087 2479 4122 men-

1443 4146 1572 4203 dose
1602 4160 1759 4202 certe.

1982 4233 2115 4318 203
