3025 5025
699 455 848 540 480
1492 455 1652 522 DE·
1679 453 2044 524 BELEO

690 590 1077 646 cumentum
1113 599 1299 644 more
1335 573 1604 644 militari
1634 577 2056 646 constituam.
2087 577 2166 644 C.
2199 567 2514 667 Avi-ene’,
2545 584 2794 676 quodin

690 682 883 752 Italia
910 680 1147 750 milites
1173 679 1401 775 populi
1428 683 1688 774 romani
1715 695 1952 751 contra
1977 683 2454 777 rempublicam
2484 689 2796 782 instigasti,

690 790 1082 882 rapinasque
1135 794 1257 882 p'er
1304 789 1666 883 municipia
1719 787 1979 876 fecisti3
2033 789 2346 884 quodque
2402 793 2562 862 mihi
2609 797 2794 890 reique

689 892 971 990 publicae
1022 893 1269 962 inutilis
1330 892 1550 982 fuisti,
1609 908 1678 964 et
1727 919 1852 989 pro
1905 894 2226 965 militibus
2281 913 2467 968 tuam
2523 899 2796 970 familiam

678 1003 1113 1096 jumentaque
1152 1001 1223 1068 in
1265 1024 1470 1070 naves
1508 1000 1923 1095 imposuisti3
1972 1016 2222 1096 tuaque
2275 1029 2484 1098 opera
2521 1006 2796 1078 militibus

688 1123 990 1201 tempore
1026 1107 1397 1176 necessario
1434 1106 1812 1202 respublica
1845 1123 2060 1194 caret3
2097 1107 2188 1176 ob
2227 1133 2340 1178 eas
2375 1137 2521 1199 res,
2559 1114 2795 1206 ignomi-

688 1216 813 1288 niae
835 1237 1064 1301 causa,
1080 1213 1166 1282 ab
1189 1215 1483 1282 exercitu
1511 1237 1662 1284 meo
1687 1228 1752 1281 te
1779 1238 2129 1302 remove0,
2146 1215 2481 1310 hodieque
2505 1241 2587 1286 ex
2605 1219 2795 1290 Africa

686 1321 954 1408 abesse,
982 1333 1097 1404 et,
1118 1333 1443 1414 quantum
1478 1332 1738 1414 potest,
1764 1319 2097 1414 proficisci
2120 1320 2356 1413 jubeo,
2402 1326 2691 1417 Itemque
2717 1340 2796 1412 te,

687 1429 766 1496 A.
815 1411 1089 1496 Fontei⁴
1092 1479 1113 1516 ,
1154 1425 1335 1520 quod
1370 1424 1700 1495 tribunus
1715 1424 2047 1513 militum,
2103 1427 2452 1498 seditiosus
2498 1429 2794 1526 malusque

686 1535 854 1602 civis
890 1533 1107 1620 fuisti,
1142 1532 1235 1601 ab
1254 1553 1420 1600 ‘exei
1422 1534 1560 1602 citu
1601 1531 1884 1602 dimitto.
1921 1535 1996 1600 T.
2038 1519 2335 1602 Saliene⁵
2339 1538 2495 1624 ‚.M
2531 1539 2710 1625 Tiro,
2731 1540 2790 1608 C.

690 1639 998 1710 Clusinas
1018 1693 1037 1727 ‚
1088 1664 1339 1732 quum,
1373 1639 1641 1708 ordines
1683 1640 1754 1708 in
1789 1663 1943 1708 meo
1981 1641 2278 1710 exercitu
2321 1641 2642 1712 beneficio
2681 1669 2792 1712 non

689 1748 791 1814 vir
794 1760 933 1816 tute
970 1747 1338 1832 consecuti,
1366 1747 1461 1814 ita
1485 1769 1608 1814 vos
1635 1746 2003 1840 gesseritis,
2030 1760 2106 1814 ut
2135 1769 2352 1866 neque
2387 1747 2564 1818 bello
2597 1749 2791 1836 fortes,

689 1877 902 1946 neque
951 1876 1115 1947 pace
1159 1852 1319 1922 boni
1356 1866 1473 1920 aut
1508 1850 1701 1920 utiles
1754 1850 2046 1936 fueritis,
2073 1867 2142 1920 et
2173 1856 2384 1948 magis
2418 1856 2490 1925 in
2507 1855 2790 1924 seditione

686 1958 1231 2054 concitandisque
1270 1958 1600 2026 militibus
1632 1957 1953 2026 adversus
1987 1972 2286 2027 vestrum
2325 1962 2792 2056 imperatorem,

686 2089 891 2162 quam
920 2062 1193 2160 pudoris
1234 2064 1705 2158 modestiaeque
1746 2064 2004 2133 fueritis
2041 2064 2509 2156 studiosiores3
2533 2068 2789 2162 indignos

689 2196 813 2242 vos
854 2197 995 2241 esse
1028 2172 1319 2240 arbitror
1340 2224 1367 2259 ‚
1409 2172 1524 2265 qui
1577 2172 1647 2238 in
1687 2195 1841 2239 meo
1879 2171 2174 2242 exercitu
2219 2172 2494 2244 ordines
2536 2174 2758 2246 ducatis
2773 2226 2790 2261 ‚

686 2280 1050 2374 missosque
1076 2278 1281 2364 facio,
1309 2291 1409 2363 et,
1428 2291 1762 2370 quantum
1797 2290 2052 2372 potest,
2081 2276 2310 2347 abesse
2343 2304 2432 2348 ex
2465 2281 2678 2361 Africa
2697 2281 2785 2373 ju-

686 2386 835 2456 beo.
870 2414 904 2451 »
937 2387 1175 2479 Itaque
1205 2382 1559 2453 transdidit
1583 2407 1698 2452 eos
1723 2383 2266 2454 centurionibus:
2297 2399 2366 2454 et
2391 2386 2662 2482 singulis,
2681 2409 2788 2454 non

772 2560 825 2613 3.
852 2558 913 2613 C.
943 2558 997 2611 A
1002 2562 1143 2611 vieno.
1171 2558 1317 2611 Vett.
1340 2554 1463 2610 edd.
1480 2556 1718 2629 praemit·
1801 2558 1908 2610 bat.
1937 2556 2128 2610 Nullus
2149 2576 2214 2611 ex
2237 2558 2477 2614 Fonteiis
2499 2558 2565 2614 ad
2586 2559 2785 2629 consula·

688 2652 811 2693 tunt
860 2651 1161 2713 quapropter.
1200 2668 1283 2679 ——
1312 2636 1501 2689 Milites
1541 2638 1608 2691 P.
1647 2637 1714 2689 R.
1801 2649 1918 2691 tum
1943 2638 2174 2691 accessit.

684 2731 856 2771 contra
883 2720 1048 2789 Remp.
1083 2719 1163 2770 Ex
1194 2720 1371 2769 mente
1394 2716 1565 2769 Gron.
1593 2717 1630 2769 l.
1665 2735 1713 2769 c.
1886 2716 1940 2769 5.
1955 2716 2162 2770 Saliene.
2174 2717 2304 2771 Vid.
2320 2738 2440 2791 cap.
2463 2725 2554 2777 28.
2562 2722 2786 2773 -lnmo

685 2800 791 2871 legi
820 2810 997 2870 posset
1031 2798 1203 2849 milites
1243 2808 1410 2848 contra
1453 2796 1515 2849 R.
1545 2796 1612 2848 Ρ.
1646 2797 1711 2850 R.
1800 2816 1953 2849 exerc.
1981 2797 2135 2865 henes.
2160 2797 2360 2851 Forsan
2386 2804 2441 2851 in
2465 2822 2597 2853 exerc
2599 2803 2685 2861 itu,
2709 2818 2786 2850 meo

688 2878 792 2931 Sed
807 2876 1454 2942 etVell.11,16,habet
1481 2880 1713 2928 exer-citus
1798 2874 2039 2946 beneficio.
2077 2900 2158 2913 -
2192 2877 2444 2931 Adversus
2482 2894 2680 2931 vestrum
2707 2880 2785 2932 Im-

690 2961 755 3012 R.
776 2960 840 3011 R.
868 2990 942 3000 —
970 2957 1181 3010 Inutilis.
1210 2956 1296 3011 Sic
1321 2974 1423 3027 pro
1447 2959 1594 3007 noxio
1613 2956 1714 3009 Te·
1789 2955 2222 3026 peratorem.1·1ic
2257 2970 2394 3029 puto
2427 2959 2672 3013 excidisse
2693 2976 2788 3011 ver·

686 3051 824 3091 rent.
838 3076 853 3105 ‚
876 3035 1015 3090 And.
1038 3050 1136 3089 act.
1157 3056 1208 3105 1,
1222 3055 1296 3089 sc.
1322 3035 1375 3101 5,
1397 3036 1496 3088 53·
1481 3074 1499 3099 ,
1513 3034 1706 3098 ovid„
1795 3037 1928 3089 bum
1955 3037 2341 3100 dabor-avernis,
2368 3054 2464 3092 aut
2483 3041 2645 3092 simile
2663 3036 2784 3109 quid.

688 3120 818 3171 Met.
858 3134 963 3169 1111
978 3155 995 3182 ,
1031 3117 1133 3182 383
1162 3117 1343 3188 Nepos
1380 3133 1455 3181 11,
1490 3134 1544 3185 7.
1579 3114 1707 3168 Vid.
1795 3116 1892 3168 Est
1942 3128 2119 3170 autem
2161 3121 2548 3191 comitandique
2594 3117 2784 3171 militibus

684 3197 1289 3268 Scioppium‚Verisim.
1319 3214 1367 3260 1,
1388 3214 1479 3248 ιο,
1499 3193 1710 3247 On.--
1794 3196 2056 3267 scriptura
2085 3195 2243 3249 codd.
2257 3200 2560 3266 omnium,
2583 3200 2670 3252 etsi
2692 3196 2786 3251 vul-

691 3279 742 3331 T
738 3297 891 3351 uaque
919 3296 1087 3348 opera,
1118 3295 1215 3348 per
1245 3274 1303 3329 id
1320 3313 1336 3341 ,
1364 3272 1509 3345 quod
1541 3287 1602 3326 tu
1631 3276 1709 3327 fe·
1793 3289 1910 3346 gata
1948 3276 2106 3349 lectio
2149 3290 2264 3330 erat
2314 3280 2589 3331 concitandi
2625 3278 2782 3329 milites.

682 3358 819 3412 cisti.
852 3356 1011 3410 Hunc
1040 3375 1255 3409 sensum
1292 3356 1387 3425 qui
1414 3372 1525 3406 non
1556 3353 1708 3407 vide·
1795 3353 1966 3409 Porro
2001 3355 2224 3411 adversus
2253 3371 2468 3410 vestrum
2501 3374 2579 3413 est
2612 3379 2639 3411 e
2661 3358 2786 3411 Cinc-

682 3450 806 3490 rant
830 3478 848 3503 ,
881 3456 1008 3489 mox
1039 3437 1357 3508 militibusque
1386 3432 1710 3503 ediderunt,
1793 3436 1938 3489 conii
1965 3434 2369 3503 emendatione,
2397 3454 2522 3493 ante
2547 3434 2693 3510 q'uem
2712 3435 2786 3487 ad·

678 3518 831 3589 quasi
847 3516 1163 3588 Respublica
1183 3514 1453 3569 ‘diceretur
1480 3474 1710 3567 munisse⁹
1795 3519 2103 3569 versariorum
2131 3530 2402 3570 nostr-orum
2437 3539 2533 3573 seu
2556 3531 2787 3571 werona·

682 3610 737 3651 et
761 3616 924 3668 opera
952 3595 1233 3667 studioque
1263 3594 1452 3646 Avieni
1484 3606 1538 3647 et
1562 3595 1706 3649 mili-
1791 3594 2080 3667 legebatur.
2110 3597 2187 3649 M.
2215 3597 2267 3651 N
2269 3617 2340 3651 on
2393 3618 2530 3671 opus
2575 3597 2786 3669 suppleto

679 3678 842 3731 tibus.
874 3676 951 3730 M.
974 3708 1056 3719 --
1088 3676 1337 3749 Quantum
1375 3685 1552 3745 potest.
1598 3675 1706 3727 Alii
1791 3676 2000 3742 verbe,
2057 3688 2120 3729 ut
2178 3678 2432 3731 fulciatur
2481 3684 2532 3731 in
2589 3677 2786 3731 seditione

667 3770 825 3829 potes.
859 3753 1279 3828 Oudendorpius
1301 3754 1451 3807 malit
1474 3766 1614 3825 pote,
1644 3767 1707 3808 ut
1793 3748 2208 3825 (οοιιοίτιιιιάι);
2239 3757 2508 3829 siquidem
2545 3770 2597 3811 et
2625 3758 2784 3809 Petro·

676 3835 821 3908 apud
833 3836 1164 3905 Varronem,
1180 3835 1494 3891 Ciceronem
1512 3846 1568 3887 et
1580 3854 1706 3905 poe·
1791 3836 1946 3908 nius,
1977 3856 2024 3890 c.
2082 3837 2182 3899 5²,
2211 3838 2453 3891 studiosus
2501 3843 2550 3889 ιίι
2595 3845 2784 3905 argato-

674 3930 771 3971 tas.
805 3916 1021 3970 Οβιιιιι..
1789 3915 1966 3968 Bentl.
1983 3900 2112 3969 velit
2124 3929 2176 3967 et
2191 3918 2438 3985 seditionis
2458 3914 2786 3985 concitandum

758 4004 813 4061 4.
848 3996 918 4049 A.
958 3995 1151 4051 Fontei.
1191 3997 1238 4047 E
1282 4007 1437 4067 gente
1483 3994 1706 4047 Fonteia
1793 3996 1978 4055 militis
2007 3998 2113 4051 On.
2136 4028 2218 4041 --
2242 4000 2492 4068 Quantum
2511 3996 2678 4069 potest.
2701 3991 2785 4045 mc

672 4076 883 4147 plebeia
899 4114 916 4143 ‚
920 4094 1072 4169 qum,
1092 4089 1153 4129 ut
1175 4074 1414 4128 indicant
1427 4074 1548 4150 Νῌ.
1573 4088 1702 4128 vett.
1793 4093 1976 4129 rursus
1990 4117 2006 4145 ,
2025 4078 2115 4132 alii
2127 4119 2144 4147 ,
2155 4084 2375 4151 potestas.
2395 4071 2780 4143 Oudendorpm

676 4174 711 4207 a
738 4156 912 4208 Ponto
944 4155 1064 4207 sani
1096 4156 1210 4209 filio
1243 4156 1503 4227 originem
1542 4152 1702 4209 duce·
1792 4156 1970 4227 malit,
1987 4169 2120 4229 pote.
