3025 5025
60 125 63 156 ““
60 87 63 114 ‘—
60 0 78 14 Ἴ

660 477 798 548 DE
853 479 1200 547 BELLO
1255 473 1629 548 CIVILI.
1686 481 1875 576 L11B.
1931 485 1985 552 Ι.
2306 513 2402 590 77

358 613 616 680 XLIX.
674 613 766 680 At
841 613 1169 681 exercitus
1210 611 1469 680 Afranii
1512 614 1812 682 omniurn
1848 623 2073 701 rerum
2111 619 2405 690 abunda-

253 719 371 815 bat
403 720 616 814 copia.
655 717 949 786 Multum
985 733 1130 788 erat
1166 718 1576 788 frumentum
1622 722 1965 813 provisum
2012 741 2079 793 et
2114 751 2406 800 convec-

249 839 398 894 tum
446 826 900 920 superioribus
945 825 1356 919 temporibus
1386 852 1402 892 ε
1442 824 1729 894 multum
1772 853 1855 896 ex
1897 835 2081 900 omni
2124 838 2404 927 provin-

249 933 352 1000 cia
387 932 942 1026 comportabatur
973 958 987 998 :
1025 955 1269 1026 magna
1305 934 1498 1026 copia
1529 932 1757 1027 pabuli
1801 939 2211 1030 suppetebat.
2260 945 2403 1010 Ha·-

248 1063 402 1106 rum
463 1063 695 1108 rerum
750 1040 1048 1106 omnium
1103 1037 1452 1108 facultates
1505 1041 1646 1108 sine
1700 1039 1837 1110 ullo
1887 1045 2184 1135 periculo
2232 1072 2404 1141 pons

249 1142 488 1212 Ilerdae
536 1145 912 1239 praebebat,
947 1159 1016 1214 et
1049 1143 1199 1214 loca
1234 1159 1418 1214 trans
1448 1145 1700 1214 flumen
1734 1148 2049 1242 integra¹‚
2092 1177 2225 1244 quo
2258 1180 2402 1223 om-

249 1251 412 1320 nino
447 1255 677 1321 Caesar
719 1252 902 1320 adire
938 1276 1077 1320 non
1109 1265 1389 1346 poterat.

354 1361 432 1426 L.
492 1359 620 1426 Hae
676 1373 1186 1452 permanserunt
1229 1383 1416 1452 aquae
1462 1359 1602 1428 dies
1646 1359 2041 1454 complures.
2108 1367 2406 1437 Conatus
2496 1361 2505 1370 ’

247 1465 348 1530 est
391 1467 624 1534 Caesar
678 1465 952 1542 reficere
999 1479 1256 1559 pontes·
1278 1489 1302 1533 ε·
1338 1465 1454 1534 sed
1501 1489 1627 1536 nec
1669 1469 2057 1561 magnitudo
2113 1471 2403 1542 fluminis

251 1571 716 1662 permittebat,
741 1595 956 1665 neque
993 1571 1077 1639 ad
1119 1573 1335 1666 ripam
1375 1572 1709 1666 dispositae
1750 1574 2059 1644 cohortes
2095 1578 2405 1648 adversa-

251 1675 508 1748 riorum
565 1677 800 1772 perfici
819 1677 838 1701 ¹
901 1666 1326 1773 patiebantur
1369 1705 1384 1746 :
1438 1677 1619 1771 quod
1664 1678 1789 1748 illis
1844 1681 2201 1775 prohibere
2266 1701 2410 1756 erat

251 1781 442 1852 facile
461 1837 482 1872 ‚
521 1799 666 1852 tum
709 1785 914 1880 ipsius
967 1785 1258 1854 fluminis
1304 1799 1547 1854 natura
1597 1800 1795 1879 atque
1836 1811 2021 1882 aquae
2065 1794 2406 1886 magnitu—

251 1887 436 1979 dine,
484 1906 632 1959 tum
677 1891 861 1984 quod
898 1915 980 1960 ex
1033 1893 1187 1961 totis
1235 1893 1394 1986 ripis
1437 1891 1507 1960 in
1542 1917 1754 1960 unum
1814 1907 2012 1988 atque
2048 1913 2413 1992 angustum-

199 2023 202 2026 *
251 1993 476 2067 locum
517 1996 651 2066 tela
677 1997 1132 2090 jaciebantur3
1187 2012 1386 2092 atque
1423 2013 1568 2066 erat
1610 1998 1878 2068 difficile
1898 2054 1918 2080 ‚
1962 2002 2197 2072 eodem
2228 2019 2404 2074 tem-

252 2127 448 2194 pore,
476 2103 894 2198 rapidissimo
933 2104 1205 2172 flumine
1225 2158 1244 2192 ‚
1279 2129 1484 2200 opera
1519 2104 1874 2199 perficere,
1904 2122 1971 2176 et
2005 2107 2137 2178 tela
2172 2113 2403 2184 vitare.

356 2211 473 2278 LI.
530 2213 898 2280 Nuntiatur
951 2211 1265 2299 Afranio,
1313 2235 1592 2306 magnos
1656 2215 2007 2284 comitatus
2027 2268 2046 2301 ,
2105 2219 2219 2310 qui
2282 2219 2408 2287 iter

251 2315 592 2386 habebant
642 2316 726 2384 ad
763 2318 1095 2386 Caesarem
1119 2371 1140 2406 ‚
1183 2318 1268 2387 ad
1304 2317 1563 2386 flumen·
1607 2321 1995 2388 constitisse.
2061 2324 2407 2393 Venerant

251 2445 328 2490 eo
385 2425 710 2518 sagittarii
747 2448 828 2492 ex
883 2426 1162 2494 Rutenis
1186 2478 1206 2512 ‚
1261 2425 1511 2519 equites
1556 2450 1638 2492 ex
1696 2423 1910 2494 Gallia
1972 2451 2127 2494 cum
2180 2429 2405 2500 multis

253 2532 455 2600 carris
501 2532 890 2629 magnisque
947 2532 1438 2625 impedimentis
1458 2585 1478 2618 ‚
1524 2547 1602 2600 ut
1644 2531 1779 2599 fert
1822 2530 2060 2625 gallica
2117 2560 2403 2605 consue-

254 2637 431 2706 tudo.
480 2640 695 2706 Erant
743 2652 1062 2732 praeterea
1115 2638 1436 2732 cujusque
1489 2639 1747 2731 generis
1804 2638 2151 2708 hominum
2202 2640 2406 2711 millia

255 2744 520 2812 circiter
553 2745 655 2812 VI
695 2770 848 2812 cum
886 2745 1092 2813 servis
1128 2742 1555 2838 liberisque¹;
1595 2743 1708 2813 sed
1747 2742 1968 2813 nullus
2004 2744 2172 2814 ordo
2198 2801 2217 2836 ‚
2255 2748 2402 2816 nul-

254 2846 386 2917 lum
439 2851 798 2944 imperium
860 2864 1153 2939 certum,
1191 2876 1400 2944 quum
1457 2876 1578 2919 suo
1633 2851 1910 2944 quisque
1955 2851 2229 2921 consilio
2260 2869 2403 2925 ute·

257 2972 438 3025 retur
462 3010 484 3044 ‚
533 2970 732 3049 atque
778 2959 1192 3026 omnes-sine
1230 2960 1472 3025 timore
1509 2959 1636 3027 iter
1684 2956 2013 3047 facerent,
2055 2962 2155 3027 usi
2200 2985 2402 3057 supe-

255 3064 505 3132 riorum
544 3077 924 3157 temporum
962 3078 1160 3158 atque
1197 3066 1508 3132 itinerum
1551 3064 1831 3133 licentia.
1866 3068 2078 3134 Erant
2104 3066 2404 3164 complu-

256 3288 296 3322 ο.
326 3271 396 3335 8;
427 3280 484 3320 et
515 3266 734 3319 demum
763 3266 1026 3337 insignem
1042 3279 1288 3319 nostrum
1379 3268 1585 3333 Coesar,
1614 3268 1738 3321 vide
1764 3282 1811 3321 c:
1845 3270 1915 3333 34
1944 3270 2105 3342 hujus
2134 3272 2293 3340 libri3
2324 3274 2405 3327 nil

255 3348 578 3402 Maur-icium
598 3342 620 3407 (
637 3349 854 3399 Reveries
879 3348 946 3398 clu
964 3346 1208 3397 mare'claal
1229 3347 1290 3398 de
1375 3360 1555 3401 tamen
1586 3348 1901 3402 mutandum
1922 3370 1935 3402 :
1960 3370 2086 3403 nam
2124 3353 2283 3405 lectio
2314 3371 2405 3406 co·

257 3429 395 3490 Saxe,
417 3440 455 3481 t.
487 3422 598 3490 11‚§
619 3447 674 3497 7,·
689 3428 968 3497 dapassage
981 3427 1064 3478 des
1078 3429 1285 3481 rivieres.
1374 3426 1557 3481 dicum
1588 3448 1884 3500 congruere
1900 3429 2143 3484 videtur:
2167 3445 2283 3484 tum
2302 3451 2409 3485 ser·

333 3510 468 3561 Cn».
487 3508 686 3559 XLIX.
709 3524 752 3559 1.
769 3508 902 3559 Loca
921 3510 1126 3576 integra.
1144 3506 1290 3559 Non·
1372 3508 1428 3561 vi
1458 3521 1637 3565 erant,
1664 3522 1779 3561 tum
1819 3509 1977 3562 liberi
2018 3515 2273 3581 cujusque
2310 3530 2401 3583 ge-

255 3586 383 3641 dum
407 3586 844 3659 pabulationibus
863 3588 1180 3639 vacuefacta.
1208 3586 1286 3639 M.
1373 3588 1541 3653 neris,
1558 3588 1636 3639 illi
1660 3588 1819 3641 etiam
1843 3588 1939 3659 qui
1961 3608 2073 3641 non
2095 3591 2153 3641 in
2170 3592 2405 3646 exercitu

332 3670 468 3722 Car.
511 3669 574 3720 L.
629 3684 673 3719 1.
719 3664 914 3736 Perfici.
953 3665 1135 3719 Codex
1173 3684 1283 3737 reg.
1373 3669 1650 3731 merebant
1666 3706 1682 3732 ,
1746 3687 1871 3721 cum
1923 3668 2073 3721 omni
2128 3671 2402 3727 comitatu.

261 3747 409 3818 5768
429 3787 446 3814 ‚
471 3744 732 3819 proficisci.
761 3744 1034 3799 Mendose.
1053 3778 1134 3789 --
1159 3746 1286 3798 Flu·
1373 3778 1454 3789 --
1482 3746 1601 3800 Usu.
1646 3748 1877 3817 Vulgata
1920 3748 2083 3801 habet
2128 3753 2234 3815 usi,
2274 3770 2405 3822 pro-

255 3831 390 3879 minis
403 3839 602 3879 natur-a.
621 3828 750 3878 Erat
763 3826 1011 3892 enim,ut
1029 3827 1285 3897 sequitur,
1371 3826 1533 3879 hante
1574 3826 1790 3880 Davisio
1821 3845 1835 3879 ε
1863 3828 2019 3897 parvi
2060 3827 2297 3884 interest.
2318 3864 2401 3875 —-

256 3905 670 3979 rapidissimum.
699 3906 778 3963 M.
1373 3907 1611 3959 Licentia.
1638 3906 1927 3959 securitate
1940 3947 1954 3971 ‚
1989 3926 2093 3979 qua
2121 3910 2225 3962 iter
2262 3912 2401 3966 fece-

334 3988 463 4039 Cu.
485 3988 577 4039 LI.
607 4005 630 4039 1
643 4025 656 4038 .
693 3985 817 4037 Cum
845 3990 990 4039 servis
1019 3986 1284 4057 liberisque.
1373 3998 1494 4037 rant
1507 4026 1522 4050 ,
1542 3986 1816 4057 superiore
1838 4000 2103 4059 tempore,
2118 4009 2287 4061 quum
2305 3992 2403 4046 flu-

255 4066 335 4117 Ita
359 4066 520 4120 codd.
551 4064 753 4119 omnes.
780 4066 1078 4140 Hotmanus
1109 4066 1288 4118 mallet
1373 4082 1496 4117 men
1533 4084 1631 4117 nec
1671 4065 1884 4119 nivibus
1914 4082 2160 4135 auctum,
2187 4090 2287 4125 nec
2316 4072 2406 4124 in-

261 4146 526 4220 libertisque
555 4167 575 4201 .·
606 4144 692 4200 sic'
717 4146 864 4199 enim
893 4146 1020 4207 alibi
1047 4146 1288 4217 loquitur
1373 4143 1701 4201 undantibus
1732 4146 1881 4218 aquis
1900 4147 2221 4221 impeditum
2250 4164 2401 4205 esset.
