3025 5025
589 457 689 556 98
870 457 946 524 c.
1003 452 1306 522 JULH
1362 450 1840 520 cAEsAnls
1895 451 2459 524 COMMENT.

590 587 829 660 collem
861 583 1216 702 quemdam
1253 596 1519 670 nactus,
1550 582 1642 650 ibi
1666 583 1979 652 constitit.
2016 585 2121 652 Ex
2148 608 2231 652 eo
2264 583 2417 654 loco
2450 599 2745 679 quatuor
2800 593 2807 604 '

590 679 1002 767 cetratorum
1047 691 1357 761 cohortes
1399 691 1470 758 in
1511 703 1811 760 montem
1832 743 1853 778 ,
1906 691 2021 784 qui
2071 705 2217 760 erat
2259 693 2331 759 in
2374 708 2747 788 conspectu

587 803 888 874 omnium
932 797 1444 883 excelsissimuS,
1489 797 1718 866 mittit.
1764 799 1965 866 Hunc
2019 821 2267 891 magno
2322 823 2525 867 cursu
2576 825 2743 869 con·

587 911 825 979 citatos
866 907 1062 1000 jubet
1109 926 1478 998 occupare,
1528 929 1613 972 eo
1654 901 1963 990 consilio,
2008 917 2087 972 ut
2122 905 2265 998 ipse
2309 905 2545 974 eodem
2592 933 2743 976 om-

585 1016 780 1086 nibus
805 1014 1014 1108 copiis
1053 1011 1527 1099 contenderet,
1561 1025 1663 1098 et,
1699 1024 1957 1080 mutato
1996 1011 2231 1080 itinere
2242 1011 2471 1108 ‚jugis
2479 998 2741 1082 ³Oeto-

587 1145 812 1218 gesam
837 1120 1237 1218 perveniret.
1262 1121 1464 1188 Hunc
1487 1139 1701 1212 quum
1730 1115 2043 1212 obliquo
2024 1118 2259 1186 ninere
2288 1121 2526 1188 cetrati
2556 1133 2741 1214 pete-

585 1244 766 1313 rent,
798 1228 1218 1322 conspicatus
1257 1225 1595 1319 equitatus
1626 1225 1907 1296 Caesaris
1922 1278 1943 1312 ,
1974 1226 2049 1293 in
2074 1225 2387 1294 cohortes
2412 1228 2743 1320 impetum

581 1337 780 1409 facit:
807 1355 934 1404 nec
967 1333 1308 1402 minimam
1352 1345 1615 1426 partem
1650 1332 1971 1426 temporis
1997 1332 2297 1427 equitum
2334 1335 2472 1401 vim
2506 1337 2745 1404 cetrati

545 1455 547 1457 ’
581 1444 904 1512 sustinere
966 1452 1364 1536 potuerunt,
1421 1462 1789 1532 omnesque
1846 1438 1931 1507 ab
1994 1439 2091 1506 eis
2149 1440 2621 1528 circumventi,
2668 1443 2744 1509 in

584 1562 956 1644 conspectu
989 1548 1334 1640 utriusque
1377 1547 1707 1615 exereitus
1744 1545 2254 1614 interficiuntur.

688 1657 938 1724 LXXI.
986 1657 1152 1722 Erat
1195 1653 1459 1722 occasio
1493 1654 1666 1722 bene
1707 1651 2015 1747 gerendae
2052 1653 2167 1720 rei.
2198 1653 2437 1748 Neque
2468 1679 2635 1723 vero
2672 1656 2746 1724 id

583 1765 918 1834 Caesarem
963 1760 1295 1855 fugiebat,
1329 1773 1519 1828 tanto
1565 1758 1691 1828 snb
1732 1757 1948 1828 oculis
1986 1775 2263 1856 accepto
2290 1761 2703 1831 ‘detrimento
2726 1817 2749 1851 ,

583 1869 1016 1965 perterritum
1045 1867 1412 1934 exercitum
1441 1867 1769 1935 sustinere
1798 1891 1939 1934 non
1963 1891 2187 1960 posse,
2216 1869 2583 1961 praesertim
2614 1871 2747 1939 cir-

583 1975 974 2044 cumdatum
1017 1972 1311 2066 undique
1364 1974 1665 2065 equitatu
1684 2025 1705 2060 ,
1750 1997 1960 2066 quum
2004 1974 2077 2042 in
2119 1971 2269 2042 loco
2306 1999 2497 2070 aequo
2530 1991 2749 2072 atque

583 2095 816 2177 aperto
872 2078 1390 2172 confligeretur:
1425 2077 1628 2172 idque
1681 2103 1763 2148 ex
1816 2079 2128 2147 omnibus
2183 2082 2483 2176 partibus
2527 2083 2612 2150 ab
2661 2109 2749 2152 eo

583 2183 1052 2282 flagitabatur¹.
1082 2185 1598 2254 Concurrebant
1624 2181 1853 2279 legati,
1879 2187 2333 2275 centuriones,
2360 2189 2750 2284 tribunique

581 2293 867 2364 militum
884 2346 905 2381 ,
927 2321 962 2357 ι(
985 2317 1070 2360 ne
1097 2290 1433 2360 dubitaret
1457 2291 1760 2385 praelium
1789 2293 2241 2362 committere:
2269 2296 2571 2364 omnium
2599 2320 2751 2367 esse

581 2401 866 2471 militum
899 2399 1348 2494 paratissimos
1383 2399 2093 2486 animoszAfranianos·
2117 2415 2349 2469 contra
2381 2401 2606 2482 multis
2638 2429 2747 2472 re-

584 2508 712 2577 bus
745 2508 843 2577 sui
881 2505 1136 2575 timoris
1167 2506 1351 2599 signa
1385 2505 1675 2594 misisse,
1703 2503 1885 2601 quod
1914 2506 2048 2576 suis
2083 2532 2219 2575 non
2249 2508 2751 2599 subvenissent,

584 2615 768 2709 quod
794 2614 878 2683 de
910 2611 1082 2683 colle
1110 2637 1250 2680 non
1281 2612 1715 2698 decederent,
1738 2612 1919 2707 quod
1956 2615 2068 2683 vix
2104 2616 2406 2708 equitum
2436 2618 2750 2689 incursus

589 2723 991 2791 sustinerent
1013 2773 1033 2808 ,
1067 2717 1458 2813 collatisque
1496 2720 1569 2786 in
1610 2744 1821 2787 unum
1866 2718 2090 2789 locum
2128 2719 2397 2815 signif,
2425 2724 2714 2794 conferti
2730 2781 2752 2815 ‚

675 2938 1026 3009 3.Jug1:s.1d
1055 2952 1160 3005 est,
1188 2958 1287 3011 per
1308 2941 1438 3011 juga
1465 2958 1624 2991 mon·
1710 2940 1923 3005 locatis,
1962 2939 2095 2993 dum
2138 2943 2335 2997 milites
2378 2963 2481 2997 nec
2528 2944 2756 3003 ordines

593 3023 746 3075 tium.
760 3020 948 3073 Horu.
1712 3038 1835 3083 suos
1850 3058 1868 3085 ,
1890 3039 1993 3073 nec
2011 3022 2095 3074 vel
2116 3022 2230 3093 ipsa
2246 3022 2396 3094 sigua
2419 3026 2757 3095 servarent),

676 3103 808 3155 Cn».
829 3100 1027 3153 LXXI.
1061 3119 1111 3153 1.
1140 3100 1292 3172 quue
1321 3120 1383 3151 ex
1411 3098 1627 3151 omnibus
1712 3099 1979 3153 existimat
1995 3100 2350 3175 Oudendorp.
2367 3105 2425 3155 in
2439 3104 2523 3158 ed.
2542 3121 2751 3164 recent.

587 3182 812 3256 partibus
837 3180 899 3232 ab
929 3200 984 3233 eo
998 3180 1348 3252 flagitabatur.
1374 3179 1503 3231 Haec
1532 3177 1629 3231 de-
1714 3180 1827 3233 Cur
1843 3199 1971 3235 vero
1987 3182 2255 3252 vulgatam
2268 3197 2638 3251 mutassemus,
2653 3190 2761 3241 mi·

595 3276 720 3317 sunt
734 3263 789 3313 in
809 3258 933 3313 edd.
950 3263 1137 3327 Rom„
1151 3258 1631 3324 Medi01„venet.,
1713 3259 1859 3313 nime
1872 3260 2031 3315 video
2050 3279 2063 3313 z
2084 3263 2251 3317 moris
2266 3264 2413 3317 enim
2436 3279 2579 3331 erat,
2604 3268 2759 3339 apud

597 3340 743 3415 quod
787 3340 1048 3413 probabat
1086 3339 1399 3394 Bentleius.
1436 3337 1631 3391 adsunt
1714 3359 1963 3394 romanos
1981 3342 2205 3407 milites,
2232 3343 2278 3395 si
2308 3344 2447 3397 forte
2462 3383 2479 3410 ,
2508 3366 2601 3399 seu
2621 3346 2755 3403 hoe-

597 3426 656 3479 in
683 3422 880 3476 nostris
906 3420 1062 3475 codd.
1716 3420 1855 3475 tium
1892 3434 2067 3487 metu,
2099 3440 2193 3475 seu
2231 3425 2607 3479 rebellantium
2634 3430 2757 3483 ani-

684 3524 736 3557 2.
760 3502 966 3555 Collatis
977 3504 1189 3572 signis...
1209 3501 1466 3567 confit-ti...
1483 3517 1631 3569 neque
1716 3519 1930 3553 morum
1950 3502 2271 3573 pervicacia,
2292 3505 2471 3557 minus
2488 3505 2635 3559 dieto
2654 3528 2757 3563 au..

598 3590 742 3654 signa
773 3595 1033 3637 servarent.
1074 3582 1200 3633 Haec
1215 3617 1234 3645 ‚
1276 3593 1338 3631 ut
1383 3578 1631 3631 observat
1717 3578 1923 3635 dientes
1962 3595 2161 3646 essent,
2198 3587 2353 3651 signis
2376 3589 2429 3636 in
2462 3606 2609 3639 unum
2648 3590 2759 3643 col..

599 3663 896 3729 Bentleius,
940 3681 1050 3713 non
1091 3661 1227 3713 bene
1263 3656 1627 3725 concordant:
1718 3662 1833 3713 latis
1848 3700 1867 3723 ‚
1914 3663 2152 3728 confit-tos
2196 3684 2311 3717 esse.
2370 3665 2620 3721 sollenne
2673 3683 2761 3725 est

597 3764 724 3799 nam
741 3744 784 3797 si
801 3743 1003 3811 confit-ti
1021 3742 1208 3807 collatis
1223 3742 1375 3809 signis
1394 3738 1637 3805 fuissent,
1718 3742 2021 3813 exemplum
2046 3741 2192 3814 apud
2222 3745 2499 3811 Tacitum,
2526 3750 2726 3803 Amal.
2738 3788 2757 3816 ,

599 3827 778 3878 forsan
818 3842 930 3875 non
974 3820 1216 3885 ordines,
1255 3831 1311 3871 at
1343 3818 1527 3871 saltem
1562 3824 1633 3871 si·
1718 3822 1813 3873 lib.
1848 3842 1905 3887 1,
1934 3841 2051 3892 cap.
2089 3824 2188 3885 18,
2216 3827 2309 3878 ubi
2340 3826 2574 3897 legiones
2599 3827 2757 3895 duae,

598 3925 700 3977 gna
728 3903 1076 3956 servavissent
1098 3920 1208 3953 sua.
1237 3897 1399 3951 Unde
1429 3898 1637 3971 aliquid
1720 3903 1941 3957 exitium
1968 3904 2277 3975 reipublicae
2306 3907 2644 3975 minitantes,
2682 3911 2761 3965 si-

601 3986 849 4039 hocloco
873 3982 1052 4035 deesse
1077 3978 1144 4033 ad
1161 3999 1374 4035 sensum
1397 3980 1634 4033 efficien-
1719 4002 1823 4053 gna
1858 3984 1919 4037 in
1961 4003 2129 4037 unum
2160 3987 2463 4041 conferunt.
2502 3989 2617 4041 Nec
2658 3992 2759 4045 ab·

605 4064 766 4130 dum;
787 4065 871 4117 vel
893 4082 998 4134 pro
1017 4062 1206 4113 collatis
1229 4058 1510 4131 legendum
1533 4060 1633 4113 col-
1720 4062 1947 4117 surdum
1977 4078 2154 4119 tamen
2179 4063 2359 4121 dicere
2385 4067 2453 4121 de
2484 4069 2567 4123 his
2598 4070 2758 4143 ipsis,

605 4147 774 4199 locatis
797 4140 886 4209 (id
913 4154 1014 4208 est,
1043 4142 1102 4194 in
1129 4143 1308 4213 aliquo
1327 4140 1448 4195 loco
1473 4140 1639 4195 simul
1720 4148 1865 4213 signa
1892 4165 1991 4200 non
2018 4158 2237 4209 oervan25
2274 4151 2417 4218 signa
2458 4148 2607 4205 enim
2640 4170 2757 4205 non
