3025 5025
990 510 1705 580 HISPANIENSI.
2199 550 2203 557 ·
2268 512 2407 611 557

302 675 335 709 «
375 648 705 715 Caesarem
734 642 910 711 nolle
937 644 1008 711 in
1033 642 1401 711 convallem
1426 641 1862 728 descendere,
1896 643 2074 735 quod
2100 646 2418 738 majorem

291 766 550 845 partem
575 752 898 820 exercitus
921 751 1202 817 tironem
1231 749 1525 817 haberet.
1556 778 1591 812 n
1622 751 1741 835 Hae
1772 748 1973 817 literae
1992 750 2419 821 vehementer

275 858 787 935 ,confirmabant
807 870 1060 925 mentes
1087 852 1590 949 oppidanorum.
1623 857 1756 937 Ita,
1791 854 1916 922 hac
1942 858 2249 949 opinione
2292 859 2419 927 fre-

298 977 440 1051 tus,
471 977 685 1032 totum
715 986 782 1031 se
815 961 1030 1030 facere
1051 959 1072 985 ²
1105 985 1296 1056 posse
1333 960 1793 1028 existimabat:
1818 961 2059 1029 etenim
2088 977 2160 1031 et
2185 978 2425 1033 natura

297 1068 429 1138 loci
470 1067 980 1150 defendebatur,
1016 1080 1083 1135 et
1119 1068 1322 1160 ipsius
1363 1065 1589 1159 oppidi
1630 1068 2016 1151 munitione,
2056 1068 2170 1136 ubi
2206 1084 2421 1138 castra

297 1174 533 1243 habuit
559 1176 914 1251 constituta
941 1198 956 1241 :
989 1157 1322 1266 namque³‚
1349 1186 1426 1239 ut
1461 1173 1759 1266 superius
1788 1170 2381 1244 demonstravimus
2400 1230 2418 1262 ‚

300 1279 449 1348 loca
493 1279 872 1349 excellentia
916 1277 1186 1347 tumulis
1229 1279 1589 1365 contineri3
1625 1279 1885 1347 interim
1932 1278 2107 1350 nulla
2154 1280 2425 1374 planitia

297 1385 553 1455 dividit.
807 1388 812 1395 ’
979 1392 986 1397 ’

412 1494 667 1561 XXIX.
721 1492 870 1559 Sed·
891 1493 1140 1562 ratione
1200 1490 1380 1559 nulla
1433 1490 1681 1585 placuit
1722 1493 1924 1559 taceri
1970 1490 2041 1559 id
2061 1546 2080 1577 ‚
2124 1492 2303 1585 quod
2343 1519 2425 1563 eo

301 1597 537 1667 incidit
573 1611 889 1691 tempore.
936 1596 1241 1666 Planities
1284 1599 1456 1665 inter
1497 1612 1777 1690 utraque.
1813 1612 2027 1665 castra
2064 1599 2425 1668 intercede·-

303 1704 454 1789 bat,
493 1705 752 1772 circiter
793 1703 993 1773 millia
1022 1726 1334 1797 passuum
1371 1704 1694 1797 quinque,
1737 1717 1814 1770 ut
1854 1703 2093 1771 auxilia
2134 1706 2429 1799 Pompeii

303 1808 562 1878 duabus
590 1809 1101 1879 defenderentur
1131 1810 1364 1897 rebuS‚
1389 1808 1617 1903 oppidi
1646 1808 1881 1877 excelsi
1910 1824 1977 1878 et
2006 1808 2132 1878 loci
2167 1826 2421 1879 natura.

293 1915 480 1985 Hinc
520 1915 808 2009 dirigens
846 1916 1144 2009 proxima
1184 1914 1484 2009 planities
1509 1913 1949 2008 aequabatur¹‚
1978 1916 2164 2009 cujus
2194 1917 2428 1986 decur-

305 2042 456 2089 sum
487 2021 914 2091 antecedebat
957 2023 1170 2109 rivus,
1202 2022 1314 2116 qui
1341 2020 1425 2089 ad
1467 2046 1699 2089 eorum
1728 2045 2062 2090 accessum
2103 2046 2428 2091 summam

302 2126 639 2198 >efficiebat
700 2126 825 2197 loci
873 2128 1280 2221 iniquitatem
1327 2153 1342 2194 :
1401 2151 1555 2195 nam
1608 2125 1881 2221 palustri
1922 2141 1990 2195 et
2036 2152 2196 2196 vora
2248 2130 2431 2199 'noso

309 2231 452 2301 solo
497 2257 770 2301 currens
816 2230 991 2301 erat²
1030 2233 1116 2301 ad
1155 2232 1481 2301 dextrum:
1538 2236 1625 2301 Et
1668 2234 1889 2301 Caesar
1915 2286 1935 2321 ‚
1977 2153 2429 2326 quumssdciem

307 2338 626 2407 directam
655 2338 922 2407 vidisset
939 2392 958 2425 ‚
977 2362 1111 2407 non
1147 2337 1377 2407 habuit
1406 2337 1716 2424 dubium,
1738 2340 1897 2430 quin
1922 2338 2138 2406 media
2164 2339 2431 2433 planitie

307 2446 377 2512 in
405 2468 664 2539 aequum
687 2444 772 2513 ad
800 2443 1245 2514 dimicandum
1268 2442 1625 2514 adversarii
1650 2443 2102 2537 procederent.
2124 2448 2271 2517 Hoc
2290 2462 2431 2516 erat

313 2655 519 2705 civitatis
550 2655 635 2725 qui
649 2653 1110 2720 fuissentsautores.
1143 2649 1229 2702 Sic
1251 2650 1328 2702 le·

307 2731 540 2802 gendum
569 2745 718 2802 pute.
760 2731 950 2783 Sensus
980 2743 1088 2796 est,
1119 2728 1331 2781 miserat

309 2812 510 2864 litteras
541 2811 624 2864 his
659 2811 885 2863 civitatis
927 2809 1050 2862 Urs.
1077 2805 1168 2871 (in
1199 2807 1330 2860 civi·

311 2903 420 2944 tate
450 2888 633 2956 Urs.),
652 2891 746 2961 qui
771 2890 931 2960 hujus
959 2888 1186 2942 civitatis
1216 2887 1330 2940 sau·

315 2985 454 3024 tores
487 2969 728 3042 Pompeii
747 2969 965 3022 fuissent
979 2968 1062 3035 ,h.
1082 2987 1128 3022 e.
1153 2980 1332 3032 erant,

314 3063 376 3102 ut
405 3050 536 3102 solet
566 3049 654 3102 hic
693 3049 918 3120 scriptor
947 3048 1111 3118 loqui.
1151 3047 1231 3099 De
1265 3047 1330 3097 li·

313 3131 439 3182 teris
457 3141 533 3182 est
555 3148 668 3200 cap.
692 3132 782 3182 26.
804 3127 944 3198 Ergo
965 3139 1192 3197 utroque
1211 3126 1331 3178 loco

313 3210 399 3263 vel
444 3208 650 3260 Ursaon.
696 3208 782 3260 vel
832 3208 890 3258 V
881 3225 1067 3259 ersaon.
1097 3206 1332 3276 legetur3

315 3286 410 3342 sed
424 3289 572 3360 prius
587 3301 664 3340 est
677 3288 886 3340 rectius,
908 3287 1045 3351 Quia
1061 3303 1188 3337 vero
1208 3282 1330 3337 edd.

316 3379 444 3422 vett.
471 3368 660 3420 Fausto
686 3379 806 3420 ante
827 3367 1051 3420 verbum
1082 3377 1225 3416 antea
1249 3363 1332 3415 in·

313 3459 530 3512 serunt3
561 3447 746 3500 maluit
777 3443 1046 3510 Oudend.,
1076 3444 1234 3518 quod,
1254 3448 1336 3516 qui

323 3527 464 3580 Ursoe
501 3530 590 3578 cio.
615 3526 909 3598 praefuisset,
944 3525 1156 3585 Fausto,
1193 3535 1336 3574 antea

317 3608 353 3659 l.
383 3625 446 3658 m.
467 3605 613 3658 Nihil
643 3617 847 3659 certum
869 3615 946 3655 est
967 3603 1024 3654 in
1046 3604 1154 3656 hoc
1171 3604 1328 3655 libro.

319 3685 398 3738 Μ.
425 3683 566 3738 Vide
585 3698 696 3738 not.
730 3682 797 3736 ad
821 3701 936 3753 cap.
975 3686 1064 3735 26.
1083 3714 1164 3724 —-
1180 3684 1338 3734 Exer-

318 3769 442 3818 citus
481 3769 694 3816 tironem.
733 3763 911 3832 Vulgo
952 3766 1204 3814 exercitum
1219 3800 1234 3824 ,
1277 3772 1338 3813 ut

319 3863 438 3915 cap.
473 3848 564 3896 26.
597 3843 700 3896 Alii
736 3847 955 3894 tib-onum.

407 3943 456 3976 α.
484 3925 655 3975 Totum
658 3923 841 3989 facere.
864 3921 1079 3984 Facere,
1093 3937 1210 3989 qum
1225 3919 1338 3971 vel·

317 4004 410 4056 let.
431 4003 630 4054 Duker.
660 4001 727 4054 de
748 4001 922 4054 Latin.
950 4000 982 4050 J
985 3999 1260 4062 uriacens„
1280 4019 1334 4071 p.

331 4082 465 4135 353.
493 4081 640 4134 Ouo.
669 4081 840 4134 scilic.
871 4098 932 4132 ea
964 4079 1164 4130 locutio
1195 4076 1339 4148 apud

327 4161 622 4234 Ulpianum
661 4159 912 4215 occurrit.
957 4155 1118 4229 Apud
1154 4157 1338 4210 Petro·-

1415 2649 1585 2712 nium,
1599 2668 1714 2720 cap.
1734 2650 1827 2719 37,
1851 2651 2216 2705 Trimalchionis
2230 2664 2430 2723 tapanta

1415 2741 1518 2794 3583
1548 2727 1606 2780 id
1633 2741 1737 2792 est,
1771 2741 1917 2781 totum
1939 2732 2121 2796 facem.

1499 2809 1552 2860 3.
1572 2808 1846 2882 Namque...
1874 2809 2059 2862 dividit.
2090 2810 2157 2862 Et
2171 2809 2283 2861 haec
2308 2829 2429 2864 cor·

1415 2901 1575 2959 rupta
1594 2901 1733 2940 sunt.
1774 2888 1851 2942 M.
1872 2889 2093 2961 Respice
2117 2887 2183 2940 ad
2201 2889 2260 2942 B.
2285 2889 2345 2942 C.
2380 2909 2430 2956 1,
2498 2893 2507 2914 '

1419 2969 1526 3032 43,
1558 2980 1612 3019 et
1638 2967 1750 3019 Afr.
1782 2970 1872 3022 51.
1904 2968 2043 3020 Mira
2071 2968 2177 3022 hoc
2201 2970 2321 3020 loco
2352 2981 2433 3023 est

1416 3046 1657 3098 lectionis
1686 3049 1923 3100 varietas.

1499 3126 1627 3178 Cu».
1657 3125 1859 3178 XXIX.
1909 3146 1931 3178 1
1945 3167 1957 3179 .
1993 3128 2230 3179 Planities
2270 3149 2433 3200 oequa-

1420 3205 1579 3256 batur.
1630 3207 1800 3274 AEqua
1840 3219 1951 3258 erat
1966 3243 1983 3270 ‚
2004 3225 2075 3258 sc.
2123 3225 2271 3278 aequa
2305 3226 2434 3278 pro-

1419 3284 1682 3336 cur-rebat.
1705 3283 1851 3349 Quid
1870 3286 1936 3337 sit
1952 3286 2161 3354 dirigens
2184 3326 2198 3348 ,
2235 3289 2430 3340 nescio.

1419 3363 1495 3416 Μ.
1513 3364 1680 3428 Puto,
1700 3377 1840 3416 recta
1855 3401 1871 3427 ‚
1893 3363 2107 3418 directa.

1505 3462 1556 3495 a.
1606 3441 1812 3495 Cur-rem
1852 3440 1993 3505 erat(
2009 3446 2166 3515 vulgo
2184 3443 2432 3509 currebat)

1422 3523 1491 3573 ad
1509 3523 1728 3574 dextrum
1743 3520 1936 3594 (vulgo
1971 3523 2041 3574 ad
2071 3525 2285 3576 dextram
2310 3545 2433 3596 par-

1423 3599 1561 3665 tem).
1575 3603 1663 3653 Et.
1682 3604 1785 3655 Pro
1794 3614 1995 3673 partem.
2012 3603 2111 3668 Et,
2123 3605 2178 3655 in
2192 3601 2347 3656 codd.
2360 3615 2438 3671 est

1423 3683 1480 3733 id
1500 3681 1644 3753 quod.
1678 3683 1817 3753 Ergo
1848 3683 2084 3752 legetur:
2118 3703 2307 3734 currens
2334 3696 2441 3734 erat

1425 3761 1494 3812 ad
1514 3761 1747 3814 dextrum.
1768 3762 1917 3830 Quod
1934 3761 2059 3813 Coes.
2082 3781 2223 3833 quum
2245 3778 2319 3814 ac.
2342 3763 2438 3816 dir.

1425 3841 1510 3892 Sic
1525 3840 1654 3910 quod
1662 3859 1801 3912 quum
1819 3842 2183 3911 conjungitur,
2201 3842 2237 3893 i.
2254 3860 2322 3906 e.‚
2338 3861 2440 3913 qua

1425 3920 1482 3971 in
1512 3938 1571 3971 re
1594 3939 1776 3990 quum.
1798 3918 1925 3972 vid.
1958 3921 2019 3972 B.
2046 3921 2106 3972 C.
2134 3921 2174 3973 l.
2203 3938 2273 3972 111
2297 3961 2312 3989 ,
2345 3924 2440 3975 68.

1429 3999 1569 4051 Usus
1595 4000 1861 4070 participii
1878 4017 1999 4051 cum
2016 4001 2181 4051 verbo
2200 4002 2439 4053 substan·

1427 4078 1539 4130 tivo
1566 4080 1725 4130 etiam
1748 4079 1961 4149 optimis
1979 4080 2322 4150 scriptoribus
2342 4099 2441 4134 no·

1428 4169 1529 4211 tus.
1557 4156 1699 4210 Vide
1732 4158 1860 4211 Cic..
1878 4158 2046 4224 Orat„
2066 4178 2113 4210 c.
2151 4160 2237 4212 13.
