3025 5025
1405 520 1544 586 DE
1598 518 1951 585 BELLO

597 678 804 754 quum
847 652 1102 739 locum,
1147 665 1286 719 tam
1339 648 1677 737 celeriter,
1728 649 1939 743 gradu
1993 647 2232 743 pulsae,
2276 648 2743 743 premebantur

598 762 729 831 loci
772 761 1132 854 iniquitate.
1181 761 1417 877 Itaque
1460 755 1687 826 multis
1722 755 2039 825 militibus
2076 755 2318 849 partim
2354 755 2743 842 interfectiS‚

597 868 841 963 partim
897 888 1171 935 suorum
1231 864 1424 932 ruina
1478 864 1848 959 oppressiS,
1899 864 2015 956 qui
2062 859 2413 929 velocitate
2457 860 2746 957 effugere

599 986 945 1068 poterant,
991 973 1193 1039 armis
1237 984 1463 1038 tamen
1503 970 1853 1101 projectis,
1895 966 2136 1036 vallem
2182 970 2612 1062 transgressi,
2652 970 2745 1037 ni-

598 1079 692 1149 hil
753 1102 834 1149 ex
895 1076 1043 1147 loco
1101 1078 1440 1172 superiore
1501 1074 1829 1145 inermes²
1860 1074 2221 1183 proficere
2274 1088 2605 1168 poterant.
2666 1076 2747 1143 At

599 1188 846 1270 nostri,
904 1186 1183 1253 victoria
1239 1182 1424 1270 elati,
1484 1182 1706 1251 subire
1763 1184 2093 1275 iniquum
2126 1179 2382 1267 locum,
2438 1182 2747 1250 munitio·

598 1316 846 1386 nesque
891 1290 1165 1385 aggredi
1209 1314 1347 1358 non
1389 1289 1797 1359 dubitarunt.
1840 1286 2369 1359 Defendentibus
2408 1301 2633 1356 autem
2680 1289 2750 1355 iis

599 1397 990 1470 cohortibus
1037 1412 1285 1483 castra,
1319 1420 1502 1489 ‘quas
1554 1394 1934 1484 Pharnaces
1994 1392 2301 1490 praesidio
2354 1393 2712 1488 reliquerat
2733 1448 2751 1481 ,

601 1504 907 1575 celeriter
937 1504 1168 1573 castris
1203 1503 1495 1571 hostium
1528 1515 1682 1571 sunt
1711 1496 1920 1596 potiti.
1945 1500 2308 1569 Interfecta
2332 1499 2751 1569 multitudine

601 1634 874 1681 suorum
894 1654 924 1694 ‚·
953 1624 1069 1678 aut
1103 1602 1330 1704 capta,
1371 1609 1747 1677 Pharnaces
1782 1632 1935 1690 cum
1974 1608 2201 1702 paucis
2240 1608 2572 1700 equitibus
2601 1632 2751 1701 pro-

603 1719 811 1812 fugit:
852 1717 961 1785 cui
1003 1718 1127 1785 nisi
1157 1728 1529 1784 castrorum
1558 1715 1971 1809 oppugnatio
2014 1711 2399 1782 facultatem
2436 1711 2753 1782 attulisset

601 1823 873 1894 liberius
916 1820 1374 1918 profugiendi,
1407 1822 1599 1891 vivus
1640 1822 1709 1888 in
1744 1823 2025 1891 Caesaris
2070 1834 2469 1914 potestatem
2510 1820 2752 1890 adduc-

605 1946 714 2001 tus
755 1943 942 1998 esset.

713 2036 1069 2105 LXXVII.
1125 2033 1270 2102 Tali
1299 2034 1579 2104 victoria
1616 2035 1809 2103 toties
1842 2036 2060 2104 victor
2084 2032 2106 2059 ‘
2136 2037 2361 2104 Caesar
2396 2034 2757 2104 incredibili

611 2157 711 2211 est
747 2141 971 2210 laetitia
1015 2140 1330 2225 affectus,
1376 2140 1555 2234 quod
1600 2142 1965 2211 maximum
2016 2140 2263 2210 bellum
2311 2154 2499 2209 tanta
2533 2139 2754 2210 celeri-

607 2264 744 2319 tate
787 2246 1215 2334 confecerat3
1271 2248 1584 2342 quodque
1642 2248 1841 2317 subiti
1894 2246 2171 2343 periculi
2214 2248 2590 2317 recordatio
2665 2260 2758 2315 est

609 2354 843 2439 laetior,
867 2354 1046 2448 quod
1073 2353 1351 2422 victoria
1393 2354 1598 2423 facilis
1631 2378 1712 2422 ex
1744 2353 2147 2425 difficillimis
2183 2354 2381 2423 rebus
2410 2354 2755 2423 acciderat.

610 2462 826 2555 Ponto
869 2474 1140 2559 recepto
1167 2514 1186 2545 ‚
1239 2451 1465 2555 praeda
1493 2461 1693 2530 ‘omni
1746 2462 1941 2556 regia·
1984 2460 2299 2530 militibus
2344 2460 2717 2530 condonata
2738 2513 2757 2546 ‚

611 2583 880 2664 postero
915 2567 1020 2636 die
1063 2591 1216 2635 cum
1255 2567 1576 2662 expeditis
1612 2568 1942 2661 equitibus
1974 2570 2117 2662 ipse
2160 2567 2640 2661 proficiscitur3
2674 2567 2755 2635 le-

602 529 750 609 422

612 2678 879 2770 gionem
905 2676 1006 2742 VI
1031 2671 1353 2742 decedere
1381 2675 1466 2742 ad
1493 2676 1765 2769 praemia
1788 2685 2000 2768 atque·
2021 2674 2312 2743 honores
2343 2674 2759 2769 accipiendos

609 2782 681 2848 in
725 2781 988 2849 Italiam
1021 2779 1255 2872 jubet:
1302 2779 1541 2849 auxilia
1584 2780 1887 2876 Dejotari
1930 2780 2201 2850 domum
2242 2783 2560 2876 remittit:
2599 2781 2756 2849 duas

612 2887 904 2982 legiones
942 2909 1097 2954 cum
1131 2883 1335 2964 Caelio
1361 2885 1757 2970 Viniciano²
1781 2888 2101 2980 in'Ponto
2138 2885 2464 2980 relinquit.

1742 3093 2031 3186 Rieceptam
2060 3116 2347 3168 lectionem
2380 3119 2513 3187 jam
2536 3116 2759 3170 invenias

1742 3194 1800 3246 in
1837 3193 1957 3247 cod
1994 3213 2104 3266 reg.
2154 3207 2208 3247 et
2253 3193 2374 3248 edd.
2410 3207 2540 3250 vett.
2574 3195 2759 3249 Noster

1741 3273 1862 3327 cod.
1910 3273 1944 3327 5
1948 3277 2097 3344 764
2130 3275 2345 3348 quodque
2382 3273 2535 3328 subiti
2567 3274 2765 3347 periculi

1743 3354 2071 3406 recordatione
2103 3355 2206 3406 loeti
2205 3375 2278 3408 or.

1828 3453 1877 3486 π.
1916 3434 1989 3484 V
1968 3437 2193 3486 tmctauo
2220 3435 2302 3486 Ita
2327 3453 2527 3488 nomen
2558 3435 2613 3487 in
2642 3434 2757 3486 titu-

633 3149 640 3154 -
703 3133 752 3165 α.
781 3115 1003 3168 laer-mes.
1023 3115 1162 3181 Alii,
1175 3118 1369 3198 inermi,
1395 3116 1535 3168 utB.
1562 3115 1653 3180 G.

627 3211 691 3257 1,
722 3199 822 3259 403
851 3195 915 3247 C.
956 3213 1016 3259 1,
1049 3195 1146 3248 68.

701 3275 832 3326 Cu’.
865 3274 1173 3327 LXXVII.
1183 3293 1230 3327 1.
1275 3275 1328 3325 T
1320 3278 1438 3325 ones
1475 3277 1651 3326 victor.

618 3353 862 3406 Glossam
883 3353 988 3406 hoc
1017 3354 1171 3425 sapit.
1201 3353 1478 3406 Manutius
1503 3352 1656 3406 malit

616 3433 792 3503 legere
807 3436 1010 3503 potitus.
1026 3463 1108 3476 -—-·
1121 3433 1220 3484 Est
1235 3433 1409 3484 latitia
1427 3433 1651 3500 affictus.

617 3513 724 3564 Illo
749 3509 968 3583 quidem
1002 3524 1244 3582 tempore
1274 3531 1401 3564 usus
1432 3525 1512 3565 est
1553 3531 1654 3565 no·
1740 3514 1806 3566 lis
1820 3527 1874 3567 et
1886 3514 2120 3566 nummis
2141 3513 2353 3586 legitur.
2374 3515 2433 3566 V
2427 3518 2587 3568 inica‘oe
2596 3511 2756 3585 gentis

618 3591 875 3644 bilissima
899 3591 989 3643 illa
1012 3609 1178 3644 voce:
1207 3590 1360 3653 Veni,
1383 3592 1514 3652 vidi,
1534 3595 1652 3646 vici.

619 3671 892 3724 Plutarch.
921 3671 1053 3723 Caes.
1077 3689 1192 3742 cap.
1227 3671 1332 3737 ⁵03
1360 3672 1464 3725 Dio
1485 3671 1652 3738 Cass„

620 3767 764 3816 1211,
802 3753 908 3816 483
934 3751 1161 3822 Appian.
1189 3751 1248 3804 B.
1275 3750 1336 3805 C.
1365 3769 1444 3817 11,
1471 3769 1567 3821 91,
1594 3771 1649 3824 p.

625 3830 756 3893 485.
789 3831 872 3882 De
911 3830 1178 3883 celeritate
1223 3831 1452 3884 confecti
1491 3830 1653 3902 hujus

619 3909 748 3962 belli
780 3907 1142 3963 vid.·Suet0n.
1175 3911 1284 3964 Jul.
1327 3911 1420 3965 35.
1459 3909 1537 3962 Μ.
1571 3943 1654 3953 —

625 3989 924 4061 Quodque...
957 3990 1132 4043 laete‘or.
1168 3990 1348 4060 Vulgo
1380 4008 1394 4044 τ
1427 3991 1653 4063 Eratque

620 4068 768 4119 subiti
794 4072 944 4136 peric.
988 4071 1315 4122 recordatione
1354 4069 1514 4121 laetior
1526 4108 1540 4131 ,
1584 4086 1649 4124 ex

621 4145 1005 4202 emendatione.
1046 4149 1124 4204 M.
1163 4150 1491 4221 Praepostera
1532 4149 1643 4204 scil.

1740 3610 1988 3646 nummos
2004 3593 2063 3646 in
2079 3595 2445 3647 consularibus
2461 3593 2663 3647 videbis
2677 3611 2754 3664 ap.

1745 3672 1805 3725 V
1797 3673 1984 3725 aillant
2008 3673 2258 3745 aliosque.
2286 3673 2393 3726 Alii
2420 3667 2491 3727 h.
2504 3673 2543 3726 l.
2572 3674 2758 3725 Vinci«-

1742 3771 1805 3804 ηο
1819 3753 1949 3813 „alii
1976 3753 2189 3806 Minucio
2216 3753 2433 3806 habent.
2457 3753 2587 3808 Mox
2608 3753 2755 3822 vulgo

1741 3831 1950 3905 reliquit.
1978 3833 2081 3887 On.
2114 3833 2299 3886 Nostri
2330 3831 2540 3886 codices
2570 3831 2755 3884 habent

1739 3931 1846 3964 cum
1882 3911 2037 3964 Coelio
2064 3913 2123 3964 V
2116 3915 2335 3966 initiam.
2362 3913 2434 3965 Et
2463 3914 2520 3964 in
2555 3929 2753 3984 gravem

1738 3990 1931 4044 incidit
1961 4011 2198 4045 errorem
2230 3991 2519 4046 Oberlinus
2548 3993 2638 4063 qui
2660 3989 2755 4043 hoc

1739 4089 2035 4142 cognomen
2062 4073 2121 4124 V
2115 4075 2275 4125 im'cz’oe
2294 4073 2438 4144 genti
2468 4071 2666 4125 tribuit.
2690 4067 2748 4120 L.

1740 4152 1799 4203 V
1792 4155 1962 4211 inicius
1986 4171 2015 4206 e
2046 4165 2202 4225 gente
2222 4149 2459 4224 plebeia,
2476 4164 2531 4206 et
2548 4147 2749 4225 quidem
