3025 5025
627 491 776 566 500
1427 481 1590 558 DE
1619 489 1975 558 BELLO

618 630 732 724 qui
752 624 1061 722 plaustris
1086 647 1343 693 merces
1366 624 1756 718 portabant,
1796 625 2182 719 interceptis
2211 627 2524 714 sarciniS,
2550 627 2770 697 addito

618 737 845 804 animo
866 788 885 821 ‚
939 732 1213 827 propius
1262 730 1708 824 audaciusque
1759 729 2016 800 accedit
2057 728 2141 798 ad
2190 729 2531 825 legiones;
2598 735 2780 828 quod·

618 840 1035 912 existimabat
1051 889 1068 922 ,
1111 836 1350 907 milites
1377 838 1503 908 sub
1547 860 1752 906 onere
1783 861 1862 906 ac
1901 836 2024 905 sub
2046 831 2336 906 'sarcinis
2379 838 2772 935 defatigatos

618 973 919 1044 pugnare
974 971 1112 1014 non
1170 969 1383 1039 posse.
1426 944 1598 1033 Quae
1654 968 1759 1012 res
1806 946 2140 1014 Caesarem
2199 969 2334 1014 non
2386 944 2716 1015 fefellerat
2757 973 2769 1014 ε
2836 1016 2852 1032 ,

616 1079 907 1149 namque
948 1051 1289 1148 expeditos
1320 1075 1401 1120 ex
1434 1049 1708 1145 singulis
1739 1049 2109 1146 legionibus
2143 1053 2324 1120 CCC
2363 1051 2610 1122 milites
2640 1078 2774 1123 esse

607 1165 913 1258 jusserat.
946 1163 1183 1253 Itaque
1220 1183 1372 1246 εοε,
1408 1158 1477 1225 in
1515 1158 1884 1250 equitatum
1919 1157 2199 1226 Labieni
2236 1159 2571 1228 immissos
2591 1213 2612 1248 ‚
2641 1175 2773 1228 tur-

614 1270 742 1339 mis
786 1293 1061 1337 suorum
1122 1265 1461 1360 suppetias
1512 1264 1732 1332 mittit.
1792 1266 1965 1332 Tum
2023 1264 2395 1351 Labienus,
2435 1269 2774 1336 conversis

615 1377 834 1471 equis,
862 1376 1203 1469 signorum
1240 1385 1607 1465 conspectu
1638 1372 2029 1465 perterritus
2046 1424 2065 1459 ,
2097 1372 2478 1465 turpissime
2509 1389 2774 1442 conten·

614 1483 716 1551 dit
765 1481 997 1576 fugere
1030 1535 1049 1568 ,
1086 1477 1311 1572 multis
1362 1478 1501 1571 ejus
1561 1477 1795 1546 occisis
1820 1529 1840 1561 ‚
1885 1474 2342 1571 compluribus
2390 1478 2772 1549 vulneratis.

616 1587 863 1658 Milites
910 1585 1256 1682 legionarii
1308 1583 1395 1652 ad
1444 1607 1566 1652 sua
1621 1607 1690 1652 se
1744 1584 2074 1678 recipiunt
2126 1585 2351 1680 signa,
2398 1599 2608 1679 atque
2660 1588 2775 1655 iter

616 1699 957 1789 inceptum
1008 1695 1103 1761 ire
1165 1704 1531 1786 coeperunt.
1588 1688 1925 1759 Labienus
1980 1715 2103 1785 per
2155 1690 2392 1785 jugum
2441 1717 2772 1762 summum

620 1800 806 1874 collis
851 1801 1237 1870 dextrorsus
1280 1794 1515 1891 procul
1563 1795 1876 1890 subsequi
1894 1781 1917 1820 ⁵
1956 1821 2096 1865 non
2137 1796 2415 1866 desistit.

725 1909 1043 1976 LXXVI.
1101 1908 1467 1997 Postquam
1511 1904 1737 1972 Caesar
1779 1901 1866 1972 ad
1903 1903 2226 1998 oppidum
2261 1905 2618 1974 Sarsuram
2659 1931 2770 1974 ve-

616 2018 717 2085 nit
730 2065 748 2100 ,
783 2011 1307 2108 inspectantibus
1346 2009 1742 2078 adversariis
1776 2008 2127 2079 interfecto
2163 2010 2472 2105 praesidio
2513 2014 2768 2107 Scipio-

618 2123 720 2190 nis
738 2175 756 2210 ,
784 2144 993 2214 quum
1014 2120 1149 2188 suis
1166 2116 1481 2193 auxilium
1511 2115 1692 2184 ferre
1714 2141 1852 2184 non
1887 2116 2211 2185 auderent
2226 2169 2245 2204 ‚
2274 2115 2540 2186 fortiter
2577 2144 2770 2214 repu-

620 2241 867 2325 gnante
879 2229 950 2294 P.
970 2223 1285 2295 Cornelio
1296 2277 1316 2310 ,
1330 2237 1612 2292 evocato
1627 2221 2008 2316 Scipionis¹‚
2022 2224 2136 2317 qui
2150 2223 2241 2291 ibi
2255 2240 2569 2317 praeerat,
2585 2241 2771 2320 atque

552 2319 563 2334 ’
616 2361 660 2404 a
681 2332 1107 2402 multitudine
1142 2333 1604 2400 circumvento
1641 2328 2126 2423 interfectoque
2147 2383 2167 2416 ,
2203 2330 2454 2424 oppido
2491 2335 2768 2426 potitum

620 2456 819 2537 atque
847 2441 941 2508 ibi
973 2439 1308 2508 frumento
1332 2436 1651 2506 exercitui
1687 2435 1844 2504 dato
1861 2486 1878 2521 ‚
1910 2449 2180 2532 postero
2221 2435 2326 2505 die
2349 2437 2436 2506 ad
2459 2438 2770 2534 oppidum

618 2547 925 2620 Tisdram
956 2546 1263 2642 pervenit
1280 2598 1299 2631 ‚
1333 2546 1403 2612 in
1434 2568 1570 2639 quo
1611 2541 1966 2613 Considius
1994 2568 2118 2639 per
2149 2541 2220 2612 id
2255 2558 2522 2640 tempus
2569 2548 2772 2615 filerat

625 2682 781 2727 cum
806 2654 1041 2749 grandi
1069 2650 1408 2747 praesidiO,
1438 2650 1848 2743 cohorteque
1872 2675 1992 2719 sua
2017 2648 2484 2745 gladiatorum.
2521 2656 2770 2741 Caesar,

626 2761 856 2859 oppidi
900 2756 1137 2829 natura
1178 2770 1564 2852 perspecta,
1607 2770 1806 2850 atque
1845 2754 2104 2851 inopia'
2149 2756 2236 2825 ab
2277 2763 2770 2855 oppugnatione

626 2871 769 2964 ejus
808 2867 1191 2952 deterritus,
1216 2865 1524 2959 protinus
1555 2862 1897 2958 profectus
1933 2865 2196 2932 circiter
2224 2863 2431 2932 millia
2465 2890 2770 2961 passuum

625 2978 730 3047 IV
754 2974 839 3043 ad
860 2997 1102 3068 aquam
1144 2970 1303 3039 facit
1327 2984 1574 3061 castra,
1600 2984 1801 3066 atque
1829 2969 1984 3040 inde
2019 2983 2261 3065 quarto
2294 2970 2402 3040 die
2442 2996 2769 3067 egressus,

633 3188 837 3240 militum
847 3186 1019 3255 periit,
1039 3186 1154 3256 quia
1165 3192 1349 3253 proeter
1366 3199 1524 3253 ‹eg-ros
1547 3181 1671 3233 lixa·
1756 3179 2004 3252 Scipione
2015 3219 2032 3246 ,
2051 3183 2202 3253 cujus
2215 3183 2548 3237 mentionem
2565 3184 2774 3238 fecimus

634 3287 739 3320 rum
772 3271 823 3318 in
863 3264 1053 3317 modum
1084 3282 1244 3317 omnes
1274 3281 1368 3332 pet·
1402 3280 1550 3331 agros
1586 3264 1669 3313 vi·
1756 3278 1804 3313 c.
1834 3262 1930 3327 31,
1949 3261 2010 3313 Β.
2041 3261 2127 3327 C.,
2151 3262 2353 3333 quique
2379 3261 2640 3318 mximas
2667 3284 2774 3337 par·

632 3352 855 3419 cina-sque
895 3344 1032 3396 urbes
1081 3341 1471 3411 negotiabantur.
1504 3341 1668 3393 Lixas
1757 3352 1836 3393 tes
1863 3341 1972 3412 egit
1995 3340 2054 3393 in
2085 3340 2169 3393 his
2193 3342 2346 3395 hellis
2369 3361 2385 3395 ε
2409 3344 2560 3414 quod
2587 3347 2770 3398 rationi

634 3427 806 3481 nostri
853 3435 1049 3477 vocant
1100 3421 1394 3473 vivandiers.
1441 3452 1524 3465 —
1565 3420 1669 3474 Sub
1755 3419 2023 3474 historica
2046 3435 2327 3492 repugnat.
2340 3423 2394 3477 Is
2420 3424 2484 3476 P.
2501 3425 2772 3478 Cornelius

636 3508 855 3560 sarcinis.
875 3503 961 3557 Sic
986 3516 1039 3555 et
1062 3503 1123 3554 B.
1136 3502 1204 3553 G.
1224 3520 1298 3554 111
1312 3538 1329 3565 ,
1360 3507 1451 3564 ²4-
1755 3499 2346 3573 fuitplebeius‚etmi1es
2359 3502 2501 3556 inter
2510 3518 2774 3569 evocatos.

723 3586 775 3640 5.
799 3585 986 3637 Procul
1006 3582 1243 3654 subsequi.
1258 3581 1445 3651 Vulgo
1458 3618 1475 3645 ,
1495 3580 1676 3651 procul
1757 3599 1851 3633 seu
1879 3593 2158 3633 veteranos
2173 3618 2191 3647 ,
2215 3593 2270 3635 et
2299 3584 2482 3637 nullus
2509 3585 2662 3640 alius.

640 3668 811 3719 milites
833 3666 1067 3737 subsequi.
1092 3662 1201 3729 M.,
1221 3674 1407 3714 contra
1434 3658 1594 3717 codd.
1617 3672 1674 3713 et
1843 3680 1894 3713 a.
1936 3661 2102 3730 Atque
2127 3665 2306 3733 inopia.
2332 3663 2548 3735 Lipsius
2575 3660 2599 3728 (
2617 3666 2770 3718 Elect.

639 3746 760 3803 edd.
797 3757 926 3799 vett.
1759 3758 1807 3793 11
1820 3779 1837 3807 ,
1867 3759 1894 3792 2
1906 3760 1934 3794 ²
1951 3737 1972 3805 )
1989 3760 2129 3813 aquoe
2154 3744 2318 3814 inopia
2345 3744 2453 3815 legi
2472 3745 2618 3811 vult,
2637 3743 2772 3817 quod

723 3827 854 3880 Cu».
882 3824 1011 3878 1.P.
1031 3822 1286 3887 Cornelio,
1313 3832 1507 3874 evocato
1534 3820 1668 3891 Scip.
1755 3820 1905 3873 locus
1943 3833 2267 3888 castrorum,
2300 3820 2368 3876 de
2399 3844 2512 3895 quo
2541 3826 2772 3897 proxime

640 3910 674 3960 J
677 3908 885 3960 urinius
899 3905 963 3956 P.
978 3903 1203 3957 Cornelio
1215 3901 1437 3972 Scipione
1456 3910 1668 3955 evocato.
1758 3898 1981 3966 dicitur,
2005 3899 2207 3955 suadet.
2234 3904 2474 3957 Cauni.
2497 3906 2608 3958 Alii
2629 3904 2773 3959 intel·

644 3986 786 4040 Male
812 4005 826 4039 :
862 4003 988 4037 nam
1018 3984 1063 4036 si
1088 3982 1157 4036 de
1187 3983 1247 4034 P.
1278 3980 1530 4033 Cornelio
1557 3979 1670 4032 Sci·
1756 3980 1931 4053 ligunt
1978 3981 2218 4053 inopiam
2265 4002 2448 4037 rerum
2503 3984 2572 4039 ad
2613 4002 2768 4057 oppu-

642 4068 805 4140 pione
832 4077 1092 4137 ageretur,
1106 4081 1217 4116 non
1240 4062 1372 4115 alter
1389 4074 1525 4115 esset
1540 4102 1556 4129 ‚
1572 4078 1671 4113 nec
1757 4059 2034 4131 gnandum
2058 4064 2492 4119 necessariarum.
2518 4096 2602 4109 -·
2621 4066 2766 4119 Facu.

646 4146 886 4202 diversus
926 4146 993 4209 Q.
1032 4144 1247 4199 Caecilio
1298 4142 1517 4195 Metello
1572 4140 1670 4195 Pio
1759 4142 1866 4196 Alii
1880 4143 2020 4208 ficit.
