3025 5025
1778 320 1825 351 Ι

523 470 662 539 DE
717 470 1066 539 BELLo
1121 470 1497 539 civim.
1556 472 1950 554 Lis-111.

311 604 444 671 CH.
493 604 747 689 Caesar,
773 602 1084 672 omnibus
1113 602 1312 671 rebus
1340 600 1585 671 relictis
1602 656 1622 690 ‚
1650 602 2183 697 persequendum
2220 606 2343 673 sibi

224 711 576 803 Pompeium
621 711 1023 779 existimavit
1042 763 1061 795 ,
1097 734 1553 803 quascumque
1584 712 1653 777 in
1689 724 1912 804 partes
1944 735 2025 779 ex
2070 711 2228 805 fuga
2274 736 2343 781 se

222 817 576 911 recepisset,
617 842 706 885 ne
749 842 979 887 rursus
1020 817 1246 911 copias
1289 841 1683 911 comparare
1726 815 1887 885 alias
1916 870 1938 903 ,
1982 832 2047 885 et
2091 816 2337 887 bellum

221 948 508 993 renovare
577 938 801 1017 posset
837 950 852 991 ε
905 938 973 993 et
1033 938 1649 1017 quantumcumque
1704 924 1955 991 itineris
1976 922 1995 947 ¹
2044 926 2347 1016 equitatu

220 1028 449 1099 efficere
515 1045 782 1125 poterat
800 1084 820 1119 ‚
883 1029 1182 1124 quotidie
1236 1030 1841 1124 progrediebatur-3
1883 1030 2347 1125 legionemque

219 1160 392 1204 unam
433 1136 802 1206 minoribus
844 1136 1190 1205 itineribus
1237 1136 1550 1230 subsequi
1584 1138 1797 1230 jussit.
1844 1140 2011 1205 Erat
2054 1136 2343 1229 edictum

217 1244 485 1339 Pompeii
530 1245 806 1314 nomine
851 1242 1240 1338 Amphipoli
1281 1244 1736 1337 propositum,
1786 1245 1885 1311 uti
1930 1268 2162 1311 omnes
2206 1244 2348 1337 ejus

217 1352 550 1446 provinciae
581 1352 914 1444 juniores,
941 1352 1164 1419 Graeci
1199 1351 1508 1444 civesque
1536 1352 1827 1438 romani,
1848 1349 2119 1443 jurandi
2148 1374 2351 1419 causa

218 1459 655 1544 convenirent3
681 1456 826 1544 sed,
847 1472 1080 1526 utrum
1109 1456 1487 1541 avertendae
1511 1458 1905 1551 suspicionis
1927 1480 2129 1524 causa
2151 1458 2349 1525 Pom*
2406 1484 2417 1497 ‘

217 1566 379 1657 peius
428 1566 886 1659 proposuisset
908 1619 928 1652 ‚
985 1578 1064 1633 ut
1121 1587 1324 1658 quam
1369 1563 1737 1631 diutissime
1791 1562 2111 1657 longioris
2174 1563 2351 1657 fugae

218 1670 538 1741 consilium
589 1669 986 1758 occultaret,
1023 1694 1112 1739 an
1161 1672 1356 1739 novis
1401 1669 1755 1739 dilectibus
1774 1724 1793 1757 ,
1832 1672 1886 1739 si
1944 1695 2145 1738 nemo
2190 1695 2350 1763 pre-

217 1792 404 1846 meret
428 1830 448 1865 ‚
484 1776 956 1847 Macedoniam
1017 1792 1246 1845 tenere
1309 1790 1671 1845 conaretur
1688 1830 1707 1863 ‚
1762 1778 2125 1845 existimari
2146 1774 2165 1799 ²
2214 1802 2351 1844 non

216 1898 474 1977 poterat.
518 1888 678 1979 Ipse
713 1883 798 1951 ad
842 1908 1159 1953 ancoram
1195 1908 1333 1953 una-
1373 1898 1573 1953 nocte
1622 1884 1921 1952 constitit
1940 1935 1958 1968 ‚
1996 1898 2065 1951 et
2098 1886 2354 1952 vocatis

217 1990 290 2059 ad
333 2016 402 2061 se
449 1989 844 2085 Amphipoli
897 1991 1266 2085 hospitibus
1287 2044 1306 2077 .,
1353 2004 1420 2057 et
1468 1990 1756 2085 pecunia.
1786 1990 1897 2057 ‘ad
1946 1992 2353 2059 necessarios

218 2113 498 2192 sumptus
551 2083 971 2191 corrogata³‚
1019 2098 1290 2191 cognito
1336 2098 1616 2165 Caesaris
1660 2097 1989 2182 adventu,
2018 2121 2101 2163 ex
2142 2122 2223 2166 eo
2257 2096 2353 2165 lo-

217 2228 288 2271 co
327 2203 626 2275 discessit
651 2254 672 2287 ,
717 2217 786 2273 et
835 2203 1192 2296 Mytilenas
1250 2203 1481 2297 paucis
1536 2203 1769 2271 diebus
1817 2204 2019 2271 venit.
2067 2202 2355 2271 Biduum

217 2322 592 2405 tempestate
645 2324 942 2379 retentus
963 2364 982 2397 ,
1034 2310 1450 2403 navibusque
1510 2307 1653 2377 aliis
1712 2308 1953 2377 additis
2014 2310 2325 2377 actuariis
2344 2366 2361 2399 ‚

217 2417 276 2483 in
303 2416 600 2487 Ciliciam
643 2432 844 2512 atque
879 2417 1033 2485 inde
1074 2402 1412 2512 Cyprum⁴
1451 2417 1775 2509 pervenit.
1823 2416 1930 2483 Ibi
1972 2416 2321 2508 cognoscit
2344 2472 2365 2507 ,

217 2548 535 2596 consensu
565 2527 868 2594 omnium
895 2525 1447 2594 Antiochensium
1485 2524 1731 2592 civium
1780 2547 1865 2591 ue
1893 2545 2363 2613 romanorum,

216 2633 316 2726 qui
345 2631 478 2700 illic
505 2617 1036 2726 negotiarentur,
1063 2655 1287 2700 arcem
1313 2646 1579 2726 captam
1610 2653 1752 2698 esse
1793 2683 1811 2715 ‚
1842 2626 2234 2697 excludendi
2264 2655 2364 2698 sui

217 2762 400 2808 causa
424 2793 444 2827 ‚
472 2740 874 2832 nuntiosque
893 2739 1206 2808 dimissos
1232 2737 1316 2806 ad
1344 2763 1458 2806 eos
1477 2791 1498 2824 ,
1520 2738 1634 2830 qui
1666 2761 1735 2806 se
1762 2761 1845 2806 ex
1874 2735 2033 2829 fuga
2060 2737 2132 2802 in
2162 2735 2359 2804 finiti-

2188 470 2346 568 319

287 2942 418 2996 Cir.
447 2942 568 2995 CH.
605 2959 656 2994 1.
683 2924 1130 3012 Quantumcumque
1155 2943 1237 2990 iti·
1325 2956 1527 2990 nomen
1558 2937 1733 3008 hujus·
1758 2935 1909 2989 urbis
1955 2937 2209 2990 scribitur
2240 2943 2362 2990 Mr-

216 3027 348 3076 nen's.
395 3023 480 3074 Ita
528 3017 688 3074 codd.
745 3020 958 3090 optimi.
1009 3021 1240 3090 Vulgata
1328 3021 1621 3080 TIAHNH,
1650 3031 1705 3070 et
1720 3018 1805 3070 vel
1825 3018 1881 3068 in
1918 3017 2359 3088 inscriptionibus

217 3101 370 3155 habet
398 3101 714 3172 simpliciter
735 3113 982 3172 quantum.
1327 3099 1568 3151 romnis
1604 3097 2053 3150 MVTILENAE.

293 3203 320 3236 ς
333 3223 344 3234 .
384 3183 700 3234 Existimas-i.
732 3181 955 3233 Vossius
994 3177 1242 3232 emendat
1401 3177 1791 3249 4.Cypmm.Al.
1804 3177 2117 3230 in.Subaud.
2138 3181 2357 3231 insulam.

217 3267 460 3317 estimari.
485 3263 614 3314 Non
641 3279 856 3314 necesse
879 3273 959 3314 est
985 3277 1000 3311 ε
1027 3279 1154 3312 nam
1181 3261 1240 3312 in

218 3343 432 3415 optimis
461 3341 832 3412 scriptoribus.
845 3341 929 3392 hae
953 3359 1110 3394 voces
1133 3341 1246 3410 ple·

217 3441 442 3494 rumque
473 3419 898 3474 confunduntur.
924 3418 1052 3474 vid.
1082 3421 1207 3472 Ter.
1221 3458 1244 3485 ‚

219 3503 426 3566 fleant„
447 3515 546 3556 act.
561 3509 710 3565 11,sc.
731 3501 761 3552 3
779 3539 794 3568 ,
817 3507 850 3564 4
865 3520 916 3564 1,
939 3501 1246 3564 efflhorm„

223 3601 244 3635 1
257 3621 276 3647 ‚
299 3603 350 3648 1,
371 3601 418 3636 11
430 3600 452 3647 ,ς
469 3583 612 3646 Liv.-‚
629 3581 726 3634 lib.
740 3599 904 3646 12:111,
921 3599 969 3633 c.
995 3600 1019 3632 1
1031 3581 1086 3647 5;
1101 3581 1246 3646 San„

222 3663 361 3734 lug„
385 3664 483 3727 31,
506 3659 536 3724 S
560 3681 650 3730 19.

315 3745 372 3796 3.
422 3743 640 3795 Pecunia
689 3751 965 3810 corrugata.
1021 3739 1088 3792 Id
1138 3752 1216 3792 est
1229 3778 1246 3805 ‚

223 3824 436 3878 collecta
461 3834 515 3874 et
531 3833 862 3893 congregata.
876 3821 1010 3886 Cic„
1021 3821 1250 3884 Veri-..55

221 3921 479 3974 corrogare
507 3902 571 3956 de
603 3913 826 3972 nepotum
857 3905 1074 3952 nummis.
1110 3900 1252 3952 Male

216 3984 318 4055 qui
343 3984 786 4054 interpretantur,
799 3993 994 4034 mutuo
1023 3979 1250 4050 accepta..

225 4095 294 4108 —
313 4063 604 4136 Mytilenas.
629 4063 944 4128 Recte,non
965 4061 1250 4132 Mitylenas.

225 4142 364 4196 Nam
381 4143 580 4217 passim
597 4143 655 4196 in
678 4141 1045 4196 monumentis
1069 4141 1254 4211 graecis

1415 3259 1467 3312 5.
1495 3258 1677 3310 Art-eni
1700 3271 1893 3329 captam
1923 3279 2037 3310 esse.
2060 3260 2366 3330 Corruptus

1329 3339 1422 3392 hic
1447 3339 1599 3392 loeus
1628 3340 1687 3390 in
1718 3337 1877 3392 codd.
1914 3339 2108 3392 Noster
2138 3338 2258 3391 cod.
2293 3341 2359 3393 R.

1335 3421 1492 3488 5764
1522 3433 1576 3472 et
1604 3419 1721 3484 alii,
1742 3438 1881 3470 anam
1907 3431 2103 3490 captam
2124 3437 2241 3470 esse.
2266 3420 2364 3470 Er-

1325 3513 1456 3552 mre
1492 3499 1792 3554 ’mmrifestm
1818 3497 1953 3552 cod.
1994 3498 2127 3550 alter
2161 3499 2313 3568 5768
2347 3518 2361 3551 t

1327 3599 1492 3632 arcem
1536 3581 1621 3632 vel
1664 3579 1979 3632 Antiochiam
2019 3597 2175 3630 aram,
2214 3578 2365 3643 Quid

1335 3661 1406 3712 sit
1437 3680 1533 3711 am
1574 3660 1661 3711 vel
1696 3678 1789 3711 ava
1816 3659 2110 3719 Antiochia,
2144 3651 2363 3729 prorsus

1332 3741 1633 3810 ignoratur.
1650 3740 1757 3792 Alii
1770 3759 1835 3792 ex
1852 3757 1941 3790 ωτι
1952 3739 2209 3791 ›secer-unt
2226 3751 2338 3790 ante
2350 3779 2365 3806 ,

1337 3818 1486 3891 quod
1501 3839 1615 3871 non
1628 3819 1907 3890 probabile
1930 3831 2007 3872 est
2025 3837 2159 3873 :vox
2183 3816 2365 3871 Antio-

1325 3901 1474 3960 ·cla'a,
1501 3901 1709 3951 inutilis
1736 3899 1881 3952 certe
1910 3899 1967 3953 h.
2000 3901 2037 3952 l.
2055 3937 2072 3964 ‚
2096 3917 2265 3970 quum
2300 3898 2370 3952 de

1339 3999 1400 4032 ea
1425 3980 1544 4050 ipsa
1570 3979 1705 4032 urhe
1728 3997 1947 4050 prorsus
1978 3991 2181 4050 agatur,
2213 3975 2371 4034 fluxit

1341 4079 1372 4112 e
1391 4060 1561 4131 glossa
1582 4098 1599 4125 ‚
1634 4073 1688 4112 et
1725 4057 2029 4112 emendatio
2058 4059 2371 4112 criticorum

1339 4153 1486 4194 recta
1509 4141 1579 4194 ab
1610 4139 1761 4192 omni
1782 4153 1933 4210 parte
1956 4139 2115 4193 nobis
2134 4137 2365 4196 videtur.
