3025 5025
874 484 1723 555 ALEXANDRINO.
1768 498 1775 511 '
2213 482 2358 583 397

337 613 616 685 XLVI-1.
661 612 752 685 At
786 616 1093 687 Vatinius
1108 670 1128 706 ‚
1172 642 1244 685 re
1281 616 1450 687 bene
1495 632 1678 713 gesta
1695 670 1715 706 ‚
1760 620 2055 711 receptui
2092 620 2369 707 cecinit3

233 722 492 815 suisque
535 722 848 795 omnibus
889 722 1330 793 incolumibus
1351 778 1370 811 ‚
1413 724 1484 791 in
1528 748 1683 793 eum
1733 748 1806 792 se
1846 738 2119 818 portum
2153 727 2373 795 victor

235 829 515 922 recepit,
564 853 712 922 quo.
745 854 826 899 ex
868 845 1070 924 portu
1109 829 1332 900 classis
1375 832 1746 899 Octaviana
1790 830 1875 900 ad
1917 830 2373 901 dimicandum

234 950 662 1026 processerat.
702 937 1025 1030 Capit-ex
1067 960 1146 1005 eo
1167 934 1418 1031 praelio
1464 951 1807 1031 penterem
1825 936 1843 960 ¹
1892 961 2131 1024 unam,
2172 940 2373 1006 trire-

66 1060 69 1137 ξ
172 1136 176 1143 .
233 1064 372 1109 mes
391 1043 494 1127 II,
519 1041 808 1110 dicrotas
830 1045 1000 1112 VIII
1020 1096 1038 1129 ,
1075 1042 1585 1137 compluresque
1621 1046 1907 1138 remiges
1930 1045 2371 1113 Octavianos:

233 1160 630 1242 posteroque
665 1148 755 1216 ibi
783 1147 888 1219 die
908 1202 926 1237 ‚
955 1148 1115 1217 dum
1154 1172 1305 1219 suas
1341 1151 1773 1244 captivasque
1801 1174 2004 1221 naves
2034 1149 2339 1219 reficeret
2357 1205 2378 1239 ,

235 1269 668 1349 consumpte,
711 1268 876 1349 post·
899 1254 1075 1325 diem
1117 1258 1256 1339 ΙΙΙ,
1303 1256 1647 1325 contendit
1686 1258 1757 1326 in
1796 1255 2078 1325 insulam
2124 1259 2335 1325 Issam
2357 1308 2375 1341 ‚

231 1359 411 1453 quod
448 1385 530 1429 eo
567 1385 636 1429 se
671 1363 996 1456 recepisse
1035 1386 1118 1431 ex
1153 1361 1312 1456 fuga
1345 1361 1661 1433 credebat
1696 1363 2077 1432 Octavium.
2116 1366 2281 1431 Erat
2310 1364 2379 1433 in

233 1464 344 1535 ea’
381 1466 862 1558 nobilissimum
909 1492 1136 1537 earum
1182 1470 1530 1562 regionum
1581 1469 1936 1564 oppidum,
1978 1470 2379 1562 conjunctis·

231 1573 606 1667 simumque
651 1576 958 1643 Octavio.
1005 1575 1274 1668 Quo.ut
1309 1576 1647 1669 pervenit,
1692 1575 2007 1670 oppidani
2048 1575 2379 1670 supplices

234 1704 300 1747 se
358 1682 632 1750 Vatinio
663 1680 1128 1767 :dediderunt3
1185 1682 1645 1777 comperitque
1664 1736 1685 1770 ,
1734 1684 1955 1777 ipsum
2021 1684 2381 1752 Octavium

233 1788 456 1880 parvis
499 1788 860 1881 paucisque
902 1788 1180 1881 navigiis
1229 1804 1434 1858 vento
1475 1789 1769 1858 secundo
1807 1792 2147 1883 regionem
2194 1792 2383 1859 Grae·

235 1894 347 1962 ciae
389 1895 634 1987 petisse
657 1878 678 1917 ³
697 1948 716 1981 ‚
765 1893 916 1963 inde
968 1909 1045 1963 ut
1093 1892 1380 1963 Siciliam
1401 1950 1420 1983 ‚
1465 1895 1703 1964 deinde
1746 1894 2041 1963 Asi-icam
2092 1910 2377 1990 caperet.

235 2002 331 2069 Ita
366 1999 583 2068 'brevi
637 2002 880 2094 spatio,
933 2026 1007 2070 re
1059 2000 1557 2096 praeclarissime
1606 2016 1822 2097 gesta,
1878 2003 2221 2096 provincia
2278 2028 2382 2071 re-

235 2120 428 2200 cepta
446 2160 468 2193 ,
499 2120 566 2175 et
607 2107 972 2177 Cornificio
1012 2107 1304 2198 reddita,
1331 2107 1540 2178 classe
1580 2108 2115 2177 adversariorum
2152 2134 2234 2177 ex
2268 2107 2381 2177 illo

235 2226 374 2281 toto
421 2214 574 2281 sinu
613 2212 918 2307 expulsa,
957 2214 1173 2283 victor
1220 2239 1290 2283 se
1329 2213 1755 2285 Brundisium
1771 2268 1791 2303 ‚
1835 2214 2153 2285 incolumi
2199 2240 2382 2284 exer-

236 2322 372 2388 citu
421 2334 494 2387 et
535 2317 772 2405 classe,
815 2322 1083 2415 recepit.

337 2427 673 2495 XLVIII.
729 2428 819 2495 Iis
845 2441 1066 2495 autem
1097 2427 1507 2522 temporibus
1526 2480 1546 2517 ,
1574 2426 1815 2522 quibus
1838 2429 2063 2496 Caesar
2098 2427 2182 2496 ad
2210 2430 2387 2522 Dyr-

233 2533 592 2604 rhachium
655 2535 1048 2628 Pompeium
1107 2534 1454 2604 obsidebat
1475 2588 1494 2620 ‚
1548 2549 1619 2603 et
1674 2533 2140 2628 Palaepharsali
2160 2533 2179 2558 ¹
2243 2559 2385 2603 rem

237 2639 518 2710 feliciter
567 2640 841 2734 gerebat
856 2694 874 2728 ,
928 2639 1472 2734 Alexandriaeque
1530 2666 1685 2714 cum
1740 2639 2037 2734 periculo
2097 2643 2341 2735 magno
2367 2696 2388 2731 ‚

238 2761 376 2816 tum
397 2744 606 2815 etiam
625 2747 874 2840 majore
894 2745 1170 2842 periculi
1191 2747 1370 2816 fama
1388 2743 1775 2834 dimicabat,
1801 2747 1885 2836 Q.
1913 2748 2179 2816 Cassius
2207 2748 2386 2816 Lon-

318 2960 459 3012 Cu’.
469 2958 696 3010 XLVII.
708 2976 730 3009 1
745 2958 1012 3010 Penta-em
1020 2955 1124 3011 ‚Sic
1135 2954 1270 3010 Scal.

241 3057 270 3088 e
288 3037 412 3092 cod.
443 3056 556 3090 suo.
578 3036 713 3090 cod.
743 3035 892 3090 Leid.
942 3055 990 3096 2,
1015 3040 1268 3106 pentir-em.

243 3118 452 3171 Contra
465 3117 574 3183 alii,
589 3130 642 3169 et
656 3114 778 3170 edd.
791 3120 1270 3187 vett.,pentiremem.

241 3197 360 3250 Vox
391 3215 566 3268 graeca
584 3235 600 3264 ,
626 3197 906 3267 πεντήρης,
923 3200 1273 3270 quinqueremis

239 3276 422 3332 latine.
461 3299 534 3310 --
573 3277 782 3328 Dici-ota
796 3313 810 3337 ,
843 3277 992 3330 navis
1021 3276 1240 3328 biremis
1255 3313 1272 3343 ‚

242 3375 272 3408 a
300 3358 494 3428 κρατέω
511 3395 528 3420 ,
552 3357 725 3428 pulsO.
751 3357 956 3409 Neutro
985 3373 1176 3427 genere
1196 3357 1274 3408 le-

243 3436 384 3506 gitur
408 3435 556 3506 apud
585 3435 696 3490 Cic.
724 3435 790 3488 ad
815 3435 922 3488 Att-
943 3474 959 3500 ,
980 3455 1044 3501 v,
1071 3455 1092 3488 1
1110 3454 1160 3500 13
1184 3439 1274 3500 ιδ’,

246 3523 296 3578 4.
324 3514 464 3568 vid.
491 3515 728 3586 Scheffer
760 3514 828 3568 de
860 3534 920 3568 re
943 3535 1064 3568 nav,
1083 3554 1098 3579 ,
1133 3536 1196 3580 ι,
1219 3522 1274 3578 4.

244 3619 317 3628 ·--
336 3597 650 3667 Consumpto.
677 3598 812 3649 Ita-e
839 3593 1024 3648 codice
1055 3595 1278 3654 Nox-vic..

245 3675 373 3746 legit
407 3675 627 3741 Clark.;
655 3677 892 3748 sequitur
922 3673 1273 3746 Oudendorp.

247 3755 438 3827 Vulgo
449 3795 465 3824 ‚
484 3756 676 3808 omissa
689 3774 822 3809 voce
838 3766 1142 3825 consumpto,·
1153 3755 1278 3825 legi-

252 3846 338 3887 tur
362 3846 650 3908 posteroque
682 3837 750 3888 ibi
774 3835 852 3887 die
874 3835 996 3902 fuit.
1028 3833 1236 3886 Omnu..

333 3935 385 3968 2.
421 3915 485 3967 In
508 3935 582 3966 ea.
617 3915 751 3969 cod.
779 3915 997 3968 Nox-vic.
1038 3926 1092 3966 et
1121 3911 1276 3967 editt.

250 4007 410 4059 vett„
438 4014 542 4066 pro
586 3999 636 4047 in
677 4016 735 4046 ea
773 3995 1015 4046 inserunt
1044 3992 1242 4045 Macum
1261 4030 1278 4055 ,

1375 2991 1383 2998 -
1445 2957 1494 3010 3.
1522 2957 1781 3026 Hegionem
1806 2955 2018 3008 Groecioe
2031 2960 2228 3026 petisse.
2260 2957 2391 3010 Cor-

1359 3054 1541 3108 cyram
1568 3035 1719 3105 fugit.
1747 3036 1852 3087 Dio
1872 3037 2035 3100 Cass„
2057 3053 2197 3102 uu,
2231 3037 2319 3089 1'1.

1441 3115 1569 3168 CAP.
1599 3115 1853 3168 XLVIII.
1908 3135 1931 3168 1
1944 3155 1957 3168 .
2012 3116 2387 3187 Paloeplaapsali.

1360 3194 1551 3248 Strabo
1566 3191 1680 3257 (lib.
1706 3213 1791 3262 ιχ,
1808 3197 1926 3266 pag.
1957 3196 2029 3259 43
2042 3192 2095 3259 1)
2110 3193 2243 3248 duas
2276 3216 2391 3250 me-

1361 3288 1536 3328 morat
1565 3274 1847 3327 Pharsalos
1861 3313 1877 3340 ‚
1900 3273 2121 3328 παλαιὰν
2145 3277 2231 3330 καὶ
2248 3279 2389 3342 νέαν,

1361 3355 1512 3408 brevi
1530 3355 1703 3425 spatio
1724 3351 2011 3421 distantes3
2035 3368 2088 3408 ct
2112 3355 2208 3408 lib.
2240 3360 2391 3421 xvu‘,

1363 3433 1513 3500 dicit,
1542 3433 1876 3505 Pompeium.
1891 3435 2291 3505 Paloeopkarsalo
2312 3436 2395 3488 fn·

1363 3515 1506 3586 gisse-
1526 3513 1814 3568 Pelusium.
1842 3513 1971 3568 Vid.
2004 3515 2231 3586 Eutrop.
2258 3517 2389 3583 ‚'v1‚

1372 3597 1462 3650 16.
1503 3594 1581 3645 Ut
1631 3606 1807 3646 autem
1860 3593 1920 3644 hi
1967 3595 2397 3664 Paloeopltarsaluc

1367 3675 1633 3738 scribunt,
1650 3673 1725 3726 sic
1744 3685 1925 3725 noster
1942 3686 1997 3726 et
2014 3675 2195 3726 Livius
2214 3669 2368 3736 (ηπ
2380 3713 2398 3740 ,

1374 3750 1436 3818 1)
1454 3753 1872 3824 Palaepharsalus.
1892 3751 2057 3806 Cau..
2075 3755 2155 3806 De
2174 3753 2399 3826 scriptu-

1365 3853 1427 3886 ra
1458 3834 1608 3906 verbi
1650 3831 1861 3904 diversa
1904 3830 2015 3886 vid.
2044 3831 2294 3887 Oudend.
2330 3833 2399 3888 ad

1369 3915 1579 3982 Front.‚
1610 3931 1685 3978 ιι,
1721 3913 1752 3966 3
1778 3953 1793 3980 ,
1827 3931 1895 3966 22
1927 3931 1941 3966 :
1972 3914 2189 3984 praefert
2220 3927 2399 3972 autem

1371 3994 1689 4064 scripturam
1706 3994 2120 4064 Palaepharsalus.
2140 3993 2215 4046 M.
2232 4027 2313 4036 --
2328 3995 2399 4065 Q.

250 4074 402 4147 quasi
429 4075 620 4147 oppidi
659 4093 858 4128 nomen
875 4113 895 4142 ‚
919 4071 1078 4146 quod
1111 4075 1283 4145 placet
1375 4073 1736 4143 Cass.Longin.
1755 4073 1961 4127 Vid.B.
1979 4075 2040 4127 C.
2075 4091 2152 4136 11,
2178 4093 2263 4128 21.
2284 4075 2401 4129 Dis-

251 4153 471 4229 Dayisio
489 4166 552 4212 ,et
581 4155 816 4214 Clarkio.

1374 4151 1695 4224 tinguendas
1720 4165 1798 4209 est
1816 4173 1846 4206 a
1870 4155 1930 4206 L.
1956 4154 2099 4207 Cass.
2126 4155 2395 4226 Longino,
