3025 5025
636 468 780 556 148
909 468 987 537 c.
1042 464 1326 536 JUL11
1381 462 1853 534 cAEsAms
1910 429 2464 552 COMMENT.
2516 458 2535 483 ⁴

627 603 862 699 coegit.
901 601 1102 690 Quas·
1131 599 1378 668 Caesari
1421 622 1565 667 esse
1628 598 1873 666 amicas
1917 596 2221 672 civitates
2281 595 2739 668 arbitrabatur
2754 652 2776 688 ‚

627 713 708 781 iis
744 710 1054 805 graviora
1089 729 1294 776 onera
1336 704 1761 799 injungebat,
1788 703 2228 834 Jiraesidiaque
2256 729 2337 773 eo
2364 703 2778 793 deducebat,

626 831 696 886 et
731 815 982 910 judicia
1017 817 1086 882 in
1122 813 1430 907 privatos.
1459 809 1781 879 reddebat
1817 837 1837 897 3
1874 811 1988 904 qui
2020 809 2231 879 verba
2271 824 2470 904 atque
2514 813 2776 880 oratio-

625 948 784 994 nem
824 922 1142 1014 adversus
1193 916 1674 1012 rempublicam
1722 917 2109 987 habuissent
2126 969 2146 1004 ‚
2194 920 2429 1014 eorum
2479 916 2663 986 bona
2704 920 2778 986 in

625 1028 970 1125 publicum
1009 1025 1396 1112 addicebat3
1436 1025 1853 1118 provinciam
1892 1047 2159 1092 omnem
2194 1024 2264 1090 in
2304 1047 2423 1094 sua
2464 1035 2534 1092 et
2570 1026 2779 1093 Pom·

628 1137 760 1230 peii
802 1135 1010 1202 verba
1042 1130 1510 1226 jusjurandum
1554 1129 1877 1224 adigebat.
1918 1129 2221 1223 Cognitis
2254 1130 2339 1219 iis*
2364 1129 2595 1218 rebuS‚
2628 1155 2781 1224 quae

555 1261 567 1275 ‘
631 1255 788 1312 sunt
840 1251 1040 1334 gestae
1087 1240 1158 1306 in
1199 1238 1506 1307 citeriore
1546 1237 1868 1332 Hispania
1888 1289 1907 1324 ‚
1944 1236 2223 1330 parabat
2258 1234 2526 1305 bellum.
2572 1238 2781 1306 Ratio

630 1361 854 1417 autem
882 1346 1026 1418 haec
1061 1358 1205 1413 erat
1238 1341 1429 1430 belli,
1454 1357 1534 1411 ut
1564 1368 1633 1412 se
1670 1368 1826 1412 cum
1856 1342 2115 1412 duabus
2150 1341 2521 1436 legionibus
2548 1343 2781 1414 Gades

633 1454 971 1524 conferret
987 1505 1006 1538 ‚
1037 1475 1240 1519 naves
1267 1449 1809 1544 frumentumque
1832 1473 2033 1519 omne
2058 1450 2152 1518 ibi
2176 1450 2584 1520 contineret:
2610 1475 2781 1544 pro-

630 1560 919 1629 vinciam
948 1559 1124 1627 enim
1158 1564 1426 1626 omnem
1452 1556 1729 1626 Caesaris
1753 1551 1953 1625 rebus
1980 1555 2207 1625 favere
2234 1571 2668 1650 cognoverat.
2700 1560 2783 1627 In

630 1664 846 1734 insula
866 1718 886 1753 ‚
943 1663 1279 1732 frumento
1343 1664 1754 1758 navibusque
1813 1665 2211 1756 comparatis
2245 1716 2266 1751 ‚
2320 1662 2569 1731 bellum
2629 1663 2787 1732 duci

631 1798 770 1842 non
805 1769 1076 1841 difficile
1113 1769 1549 1839 existimabat.
1583 1771 1839 1858 Caesar,
1862 1770 1987 1838 etsi
2011 1767 2237 1838 multis
2265 1771 2784 1864 necessariisque

631 1878 832 1951 rehu-s
849 1862 874 1902 ⁶
896 1879 966 1945 in
1004 1874 1265 1945 Italiam
1297 1875 1773 1963 revocabatur,
1799 1891 2027 1946 tamen
2059 1877 2491 1946 constituerat
2525 1875 2785 1946 nullam

631 2107 942 2162 instructas:
967 2118 1221 2178 praeterea
1243 2125 1310 2159 xx
1337 2106 1470 2159 mill.
1494 2104 1663 2178 pond.

633 2187 867 2258 argenti,
892 2200 946 2239 et
981 2205 1082 2240 cxx
1120 2187 1253 2238 mill.
1291 2185 1438 2239 mod.
1476 2186 1663 2240 tritici.

635 2266 844 2332 Quibus
893 2265 962 2318 de
1005 2265 1206 2331 causis,
1241 2265 1286 2318 si
1324 2264 1394 2319 de
1437 2283 1665 2318 numero

633 2358 810 2400 certus
842 2345 1052 2410 flerem,
1079 2344 1326 2398 audacter
1347 2363 1667 2417 reponerem

633 2427 864 2479 cohortos.
899 2428 933 2478 J
937 2425 1116 2478 udicet
1141 2427 1326 2479 lector.
1360 2426 1442 2478 De
1477 2438 1665 2478 sester-

633 2506 722 2559 tiis
739 2544 756 2571 ‚
787 2504 913 2561 vide
957 2525 1115 2577 supra
1144 2506 1238 2559 lib.
1265 2504 1325 2571 1,
1355 2519 1520 2576 caput
1559 2505 1629 2559 23
1648 2545 1666 2571 ‚

539 2590 546 2595 '
635 2600 748 2642 not.
777 2594 836 2651 4.
854 2619 934 2629 --
955 2586 1171 2655 Argenti
1191 2585 1358 2657 pondo
1386 2604 1458 2638 xx
1495 2586 1681 2640 millias

633 2666 1072 2737 Unumquodque
1112 2664 1296 2737 pondo
1310 2704 1327 2731 ,
1366 2666 1567 2719 Graecis
1604 2666 1675 2719 C..

633 2745 930 2815 drachmas,
967 2746 1221 2799 Romanis
1270 2747 1332 2800 C.
1375 2744 1583 2801 denarii
1598 2766 1667 2792 ==

641 2829 730 2890 1,6
740 2844 952 2891 00,ooo
968 2826 1036 2879 fr.
1053 2826 1228 2877 Pondo
1249 2820 1392 2879 idem
1413 2838 1493 2878 est
1513 2824 1669 2897 quod

625 2904 842 2976 pondus,
873 2924 930 2959 n.
955 2903 1151 2958 indecl.
1177 2905 1378 2959 centiam
1387 2906 1555 2977 pondo
1573 2900 1669 2957 ‘ua-

635 3003 796 3036 sorum
829 2995 1160 3054 argenteorum
1191 2985 1340 3037 lueres
1371 2986 1518 3049 dato,
1554 2986 1668 3039 Cic.

637 3061 706 3117 de
731 3064 942 3139 hvent.
978 3082 1000 3115 1
1017 3083 1066 3125 1,
1095 3071 1198 3129 4ο,
1223 3066 1551 3119 accusativus
1572 3078 1667 3118 est.

644 3144 854 3213 Tot-quis
887 3161 1058 3195 aureus
1077 3144 1178 3196 duo
1205 3146 1384 3216 pondo,
1415 3146 1523 3198 Tit.
1548 3145 1667 3198 Liv.

635 3221 734 3275 lib..
759 3240 918 3287 xm,
942 3241 988 3275 c.
1020 3230 1108 3285 14.
1136 3222 1290 3277 Idem
1320 3238 1400 3277 est
1427 3223 1577 3295 quod
1604 3226 1672 3277 li·

635 3302 766 3370 bra,
787 3314 842 3355 et
867 3320 1004 3373 saepe
1039 3302 1196 3355 etiam
1219 3304 1433 3375 pondus
1463 3302 1671 3357 duode-

637 3383 744 3445 cim
783 3378 1044 3434 librarum
1082 3382 1372 3451 significat3
1401 3384 1509 3434 Tit.
1551 3385 1668 3437 Liv.

1752 2105 1945 2158 absunt
1958 2125 1985 2158 a
1998 2117 2184 2158 nostro
2198 2105 2317 2160 cod.
2344 2105 2497 2177 5768
2511 2145 2527 2170 ,
2544 2119 2600 2160 et
2611 2107 2787 2180 reipsa

1750 2186 1975 2256 glossam
1995 2184 2239 2239 redolere
2260 2184 2518 2240 ¹ridentur
2530 2225 2551 2253 ‚
2567 2206 2789 2259 praeser-

1751 2265 1849 2318 tim
1868 2265 2193 2336 proesidiaque
2216 2284 2272 2316 eo
2298 2265 2579 2320 deducebat.
2602 2268 2789 2332 Quum

1750 2344 2789 2417 tamenleganturinoptt.codd.,servan-

1752 2423 1821 2478 da
1842 2437 1985 2490 sunt,
1998 2438 2051 2478 et
2065 2423 2337 2478 distinctio
2351 2426 2575 2478 minima
2594 2426 2789 2480 admit-

1753 2503 1913 2559 tenda
1953 2506 2095 2559 inter
2123 2505 2357 2572 reddebat
2388 2519 2441 2559 et
2476 2511 2584 2580 qui,
2614 2520 2679 2561 ut
2707 2512 2793 2580 qui

1752 2586 1822 2639 sit
1836 2586 2120 2639 relativum
2136 2586 2283 2639 vocis
2306 2590 2356 2639 in
2366 2591 2585 2657 privatos
2599 2608 2619 2640 .·
2638 2589 2791 2641 aliter

1743 2667 1936 2737 judicia
1959 2670 2011 2717 in
2024 2667 2241 2737 privatos
2262 2667 2459 2719 reddere
2470 2668 2791 2739 praetorium

1753 2746 1993 2799 officium
2034 2757 2136 2811 est,
2160 2757 2215 2799 et
2251 2746 2391 2820 nibil
2426 2746 2602 2818 iniqui
2634 2749 2695 2800 in
2736 2766 2789 2801 se

1753 2825 1946 2891 baben
1968 2824 2061 2878 sed
2080 2824 2291 2897 judicia·
2304 2827 2581 2879 exercebat
2611 2830 2665 2879 in
2680 2831 2791 2899 pri-

1756 2917 1914 2968 vatos,
1944 2910 2052 2977 qui,
2090 2917 2181 2959 eet.
2210 2904 2463 2959 Edictum
2504 2908 2617 2959 scil.
2662 2926 2791 2980 pro-

1744 2996 2033 3057 posuerat:
2051 2989 2098 3035 si
2129 2988 2236 3058 quis
2270 2986 2495 3046 adversus
2531 2988 2791 3057 rempubli-

1754 3084 1861 3117 cam
1882 3064 2033 3117 verba
2043 3066 2266 3132 ficisset,
2290 3087 2341 3117 se
2352 3066 2591 3136 judicium
2619 3088 2680 3118 eo
2700 3086 2790 3120 no·

1756 3148 1881 3199 mine
1924 3141 2150 3197 daturum
2166 3185 2182 3207 ‚
2216 3146 2532 3221 ‘damuatique
2570 3147 2701 3199 bona
2742 3151 2793 3200 in

1748 3225 1994 3296 publicum
2038 3226 2357 3279 afflicturum.
2400 3227 2479 3279 Ea
2526 3226 2633 3279 fuit
2678 3228 2791 3279 for·

1757 3305 1903 3357 mula
1920 3303 2085 3359 edicti
2094 3337 2177 3349 —
2188 3305 2413 3357 adversus
2436 3307 2789 3377 rempubh‘cm.

1752 3382 1931 3449 Be5e3
1954 3400 2055 3437 nec
2084 3403 2207 3437 cum
2236 3386 2481 3447 Manutio
2504 3384 2793 3457 legendum

587 3480 593 3483 ·
635 3462 732 3515 lib.
757 3478 899 3527 xxu,
924 3480 970 3515 c.
1005 3454 1118 3515 23⁶:
1145 3465 1336 3531 argenti
1354 3462 1525 3532 pondo
1558 3464 1674 3516 bina
1754 3462 1869 3518 adv.
1901 3464 2180 3535 Pompeium
2197 3502 2214 3529 ,
2235 3484 2361 3517 nam
2386 3466 2704 3537 Pompeiani
2738 3484 2792 3519 se

637 3554 688 3595 et
700 3542 898 3594 selibras
909 3545 964 3593 in
976 3543 1171 3592 militem
1178 3553 1452 3610 praestaret.
1473 3575 1542 3585 -—
1558 3544 1607 3595 T
1602 3546 1672 3594 ri·-
1756 3544 2065 3615 reipublioae
2108 3543 2411 3599 defensores
2462 3546 2791 3617 profiteban-

641 3626 726 3675 τισι·
752 3620 932 3673 modios
953 3634 1053 3673 cxx
1074 3620 1259 3673 millia.
1279 3619 1496 3674 Medius
1528 3640 1674 3675 men-
1760 3636 1879 3688 tur3
1915 3636 1969 3676 et
2008 3624 2253 3677 usitatior
2298 3637 2413 3677 erat
2456 3644 2516 3678 ea
2560 3626 2790 3679 formula

637 3720 763 3769 sura
784 3700 1086 3773 capacitatis
1105 3698 1174 3752 ad
1195 3699 1368 3754 solida·
1380 3702 1671 3773 pertinens.
1757 3702 1963 3773 judicii.
2000 3703 2087 3757 Sic
2132 3705 2251 3757 Liv.
2274 3743 2290 3770 ‚
2313 3705 2351 3758 l.
2389 3724 2516 3757 mv
2535 3743 2552 3770 ,
2581 3724 2627 3758 c.
2681 3706 2751 3759 18
2772 3723 2791 3761 t

639 3782 722 3835 Ex
739 3780 1000 3835 mensuris
1017 3780 1217 3833 nostris
1228 3821 1247 3849 ,
1263 3801 1296 3849 9
1317 3781 1438 3833 litra
1456 3820 1473 3847 ,
1496 3785 1528 3835 6
1542 3802 1563 3835 1
1580 3783 1671 3837 56.
1750 3786 2137 3854 pronuncia-unt
2160 3785 2313 3837 ‘verba
2340 3788 2693 3855 orationemque
2712 3803 2791 3837 eos

641 3880 738 3931 7²3
753 3880 878 3931 ergo
909 3879 992 3925 1,1
1006 3861 1342 3925 53,880.1itr.
1361 3864 1436 3925 64
1453 3874 1671 3916 cent.=
1758 3862 1984 3915 adversm
2018 3865 2247 3935 rempubl.
2286 3864 2534 3927 habuisse,
2564 3884 2661 3936 quo
2685 3883 2793 3917 con-

647 3959 671 3995 1
689 3940 858 4006 1‚538
889 3940 1084 3993 hectol.
1121 3944 1194 3995 80
1215 3941 1370 4007 litra·,
1396 3954 1498 3995 ete.
1746 3945 1941 4014 juratio
1964 3944 2235 3996 deserendas
2268 3945 2433 3997 Italia·
2467 3964 2615 3997 causa
2628 3944 2791 4015 fieret.

729 4020 780 4073 5.
799 4020 1134 4092 Proesidiaque
1153 4041 1208 4073 eo
1224 4020 1493 4073 deducebat
1498 4060 1515 4085 ,
1538 4025 1675 4092 etJ‘u-
1845 4026 1899 4076 6.
1924 4024 2222 4077 Necessaric‘s
2250 4026 2404 4077 rebus.
2430 4027 2497 4077 In
2520 4026 2606 4077 his
2636 4025 2794 4077 fuisse

641 4099 772 4154 dicia
792 4104 844 4153 in
858 4104 1075 4170 privatos
1097 4101 1345 4158 reddebat.
1363 4101 1490 4159 Haec
1505 4103 1675 4157 -verba
1762 4102 1977 4157 videtur
2006 4102 2199 4158 seditio
2220 4104 2454 4159 militum
2468 4142 2487 4171 ,
2514 4104 2799 4161 Placentia
