3025 5025
557 385 652 474 82ν
852 386 930 452 C.
985 382 1277 451 JULII
1333 379 1813 450 CAESARIS
1868 321 2432 450 COMMiz-N'lt

552 515 766 594 missis
785 568 806 605 ‚
843 516 1127 587 scienter
1173 515 1243 584 in
1290 513 1454 583 duas
1505 527 1729 608 partes
1778 537 1920 583 sese
1968 511 2415 602 distribuunt;
2448 510 2589 599 alii,
2624 527 2704 580 ut

551 623 795 723 praedae
831 621 1137 717 praesidio
1177 622 1342 710 sint;
1372 619 1520 710 alii,
1556 635 1634 690 ut
1666 620 2085 690 venientibus
2113 621 2463 705 resistant,
2500 632 2702 713 atque

553 755 668 806 eos
709 728 1124 824 propellant:
1157 753 1492 822 unamque
1524 728 1871 798 cohortem
1896 782 1915 814 ,
1958 750 2105 822 quae
2132 741 2379 798 temere
2423 740 2581 795 ante
2605 751 2704 795 ce·

552 851 728 906 teras
767 851 955 909 extra
997 837 1209 906 aciem
1241 849 1725 930 procurrerant,
1758 834 2084 906 seclusam
2127 835 2212 902 ab
2254 832 2523 929 reliquis
2564 833 2704 902 cir-

553 945 988 1020 cumveniunt
1015 957 1214 1038 atque
1246 942 1691 1030 interficiunt3
1722 940 2216 1035 incolumesque
2260 965 2415 1010 cum
2456 963 2705 1034 magna

551 1050 778 1148 praeda
812 1050 1049 1119 eodem
1091 1063 1298 1148 ponte
1339 1051 1410 1118 in
1452 1063 1671 1118 castra
1713 1035 2140 1118 revertuntur
2157 1033 2202 1114 ³.

554 1229 562 1236 ,
658 1159 836 1228 LVI.
892 1159 1080 1226 Dum
1121 1157 1266 1226 haeo
1309 1156 1394 1229 ad
1436 1154 1727 1224 Ilerdam
1783 1169 2143 1252 geruntur,
2178 1152 2623 1230 Massilienses
2656 1150 2702 1239 ¹,
2747 1211 2751 1221 ,

548 1265 650 1334 usi
690 1266 766 1334 L.
808 1263 1088 1332 Domitii
1131 1261 1454 1350 consilio,‚
1471 1287 1675 1332 naves
1709 1261 1941 1358 longas
1987 1261 2381 1356 expediunt,
2414 1284 2701 1328 numero

549 1371 786 1456 XVII,
810 1394 1096 1464 quarum
1119 1384 1310 1439 erant
1345 1371 1446 1440 XI
1475 1383 1685 1440 tectae.
1720 1367 1942 1441 Multa
1968 1369 2105 1440 huc
2128 1369 2389 1438 minora
2428 1367 2702 1460 navigia

547 1475 838 1564 addunt,
878 1491 954 1544 ut
982 1478 1126 1571 ipsa
1145 1463 1586 1548 'multitudine
1622 1490 1855 1556 nostra
1889 1474 2113 1549 classis
2144 1489 2514 1546 terreatur:
2554 1498 2699 1542 ma·

545 1608 756 1678 gnum
791 1607 1148 1654 numerum
1199 1584 1728 1677 sagittariorum,
1767 1607 2087 1678 magnum
2127 1581 2518 1656 Albicorum
2538 1578 2586 1669 ²,
2614 1580 2700 1648 de

544 1689 784 1786 quibus
855 1713 1056 1784 supra
1115 1686 1647 1758 demonstratum
1699 1704 1799 1760 est
1819 1743 1839 1777 ,
1880 1691 2271 1784 imponunt,
2319 1703 2517 1783 atque
2570 1686 2699 1756 hos

545 1887 875 1959 quineasper
884 1885 1146 1939 centurias
1155 1884 1394 1938 diviserit
1406 1886 1581 1939 Caesar
1665 1885 1902 1938 narratio
1927 1885 1996 1938 ad
2012 1905 2128 1956 cap.
2150 1887 2241 1940 36.
2263 1886 2431 1939 M.--
2452 1887 2556 1940 Usi.
2571 1887 2697 1940 Vox

545 1967 612 2020 ad
657 1967 928 2039 majorem’
957 1966 1016 2017 in
1059 1965 1201 2017 bello
1243 1963 1531 2018 utilitatem
1559 1983 1576 2031 ς
1665 1968 1744 2018 usi
1764 1968 1909 2018 abest
1930 1966 1987 2018 in
2008 1964 2165 2019 codd.
2187 1967 2367 2020 Petav.
2396 1979 2449 2019 et
2472 1966 2692 2022 Norvic.

548 2038 609 2111 4⁰
640 2048 755 2100 Etsi
779 2065 884 2102 vox
911 2046 1078 2097 cohors
1095 2043 1164 2098 de
1183 2043 1472 2098 auxiliariis
1491 2045 1576 2096 in·
1664 2059 1718 2098 et
1736 2047 1911 2117 reipsa
1925 2083 1942 2113 ,
1956 2047 2102 2100 salvo
2120 2065 2277 2100 sensu
2295 2047 2473 2099 abesse
2496 2059 2693 2118 potest.

543 2127 758 2180 terdum
809 2136 1099 2196 usurpetur
1125 2164 1140 2187 ,
1193 2136 1370 2176 tamen
1417 2143 1578 2194 pecu·
1661 2124 1823 2196 Apud
1844 2138 2058 2180 nostros
2077 2126 2366 2182 invenitur.
2387 2159 2469 2170 ——
2484 2126 2581 2179 XI
2596 2139 2696 2180 tec-

541 2208 745 2260 liariter
775 2209 1042 2260 Romanos
1066 2205 1261 2256 milites
1293 2203 1572 2274 significat.
1663 2215 1743 2257 toe.
1788 2205 1930 2258 Alibi
1976 2206 2150 2272 Caesar
2196 2219 2486 2263 constratas
2532 2226 2697 2262 naves

548 2276 606 2340 5⁰
639 2306 806 2358 quum
848 2285 987 2338 nihil
1026 2285 1084 2336 in
1115 2283 1458 2354 sequentibus
1487 2285 1573 2336 in-

542 2363 682 2422 dicet
707 2367 802 2418 has
833 2365 1078 2418 cohortes
1109 2364 1270 2418 fuisse
1295 2381 1360 2428 ex
1379 2362 1573 2436 Hispa-

541 2447 631 2498 nia
661 2447 936 2511 collectas,
966 2462 1079 2496 non
1121 2442 1281 2495 video
1322 2461 1420 2496 cur
1457 2445 1572 2496 sine

542 2528 854 2582 auctoritate
869 2565 886 2591 ‚
907 2536 1116 2577 cett-atas
1139 2522 1453 2578 diceremus.
1478 2525 1512 2577 J
1515 2543 1573 2576 u·

542 2604 683 2661 dicet
711 2604 950 2659 eruditus
975 2604 1158 2657 lector.

627 2688 678 2741 3.
699 2686 886 2739 Eodem
902 2696 1049 2754 ponte
1071 2686 1123 2735 in
1148 2695 1311 2735 castra.
1331 2695 1572 2737 revertun-

521 2778 639 2819 ταν.
669 2766 788 2819 Hoc
817 2764 1034 2817 Caesaris
1059 2775 1370 2835 stratagema
1388 2762 1573 2821 laudat

551 2848 740 2917 Tur-pin
769 2846 830 2897 de
865 2844 1053 2906 Crissd,
1085 2856 1124 2897 t.
1154 2862 1308 2914 11‚p.
1339 2844 1449 2901 358
1470 2882 1488 2911 ,
1518 2856 1573 2896 et

542 2926 717 2997 reipsa
739 2920 973 2977 ostendit
990 2922 1124 2996 quid
1141 2925 1310 2995 possit
1326 2924 1411 2975 vir
1429 2942 1569 2977 unus

542 3005 818 3059 excellenti
853 3001 1109 3075 praeditus
1139 3004 1353 3074 ingenio
1369 3040 1385 3067 ,
1413 3016 1476 3057 ut
1513 3022 1570 3057 se

543 3102 574 3149 e
612 3086 731 3137 loco
767 3082 974 3137 difficili
1004 3082 1266 3156 expediat.
1305 3082 1398 3135 Ces
1438 3103 1568 3139 „com-

543 3168 792 3216 mentaires
804 3160 824 3227 (
836 3164 1012 3235 inquit
1035 3165 1306 3233 Montagne
1317 3201 1336 3229 ,
1351 3158 1567 3227 Essais.)

541 3247 786 3311 deor-aient
794 3254 890 3297 ἐτι-ε
901 3245 946 3296 le
958 3243 1186 3298 bre'viaire
1198 3244 1258 3295 de
1272 3254 1378 3295 tout
1387 3244 1569 3295 homme

541 3326 600 3377 de
618 3345 817 3397 guerre,
845 3344 1020 3377 comme
1036 3328 1174 3375 etant
1186 3324 1230 3375 lc
1251 3327 1365 3375 Γυι·αι“
1384 3334 1432 3373 et
1453 3343 1567 3375 sou-

543 3410 704 3459 verain
732 3418 917 3477 patron
955 3404 1016 3455 de
1055 3405 1179 3455 l'art
1217 3403 1458 3455 militaire.
1491 3404 1571 3454 Et

541 3488 675 3538 Dieu
703 3489 802 3543 sait
823 3504 990 3537 encore
1011 3484 1070 3535 de
1097 3482 1250 3556 quelle
1271 3501 1418 3552 grace
1443 3484 1567 3535 etde

541 3567 694 3639 quelle
733 3566 903 3619 beaute'
941 3565 982 3615 il
1007 3584 1042 3615 a
1078 3564 1235 3633 farde'
1268 3574 1387 3615 cette
1418 3564 1567 3615 -riclze

540 3650 733 3699 matidre
763 3646 911 3699 d'une
929 3646 1084 3715 sagon
1113 3642 1172 3693 de
1201 3642 1306 3693 dire
1331 3647 1377 3695 .ςὶ
1405 3663 1529 3713 pure
1545 3683 1560 3705 ‚

538 3730 584 3779 si
621 3727 822 3791 de'licate
859 3736 909 3775 et
949 3728 994 3775 si
1027 3724 1242 3793 patfaitc
1257 3761 1273 3784 ,
1309 3723 1428 3795 qu'c‘z
1457 3743 1567 3775 mon

535 3817 702 3876 ἔοικε,
733 3806 774 3857 il
796 3805 888 3875 n'y
904 3824 936 3853 a
961 3823 1140 3857 aucuns
1171 3805 1310 3855 dcv-its
1335 3824 1402 3855 au
1423 3822 1558 3855 mon-

536 3888 623 3948 de,
659 3884 980 3956 comparables
1003 3902 1102 3937 aua:
1129 3886 1256 3937 siens
1283 3883 1406 3939 dans
1443 3896 1563 3938 cette

529 3970 704 4039 partie.

615 4048 748 4101 Cu.
779 4044 926 4097 LVI.
957 4060 1002 4095 1.
1029 4042 1372 4116 Mas-cifimus,
1401 4043 1567 4099 Redit

1661 2285 1907 2356 appellat.
1940 2285 2039 2339 His
2077 2299 2427 2358 opponuntur
2472 2300 2655 2358 aper-tce
2674 2328 2688 2350 ,

1660 2381 1779 2435 quae
1795 2365 1995 2418 scilicet
2016 2378 2385 2423 catastromata
2398 2385 2510 2424 non
2526 2368 2691 2424 habe·

1657 2445 1817 2512 bant,
1849 2445 2043 2518 quibus
2084 2447 2211 2500 tecti
2250 2447 2445 2503 milites
2484 2467 2693 2521 pugna-

1656 2538 1794 2579 rent.
1829 2526 1937 2580 Ltv.
1958 2527 1994 2579 l.
2024 2546 2215 2593 xxxvx,
2244 2547 2293 2583 c.
2321 2529 2693 2593 43:1ndecen-

1659 2616 1757 2657 tum
1768 2594 2117 2678 quiuquaginfa
2132 2611 2265 2662 tectis
2278 2608 2491 2671 navibus,
2510 2616 2695 2680 apertis

1646 2685 1803 2750 fhrmc
1815 2690 2165 2759 quinquaginta
2170 2690 2457 2759 pmfhcti....
2476 2688 2693 2745 Hirtius

1657 2763 1726 2817 de
1747 2766 1896 2820 Bello
1918 2767 2099 2835 Alex„
2117 2786 2164 2821 c.
2191 2786 2239 2821 11
2260 2786 2275 2821 :
2296 2788 2565 2843 magnoque
2595 2774 2691 2825 im-

1644 2856 1769 2915 petu
1794 2858 2001 2917 quatuor
2024 2848 2096 2899 ad
2111 2866 2215 2901 eum
2234 2862 2493 2903 constratoe
2512 2870 2657 2905 nam
2670 2890 2687 2915 ,

1654 2936 1706 2975 et
1762 2926 2022 2997 complures
2070 2940 2251 2999 aper-tce
2322 2930 2684 2987 contenderunt.

1658 3004 1843 3060 Graece
1872 3008 2245 3078 κατάφρακτοι,
2270 3022 2330 3061 ut
2362 3029 2393 3065 a
2422 3009 2691 3081 Polybio,

1656 3097 1709 3137 et
1744 3085 1973 3155 ἄφρακτα
2015 3085 2286 3144 dicuntur.
2314 3088 2458 3144 Vide
2484 3090 2685 3145 Joann.

1654 3164 1908 3218 Scheffer.
1940 3166 2060 3222 Mil..
2088 3186 2208 3223 nav.
2241 3167 2337 3221 lib.
2370 3188 2449 3234 Η,
2476 3188 2593 3242 cap.
2628 3172 2683 3225 5.

1655 3243 1863 3299 Similes
1904 3260 2027 3299 sunt
2056 3246 2121 3303 iis
2151 3248 2376 3305 navibus
2401 3268 2530 3321 quas
2556 3270 2685 3305 nos-

1657 3324 1727 3378 tri
1774 3324 1963 3382 dicunt
1998 3327 2230 3414 brulliotcs
2250 3366 2267 3394 ,
2302 3330 2467 3385 coches
2514 3331 2685 3385 d’aau.

1739 3424 1790 3458 τι.
1829 3405 2129 3462 Albicorum.
2177 3409 2353 3463 Albici
2393 3410 2513 3463 Reii
2551 3408 2687 3466 dicti

1654 3498 1807 3550 sunt,
1834 3498 1886 3538 et
1918 3506 1949 3539 a
1974 3488 2123 3542 cultu
2148 3488 2441 3560 Apollinis,
2472 3490 2684 3561 Apolli-

1652 3583 1837 3633 nares3
1867 3580 2075 3621 montes
2122 3568 2405 3639 Salydrum
2452 3590 2687 3641 occupa·

1652 3646 1781 3698 hant
1793 3684 1809 3711 ,
1833 3647 2239 3718 incolebantque
2254 3687 2273 3715 ‚
2296 3668 2413 3721 quae
2432 3668 2465 3703 a
2488 3651 2683 3707 vicinis

1651 3724 1895 3777 Massiliae
1920 3726 2053 3782 locis
2078 3726 2147 3781 asd
2178 3727 2484 3786 Cebennam
2507 3750 2682 3803 prope

1653 3804 1876 3859 modum
1904 3808 2191 3878 pertinent.
2220 3809 2425 3864 Eorum
2447 3812 2579 3865 urbs
2602 3810 2684 3863 di·

1650 3886 1789 3939 citur
1820 3904 1850 3939 a
1876 3886 2051 3941 Plinio
2090 3889 2327 3956 Alebece‚
2353 3890 2449 3943 lib.
2493 3906 2565 3947 111
2583 3931 2599 3955 ,
2630 3912 2677 3945 c.

1657 3965 1707 4019 5.
1726 3998 1809 4010 --
1828 3968 1910 4022 De
1939 3969 2107 4039 quibus
2135 3990 2282 4043 sigor-a
2304 3969 2679 4025 demenso-atum

1652 4058 1737 4101 ese.
1761 4066 1877 4119 cap.
1911 4048 2016 4112 34..
