3025 5025
564 413 716 506 216
828 415 906 482 C.
959 413 1248 480 JULII
1313 411 1786 480 CAESARIS
1842 412 2397 482 COMMENT.

558 547 874 638 Pyrenaeo
917 542 1471 638 praedonibusque
1500 541 1791 612 licuisset
1820 567 1836 610 τ
1873 545 2269 636 praesertim,
2314 558 2391 612 ut
2430 542 2498 611 id
2538 565 2702 638 age-

559 665 742 740 rent,
775 676 858 718 ne
903 637 1079 720 cives
1133 675 1288 718 cum
1301 649 1587 736 ,civibus
1636 651 1837 720 armis
1890 647 2355 720 decertarent?
2403 679 2439 714 >2
2484 649 2700 722 Multa

561 755 946 851 suppliciter
988 742 1286 826 locutus⁴
1335 770 1473 844 est,
1505 769 1585 824 ut
1624 755 1709 824 de
1750 780 1871 827 sua
1914 770 2112 849 atque
2150 757 2449 824 omnium
2492 755 2703 825 salute

561 863 850 932 debebat
872 861 1317 956 ,silentioque
1371 862 1456 930 ab
1515 863 1811 956 utrisque
1868 861 2185 931 militibus
2232 862 2512 932 auditus.
2562 864 2700 930 Re-

561 995 881 1066 sponsum
927 984 1028 1039 est
1069 969 1154 1038 ab
1197 967 1408 1038 altera
1444 983 1674 1062 parte,
1714 969 1791 1038 A.
1839 954 2253 1038 Varronem⁵
2292 967 2593 1063 profiteri
2634 993 2703 1037 se

561 1073 768 1144 altera
803 1077 908 1144 die
951 1077 1035 1144 ad
1078 1073 1483 1170 colloquium
1524 1089 1918 1162 venturum3
1934 1090 2147 1170 atque
2178 1099 2313 1144 una
2348 1077 2551 1144 etiam
2588 1076 2703 1144 ubi

559 1185 894 1276 utrimque
955 1182 1318 1252 admodum
1369 1196 1517 1250 tuto
1570 1180 1770 1276 legati
1806 1129 2059 1264 ve'nire
2078 1235 2099 1269 ,
2133 1196 2203 1250 et
2234 1206 2383 1275 quae
2420 1180 2667 1250 vellent
2684 1233 2703 1268 ‚

559 1313 891 1382 exponere
935 1303 1244 1384 possent3
1287 1303 1677 1383 certumque
1722 1289 1783 1356 ei
1818 1289 1914 1358 rei
1954 1302 2217 1384 tempus
2260 1289 2700 1358 constituitur.

563 1397 722 1483 Quo
765 1421 975 1489 quum
1029 1411 1204 1464 esset
1263 1410 1535 1490 postero
1586 1395 1694 1478 die
1730 1409 2007 1464 ventum
2026 1449 2048 1482 ,
2093 1418 2355 1489 magna,
2372 1389 2705 1512 utrimque

561 1501 918 1571 multitudo
957 1504 1310 1590 convenit3
1330 1525 1721 1622 magnaque
1763 1516 1907 1570 erat
1944 1502 2085 1594 ejus
2128 1502 2226 1568 rei
2266 1501 2705 1594 exspectatio,

561 1622 760 1702 atque
805 1611 1106 1678 omnium
1149 1610 1388 1678 intenti
1425 1611 1631 1676 animi
1682 1599 1768 1678 ad
1820 1633 2055 1702 pacem
2105 1632 2247 1676 esse
2273 1607 2705 1686 videbantur.

561 1715 716 1802 Qua
743 1740 826 1784 ex
853 1715 1223 1810 frequentia
1250 1718 1328 1782 Τ.
1360 1716 1696 1785 Labienus
1732 1712 1991 1808 prodit,
2022 1714 2345 1786 submissa
2372 1697 2707 1783 oratione⁶

557 1901 635 1954 Pr
635 1900 985 1972 aedonibusque.
995 1899 1309 1953 Praedones
1293 1912 1421 1952 1stos
1430 1898 1591 1952 fuisse
1683 1843 1925 1951 Terentii
1943 1899 2203 1952 Varronis
2219 1898 2492 1970 loquitur,
2504 1917 2590 1969 ep.
2618 1917 2641 1951 1
2654 1905 2705 1963 4,

561 1991 778 2032 censent
795 1981 1016 2049 piratas,
1036 1980 1129 2052 qui
1149 1979 1406 2052 Pompeio
1431 1997 1484 2032 se
1506 1976 1598 2031 de·
1680 1979 1719 2031 l.
1746 1995 1823 2043 ιν,
1842 1977 1910 2030 ad
1935 1977 2191 2032 Atticum.
2209 1977 2363 2031 Idem
2380 1976 2549 2030 sedilis
2566 1977 2708 2030 vide·

560 2057 834 2111 diderunt.
865 2060 1053 2130 Inepte
1079 2059 1417 2111 Rhellicanus
1437 2059 1595 2112 Afra·
1681 2071 1771 2111 tur
1792 2059 2131 2111 venationem
2156 2057 2405 2123 edidisse3
2422 2056 2570 2111 unde
2596 2060 2707 2130 ejus

560 2139 750 2193 nianos
763 2151 816 2191 et
828 2139 1134 2204 Petreianos
1152 2137 1396 2192 denotari
1405 2151 1594 2210 putat,

559 2237 686 2271 nam
716 2220 956 2272 Petreius
984 2233 1036 2272 et
1067 2219 1348 2284 Afranius,
1379 2236 1477 2271 nec
1509 2219 1593 2272 fu·

561 2298 740 2368 gitivi‚
767 2317 867 2351 nec
909 2300 1096 2370 piratae
1140 2311 1308 2353 erant.
1333 2331 1414 2358 -ς-
1438 2299 1509 2350 Ut
1543 2299 1601 2350 id

562 2390 778 2447 agerent.
811 2379 917 2431 Alii
941 2399 1086 2451 quum
1107 2380 1164 2430 id
1185 2389 1398 2448 agerent.
1433 2379 1596 2431 Forte

563 2458 773 2511 melius.

647 2544 699 2601 4.
715 2540 881 2593 Multa
895 2541 1174 2611 suppliciter
1189 2540 1388 2591 locutus.
1411 2538 1595 2591 Offen-

562 2616 644 2671 dit
662 2620 696 2670 J
699 2620 916 2673 urinum
929 2620 1041 2673 haec
1055 2638 1160 2674 vox
1169 2620 1462 2689 suppliciter.
1478 2620 1596 2674 Cae-

565 2718 676 2766 sar,
701 2702 786 2751 vel
809 2702 922 2769 ejus
949 2698 1310 2769 legatus‚·nec
1339 2699 1594 2770 supplex,

561 2797 662 2831 nec
681 2779 901 2831 humilis
932 2798 1042 2831 esse
1063 2791 1274 2849 poterat
1295 2797 1418 2849 erga
1439 2779 1597 2833 Pom-

561 2858 746 2930 peium
771 2878 783 2911 :
812 2856 956 2910 unde
983 2856 1128 2911 idem
1155 2857 1372 2913 criticus
1398 2877 1595 2931 propo-

560 2938 643 2990 nit
676 2937 910 2991 similiter.
947 2937 1142 2991 Verius
1173 2950 1315 2991 certe
1330 2976 1347 3003 ,
1374 2950 1428 2991 et
1461 2941 1591 2991 ιιοιι-Ι

560 3017 880 3072 venientius.

654 3097 706 3151 5.
745 3097 816 3151 A.
867 3097 1153 3150 Varronem.
1197 3099 1262 3149 Α.
1306 3098 1591 3152 Terentius

561 3178 741 3229 Varro
785 3178 1039 3241 Murena,
1064 3190 1249 3247 pater,
1290 3190 1404 3231 erat
1429 3198 1494 3229 ex
1525 3178 1593 3230 il-

559 3257 716 3311 lustri
733 3270 889 3327 gente
913 3256 1121 3310 Licinia
1132 3294 1149 3323 ‚
1167 3258 1375 3329 plebeia
1391 3246 1445 3311 et
1463 3275 1592 3309 con-

561 3337 758 3403 sulari,
777 3334 870 3388 sed
891 3356 988 3407 per
1006 3335 1352 3407 adoptionem
1382 3337 1595 3391 transiit

562 3418 621 3471 in
634 3417 960 3481 Terentiam,
975 3435 1122 3489 aeque
1133 3416 1412 3489 plebeiam.
1429 3414 1591 3475 Unde

561 3515 863 3569 cognomen
905 3496 1113 3547 Murena
1149 3496 1289 3548 huic
1332 3495 1593 3549 familiare

563 3578 737 3649 genti,
762 3575 830 3628 de
857 3595 959 3647 qua
987 3576 1114 3629 alias
1135 3576 1437 3647 loquemur.
1456 3576 1593 3627 Var-

562 3657 709 3708 ronis
724 3657 964 3709 Murenae
977 3655 1368 3719 meminitCic„
1379 3655 1418 3709 l.
1435 3675 1468 3707 x
1473 3674 1589 3727 „ep

563 3736 770 3801 famil„
803 3756 871 3789 22
909 3734 1160 3788 ‘Accedit
1183 3755 1240 3787 eo
1269 3735 1402 3805 quod
1425 3736 1589 3787 Varro

561 3816 771 3869 Murena
819 3808 1104 3885 magnopere
1149 3818 1251 3885 ejus
1291 3834 1438 3867 causa
1478 3816 1593 3869 vult

561 3900 738 3948 omnia.
771 3896 930 3947 Illum
961 3894 1214 3966 Pighius'
1197 3908 1338 3947 inter
1359 3908 1589 3979 quaesto-

561 3994 645 4028 res
663 3973 1016 4047 provinciales
1035 3987 1310 4040 numerat,
1337 3994 1421 4028 an.
1442 3980 1514 4044 69
1526 3996 1553 4028 2
1569 4013 1588 4040 ‚

499 4058 510 4081 ¹
562 4069 616 4107 et
650 4054 840 4109 Cicero
861 4056 1068 4109 iterum
1099 4053 1168 4108 de
1212 4056 1586 4111 intercessione

1680 2139 1945 2191 numisma
1960 2157 1989 2193 a
2002 2138 2085 2192 Io,
2098 2139 2159 2190 V
2148 2139 2329 2190 aillant
2336 2150 2708 2201 memoratum,

1682 2230 1721 2271 t.
1754 2236 1828 2283 11,
1856 2238 1911 2289 p.
1948 2222 2063 2286 469
2096 2237 2110 2272 :
2138 2231 2297 2290 caput
2336 2219 2555 2286 Dianae,
2584 2237 2707 2270 cum

1680 2297 1809 2350 luna
1838 2298 2049 2351 bicorni
2068 2307 2228 2370 super
2244 2299 2496 2372 frontem,
2510 2310 2566 2351 et
2582 2298 2708 2370 pha·

1680 2390 1824 2430 retra
1848 2395 1972 2432 cum
1994 2397 2123 2432 arcu
2146 2397 2307 2450 supra
2331 2378 2587 2432 humeros
2607 2397 2623 2430 ε
2650 2379 2704 2431 in

1682 2475 1863 2511 aversa
1919 2471 2072 2530 parte
2096 2497 2113 2524 ,
2160 2460 2223 2513 A.
2297 2457 2708 2532 TERENTIVS

1680 2539 1929 2591 VARRO
1960 2540 2300 2604 MVRENA3
2326 2548 2515 2593 cervus
2550 2556 2708 2609 quem

1681 2616 1791 2672 duo
1839 2636 1995 2671 canes
2028 2620 2401 2690 insequuntur.
2430 2650 2513 2661 —-
2542 2618 2709 2689 Atque

1682 2718 1781 2751 uua
1810 2701 1957 2751 etiam
1986 2703 2249 2768 utrimque,
2274 2710 2365 2752 ete.
2396 2699 2527 2751 Haec
2548 2698 2711 2751 lectio

1680 2792 1761 2831 est
1787 2777 2089 2833 emendatio
2109 2779 2489 2832 recentiorum.
2511 2778 2706 2831 Noster

1679 2876 1728 2911 c.
1744 2860 1809 2911 R.
1831 2857 2068 2931 5764,et
2088 2864 2211 2929 pars
2234 2858 2465 2915 maxima
2480 2856 2705 2911 Ouden-

1680 2935 2069 3009 dorpinnorum
2096 2957 2109 2991 :
2136 2934 2281 3011 at'que
2310 2958 2409 2991 una
2436 2942 2517 2990 ‘vis
2544 2942 2708 3003 utrim-

1680 3037 1797 3088 que,
1822 3030 1930 3080 ete„
1952 3020 2152 3089 absque
2169 3038 2353 3084 sensu3
2368 3030 2421 3071 at
2438 3016 2559 3073 cod.
2577 3019 2707 3071 alter

1685 3096 1835 3167 5768
1864 3117 1894 3150 a
1918 3097 2151 3152 secunda
2181 3117 2371 3164 manu,
2400 3110 2545 3171 atque
2564 3102 2709 3150 etiam

1680 3181 1945 3248 utrimque,
1994 3190 2120 3241 etc„
2158 3179 2375 3255 saniore
2426 3178 2703 3233 sententia.
2778 3202 2782 3204 ·

1680 3257 1803 3309 Duo
1847 3268 2100 3319 tantum:
2129 3269 2284 3333 utque
2312 3258 2395 3309 ubi
2432 3262 2701 3329 utrimque,

1678 3347 1770 3389 ete.
1822 3335 1982 3389 Unde
2028 3326 2447 3409 Oudendorpius
2495 3356 2704 3391 servans

1680 3421 1987 3488 utrumque
1993 3421 2139 3469 etiam
2170 3417 2277 3479 ubi,
2302 3417 2587 3489 proposuit
2608 3417 2705 3469 lec-

1679 3496 1881 3549 tionem
1898 3512 2063 3567 quam
2076 3509 2287 3551 secutus
2300 3508 2379 3551 est
2394 3496 2705 3559 Oberlinus;

1677 3594 1777 3629 nos
1808 3594 2023 3647 quoque
2065 3596 2183 3630 eam
2221 3577 2509 3649 accipimus
2542 3576 2703 3629 veluti

1678 3654 1959 3709 clariorem
1983 3669 2038 3709 et
2060 3656 2228 3711 menti
2258 3658 2489 3709 auctoris
2504 3674 2703 3709 accom-

1677 3734 2060 3807 modatiorem:
2085 3750 2141 3789 et
2160 3739 2269 3809 jam
2294 3736 2545 3790 arriserat
2560 3734 2697 3789 doct.

1678 3816 1745 3867 D.
1772 3815 1983 3869 vossio.

1760 3899 1812 3948 6.
1847 3895 2092 3959 Submissa
2126 3900 2340 3947 oratioue
2372 3898 2570 3966 incipit.
2589 3893 2696 3945 Ou-

1676 3972 2005 4047 dendorpius
2016 4014 2033 4041 ‚
2046 3995 2109 4029 ex
2124 3978 2451 4046 conjectura:
2470 3974 2556 4027 sed
2565 3976 2697 4045 omiss

1675 4074 1731 4107 sa
1764 4060 1997 4111 oratione.
2012 4096 2025 4109 .
2040 4097 2053 4108 .
2070 4096 2083 4108 .
2106 4058 2297 4127 incipit,
2320 4056 2579 4127 quoniam
2598 4053 2693 4108 La·
