3025 5025
588 433 735 504 312

873 436 950 503 C.
1007 436 1291 548 JULII
1348 434 1822 502 CAESARIS
1877 433 2433 504 COMMENT.

583 569 787 636 miam
819 566 1178 654 luxuriam,
1198 582 1267 635 et
1293 567 1588 636 victoriae
1613 565 1924 637 fiduciam
1949 566 2410 660 designarent:
2433 580 2518 634 ut
2545 564 2729 634 facile

584 676 893 744 {estimari
936 689 1193 768 posset,
1236 671 1400 742 nihil
1448 698 1564 742 eos
1607 673 1690 742 de
1733 687 1978 742 eventu
2029 673 2169 766 ejus
2215 673 2346 742 diei
2401 675 2728 769 timuisse,

584 781 699 874 qui
726 805 865 848 non
898 781 1301 850 necessarias
1340 781 1811 874 conquirerent
1847 778 2240 873 voluptates,
2279 781 2369 847 At
2396 779 2470 847 hi
2505 781 2728 846 miser-

582 888 757 956 rimo
792 911 871 954 ac
908 884 1404 980 potentissimo²
1436 887 1754 956 exercitui
1784 888 2066 956 Caesaris
2099 885 2430 954 luxuriem
2465 885 2730 977 objicie-

585 1089 655 1121 ne
680 1082 775 1122 est.
796 1070 883 1123 Sic
905 1071 1101 1141 passim
1120 1070 1176 1121 in
1200 1082 1387 1121 nostro
1417 1083 1470 1121 et
1499 1070 1616 1121 aliis

586 1168 727 1200 naves
741 1162 1021 1211 constratoe,
1039 1152 1148 1222 equi
1164 1152 1382 1213 instrati,
1398 1167 1618 1219 corrup-

586 1241 641 1280 te
676 1229 733 1280 in
779 1230 930 1282 MSS.
968 1231 1219 1300 leguntur
1257 1241 1541 1280 constr-uctoe
1569 1239 1622 1278 et

588 1311 808 1360 instructi
827 1330 845 1361 .·
878 1311 1008 1380 Cap.
1043 1310 1086 1361 C
1103 1347 1121 1374 ,
1150 1311 1284 1360 tectis
1312 1312 1618 1378 instratisque

589 1390 806 1449 navibus,
824 1409 926 1460 pro
943 1389 1264 1450 instructi-551.
1280 1407 1409 1453 vul,
1425 1389 1482 1439 in
1497 1388 1617 1450 fin..

590 1469 811 1520 tricliniis
868 1472 1062 1528 stratis,
1106 1469 1165 1520 in
1209 1467 1361 1520 MSS.
1415 1467 1620 1538 aliquot

587 1553 799 1602 structis.
851 1551 900 1600 T
896 1550 1100 1600 loericlea
1123 1567 1282 1618 vero,
1306 1560 1369 1600 ut
1390 1547 1620 1618 conjecit

588 1627 883 1680 Beroaldus
900 1667 917 1692 ,
956 1647 1061 1699 pro
1094 1628 1301 1699 poculis
1338 1627 1586 1698 pretiosis
1601 1664 1618 1692 ,

590 1726 701 1760 non
758 1706 1089 1760 admittenda
1149 1706 1419 1760 videntur.
1473 1704 1619 1758 Vide

590 1807 742 1853 eum,
759 1800 797 1840 t.
818 1807 869 1853 1,
887 1788 1048 1840 TIies.
1062 1788 1285 1856 Crit.‚p.
1322 1787 1353 1838 3
1368 1805 1449 1838 10.
1468 1785 1617 1838 om).

597 1869 830 1919 :li-iahilu:
860 1879 1014 1933 sunt,
1038 1879 1115 1918 ut·
1130 1865 1317 1918 Ovidii
1344 1861 1423 1927 (F
1426 1878 1520 1918 ast.
1557 1866 1620 1930 3,

596 1944 733 2008 528)
750 1947 929 1998 verbis
956 1944 1159 2008 dicam,
1190 1964 1319 1998 casae
1350 1943 1619 2008 frondete,

592 2045 623 2078 e
644 2045 795 2077 ramo
820 2027 969 2078 factae
990 2065 1005 2090 ‚
1024 2045 1155 2096 quas
1178 2038 1230 2077 et
1257 2025 1447 2076 umbras
1470 2020 1492 2086 (
1504 2022 1618 2078 vid.

594 2107 781 2158 Festus
796 2106 851 2157 in
866 2106 921 2158 h.
941 2104 1049 2171 vl),
1068 2118 1122 2158 et
1150 2106 1425 2157 umbracula
1450 2105 1623 2156 nomi-

592 2204 722 2237 nare
736 2187 958 2237 Veteres
974 2186 1230 2238 solebant.
1251 2187 1509 2238 Accurate
1527 2183 1621 2235 de-

594 2266 805 2336 scripsit
835 2265 1077 2336 Heynius
1097 2261 1204 2326 (ad
1227 2265 1381 2336 Virg.
1416 2266 1622 2336 Copam

593 2365 646 2397 v.
672 2341 753 2409 8),
765 2345 859 2396 ubi
873 2383 892 2410 ,
922 2346 1115 2396 trichila
1136 2344 1222 2396 vel
1246 2345 1483 2396 trichilum
1497 2381 1512 2402 ,
1534 2345 1619 2396 in-

594 2426 712 2496 quit
728 2464 743 2489 ‚
772 2438 850 2477 est
878 2426 1099 2495 pergula
1114 2465 1132 2491 ,
1168 2444 1233 2477 ex
1262 2424 1463 2478 vitibus
1493 2423 1621 2476 alia-

595 2526 660 2558 ve
692 2505 883 2557 arbore
897 2543 914 2570 ‚
940 2503 1275 2577 pedamentis
1296 2518 1351 2557 et
1372 2503 1513 2575 jugis
1535 2502 1624 2555 fir-

592 2599 735 2637 mata
752 2623 769 2649 ,
796 2585 1069 2656 implicitis
1110 2583 1393 2637 frondibus
1432 2603 1621 2636 conca-

594 2678 795 2717 merata
820 2665 905 2718 vel
929 2678 1137 2717 arcuata
1153 2663 1248 2733 ‚ad
1276 2664 1526 2718 umbram
1544 2666 1622 2715 fa-

594 2744 867 2810 ciendam,
898 2745 1107 2797 notiore
1154 2763 1284 2796 voce
1318 2744 1624 2813 kypampelos

594 2823 757 2877 dicta.
777 2825 849 2877 V.
866 2824 985 2876 intt.
1016 2822 1083 2875 ad
1113 2825 1305 2876 Colum
1322 2862 1334 2874 .
1365 2841 1462 2889 10,
1488 2825 1620 2893 378.

594 2906 629 2954 J
632 2924 717 2955 am
727 2902 886 2955 lectio
899 2903 1031 2968 haec,
1044 2904 1276 2964 trichilas,
1294 2904 1361 2955 ab
1372 2904 1624 2955 omnibus

596 2981 757 3035 codd-
792 2983 1011 3035 Caesaris
1051 2978 1129 3043 (et
1159 2981 1283 3034 edd.
1320 2993 1447 3035 vett.
1476 2978 1498 3045 )
1529 2983 1623 3035 fir-

596 3075 775 3114 matur
798 3076 1101 3114 constanter
1119 3081 1135 3126 ;
1158 3063 1249 3114 ina
1269 3080 1399 3115 vero
1430 3062 1594 3114 altera
1611 3102 1627 3129 ‚

600 3142 809 3195 triclinia
823 3181 838 3203 ,
874 3161 937 3193 ex
968 3141 1051 3194 ed.
1095 3140 1287 3194 Aldina
1304 3182 1319 3208 ‚
1346 3153 1400 3194 et
1436 3161 1465 3193 a
1505 3161 1625 3193 cor-

595 3234 803 3275 rectore
861 3223 975 3273 sine
1021 3220 1189 3274 dubio
1232 3222 1493 3292 originem
1529 3222 1626 3273 ha-

594 3302 705 3355 bet.
748 3303 825 3354 M.
865 3302 1088 3354 Vossius
1145 3303 1355 3353 triclinia
1385 3299 1627 3354 defendit

596 3402 627 3434 e
660 3382 939 3453 Spartiano
981 3382 1039 3433 in
1069 3379 1259 3445 Hadr.,
1309 3400 1391 3433 10.
1428 3379 1534 3432 Sed
1573 3393 1628 3433 et

596 3462 686 3513 hic
714 3461 997 3514 Salmasius
1020 3462 1123 3531 legi
1145 3460 1297 3531 jubet
1319 3460 1553 3521 υἱεΙιὶἰία,
1575 3473 1628 3513 et

597 3543 655 3593 in
688 3555 874 3593 nostro
912 3541 1033 3593 loco
1064 3539 1222 3593 codd.
1251 3541 1484 3591 obstant.
1513 3540 1628 3593 Nec

598 3619 897 3675 audiendus
920 3618 1213 3672 Beroaldus
1227 3657 1246 3684 ,
1274 3619 1367 3689 qui
1391 3620 1449 3669 in
1480 3618 1626 3670 Gru-

596 3701 701 3752 teri
720 3701 904 3771 lamp.,
921 3713 1052 3751 tom.
1086 3696 1109 3751 i
1128 3739 1143 3761 ,
1165 3720 1220 3770 p.
1254 3700 1285 3751 3
1299 3718 1321 3751 1
1334 3717 1395 3762 0,
1413 3699 1629 3768 reponit

599 3781 821 3831 thericlea
836 3818 855 3840 ‚
894 3781 1085 3850 pocula
1128 3779 1358 3849 pretiosa
1372 3816 1390 3843 ,
1422 3797 1626 3829 memo-

596 3873 711 3911 rata
730 3859 1000 3923 Ciceroni,
1016 3860 1175 3909 Verr.
1196 3866 1229 3921 4
1243 3895 1260 3922 ,
1286 3877 1307 3909 1
1321 3861 1375 3922 8,
1394 3859 1489 3909 ubi
1510 3859 1627 3924 alii,

599 3940 859 3990 Heraclea.
889 3939 1147 3991 Cellarius
1170 3938 1371 4008 recepit
1398 3939 1624 3991 triclinia.

599 4018 754 4070 Malit
780 4030 833 4069 et
857 4018 1143 4071 Bentleius.
1159 4050 1241 4059 --
1254 4018 1491 4070 structas.
1509 4018 1628 4070 Hoc

597 4096 655 4149 in
672 4098 823 4150 nullo
843 4095 1025 4150 codice
1047 4097 1246 4167 legitur
1260 4134 1278 4163 ,
1296 4096 1391 4151 sed
1416 4110 1499 4151 est
1512 4135 1530 4164 ,
1560 4116 1624 4151 ex

1703 1067 2078 1122 emendatione
2136 1069 2374 1122 Salmasii
2387 1107 2404 1132 ,
2445 1069 2730 1139 probatum

1705 1149 1898 1200 Vossio
1917 1149 2298 1218 aliisque.Vera
2313 1145 2476 1200 codd.
2492 1148 2654 1200 lectio
2661 1160 2733 1200 est

1701 1240 1900 1281 stratas.
1931 1228 1988 1280 si
2019 1228 2166 1280 enim
2195 1228 2304 1280 dici
2339 1239 2522 1298 potest
2564 1247 2731 1280 coena-

1703 1308 1884 1359 culum
1914 1321 2165 1372 stratum,
2193 1308 2250 1360 id
2283 1320 2392 1372 est,
2423 1308 2630 1360 mensis
2647 1307 2734 1360 tri-

1703 1388 2016 1439 cliniaribus
2040 1399 2295 1447 stratum.
2326 1387 2385 1439 in
2423 1406 2537 1458 quo
2571 1387 2733 1458 posita

1703 1481 1992 1538 parataque
2045 1479 2170 1519 sunt
2217 1466 2452 1520 triclinia
2488 1487 2503 1520 ε
2539 1466 2734 1538 poterit

1695 1547 1862 1598 etiam
1897 1545 2006 1598 dici
2043 1548 2234 1599 tn'chih
2271 1558 2460 1609 strata,
2490 1547 2602 1600 hoc
2629 1559 2733 1611 est,

1705 1627 1902 1679 mensis
1929 1639 2090 1682 strata
2107 1665 2126 1692 ‚
2151 1628 2210 1678 in
2240 1645 2346 1697 qua
2365 1628 2562 1698 posita:
2586 1645 2732 1697 para·

1707 1719 1878 1778 taeque
1895 1719 2022 1758 sunt
2043 1725 2254 1760 mensa.
2274 1707 2442 1778 Atqui
2460 1705 2612 1778 apud
2623 1707 2734 1760 Ma·

1703 1787 1982 1852 crobium,
2009 1785 2294 1850 saturnal„
2315 1805 2345 1838 α
2362 1825 2377 1854 ,
2407 1807 2442 1855 9
2464 1823 2481 1850 ,
2513 1805 2546 1838 e
2571 1787 2734 1838 veteri

1707 1867 1968 1937 scriptore
1996 1867 2346 1936 proferuntur
2374 1867 2492 1918 haee
2533 1867 2730 1918 verba:

1707 1947 1919 1997 triclinia
1940 1947 2073 1998 lectis
2097 1945 2314 1998 eburneis
2333 1956 2509 1999 strata.
2529 1944 2733 1998 Eodem

1707 2023 1871 2077 modo
1891 2026 1950 2077 in
1966 2025 2120 2078 libris
2136 2027 2294 2078 sacris
2311 2020 2500 2086 (Marc.
2523 2033 2613 2090 14,
2639 2044 2660 2076 1
2674 2027 2730 2090 ὅς

1706 2106 1838 2157 Luc.
1869 2125 1962 2170 αα,
1989 2104 2086 2169 11)
2111 2104 2310 2158 dicitur
2339 2104 2554 2175 ἀνώγεων
2593 2105 2732 2175 {epd-

1708 2182 1888 2255 μενον)
1919 2184 2066 2256 quod
2093 2185 2324 2256 Scaliger
2350 2179 2454 2244 (de
2483 2183 2730 2238 emenda-

1707 2266 1854 2318 tione
1883 2277 2106 2336 tempp.‚
2138 2285 2193 2336 p.
2225 2261 2524 2334 571)bene
2549 2265 2732 2328 vertit,

1707 2345 2038 2396 coenaculum
2085 2345 2236 2398 lectis
2293 2357 2538 2403 stratum.
2595 2345 2730 2414 Ergo

1705 2443 1820 2476 non
1845 2423 2114 2477 debebant
2139 2424 2245 2478 viri
2275 2423 2426 2476 docti
2447 2422 2700 2476 dubitare
2713 2461 2730 2490 ‚

1709 2524 1776 2557 an
1803 2505 1996 2557 trichila
2019 2503 2128 2558 dici
2156 2518 2334 2575 posset
2363 2504 2567 2569 sterni,
2597 2505 2731 2557 mul-

1708 2597 1870 2655 toque
1906 2584 2084 2637 minus
2114 2585 2354 2655 phrasim
2392 2585 2536 2637 hanc
2571 2584 2730 2637 corri-

1709 2683 1849 2733 gere.
1882 2664 1940 2717 si
1961 2666 2080 2734 quis
2111 2678 2290 2717 tamen
2313 2664 2465 2716 malit
2485 2662 2732 2716 emenda-

1707 2763 1768 2795 re
1787 2782 1803 2808 ,
1831 2764 1944 2795 non
1973 2743 2294 2797 contendam
2323 2743 2393 2796 de
2417 2762 2502 2796 eo.
2525 2744 2734 2814 Lipsius

1711 2818 1814 2883 (de
1849 2824 1968 2875 Mil.
1998 2826 2178 2889 Rom„
2198 2824 2228 2877 5
2245 2862 2264 2888 ‚
2288 2828 2354 2877 16
2368 2861 2385 2888 ,
2403 2843 2459 2893 p.
2479 2820 2732 2885 326)tn·-

1709 2904 1864 2954 clu'hs
1877 2916 2057 2955 stratas
2071 2902 2261 2959 eodem
2280 2902 2464 2967 modo,
2483 2922 2596 2973 quo
2620 2916 2733 2967 ante

1709 2982 2086 3053 interpretatus
2111 3002 2228 3035 sum
2243 3020 2262 3048 ,
2287 2983 2570 3053 descripsit
2584 3019 2603 3046 ,
2637 3002 2733 3033 um-

1713 3061 1910 3113 bracula
1929 3062 2002 3113 ad
2019 3068 2326 3115 coenationem
2339 3064 2705 3129 itntratafuisse
2715 3101 2730 3123 ,

1712 3142 1946 3213 lectosque
1976 3144 2248 3211 dispositos.
2282 3144 2360 3195 M.
2385 3143 2533 3194 Bene
2561 3154 2735 3193 stratas

1711 3220 1952 3274 defendit
1976 3222 2530 3290 Morus—Magnam
2551 3226 2736 3291 argenti

1705 3302 1914 3371 pondus.
1964 3301 2210 3354 Crateras
2245 3301 2498 3370 intelligit
2511 3340 2531 3365 ‚
2567 3315 2625 3354 et
2653 3302 2736 3353 illa

1711 3400 1834 3433 vasa
1867 3399 1987 3451 quae
2023 3382 2153 3433 olim
2183 3382 2240 3433 in
2271 3381 2457 3433 castris
2488 3400 2602 3433 esse
2631 3400 2736 3433 uon

1711 3461 1969 3513 solebant.
2015 3461 2100 3515 Ibi
2142 3461 2360 3513 materia
2401 3472 2482 3513 est
2520 3480 2624 3531 pro
2657 3462 2736 3513 in-

1713 3554 2028 3593 strumento,
2049 3571 2129 3582 -—-
2151 3540 2438 3592 Recentibus
2473 3541 2733 3611 cespitibus.

1713 3620 1765 3671 N
1767 3640 1838 3671 on
1850 3620 2119 3691 vituperat
2133 3621 2377 3690 cespiteS‚
2391 3617 2485 3673 sed
2507 3632 2736 3672 recentes

1713 3700 1933 3771 cespites
1951 3739 1968 3767 ,
2009 3700 2106 3770 qui
2144 3700 2336 3752 festum
2385 3700 2620 3769 aliquem
2656 3718 2736 3769 ap-

1712 3792 1962 3849 paratum
1981 3780 2289 3850 arguebant.
2304 3812 2379 3823 -—
2409 3779 2736 3831 Tubernacula

1715 3860 1935 3911 militum.
1960 3860 2235 3912 Differunt
2269 3861 2338 3911 ab
2371 3859 2478 3911 illis
2506 3859 2734 3911 luxurio-

1704 3939 1784 3991 sis
1800 3938 2152 4005 umbraculis,
2164 3957 2338 4009 neque
2354 3937 2544 3991 eadem
2561 3956 2670 4002 res,
2681 3936 2733 3989 h.

1713 4017 1775 4086 l.,
1793 4030 1854 4069 ut
1872 4019 2098 4071 Vossius
2126 4032 2279 4090 putat
2293 4056 2308 4075 ,
2331 4018 2415 4071 bis
2445 4015 2658 4071 dicitur.

1800 4118 1852 4151 a.
1883 4099 2244 4151 Potentissimo.
2266 4099 2420 4151 Hanc
2446 4116 2630 4153 vocem
2657 4114 2733 4150 re-
