3025 5025
699 463 849 552 418
1496 461 1635 530 DE
1691 459 2035 530 BELLo

693 595 1234 694 proficisceretur
1281 588 1576 678 (nemini
1618 595 1795 664 enim
1841 607 1983 663 erat
2032 595 2373 686 ignotum,
2416 593 2699 688 plurimis
2736 593 2806 662 de

695 703 910 772 causis
953 702 1040 772 ad
1063 702 1302 770 urbem
1332 701 1665 773 Caesarem
1702 691 2077 789 revocari),
2115 698 2399 769 lentius
2388 724 2619 795 agere,
2644 701 2804 768 dece-

691 809 894 878 dendi
919 808 1098 878 diem
1125 805 1464 903 postulare
1485 805 1887 901 longiorem,
1914 807 2254 899 pactiones
2283 808 2731 901 interponere,
2750 808 2811 872 in

692 938 982 998 summa,
1000 913 1306 984 frustrari
1327 915 1549 1007 coepit.
1578 915 1805 984 Caesar
1818 965 1839 1000 ‚
1866 913 2137 1006 cognita
2160 911 2816 1004 calliditatehominis,

685 1022 867 1118 quod
917 1020 1062 1090 aliis
1105 1019 1523 1115 temporibus
1574 1032 1815 1088 natura
1866 1017 2087 1088 facere
2146 1034 2589 1088 consueverat
2610 1073 2631 1108 ‚
2678 1034 2813 1087 tunc

687 1129 1077 1198 necessitate
1121 1125 1280 1196 fecit
1321 1125 1685 1210 adductus,
1732 1139 1811 1194 ut
1862 1122 2141 1194 celerius
2184 1127 2487 1194 omnium
2530 1128 2813 1220 opinione

687 1259 962 1304 manum
1003 1246 1402 1304 consereret.

791 1341 1079 1410 LXXII.
1137 1336 1337 1408 Zela*
1376 1353 1480 1407 est
1521 1337 1845 1434 oppidum
1887 1341 1967 1406 in
1992 1341 2245 1427 Ponto,
2288 1340 2511 1433 positu
2550 1341 2697 1433 ipso
2712 1393 2731 1424 ‚
2760 1353 2813 1406 ut

680 1450 750 1516 in
797 1445 1000 1540 plano
1042 1445 1195 1516 loco
1209 1499 1230 1534 ‚
1280 1446 1438 1514 satis
1473 1446 1857 1520 munitum:
1901 1442 2197 1514 tumulus
2240 1447 2419 1519 enim
2476 1443 2811 1527 naturalis,

680 1553 866 1622 velut
928 1576 1132 1622 manu
1193 1552 1450 1636 factm,
1493 1549 1851 1620 excelsiore
1910 1549 2205 1645 undique
2241 1550 2505 1647 fastigio
2564 1554 2815 1621 sustinet

681 1683 972 1728 murum.
1013 1658 1490 1751 Circumpositi
1535 1672 1691 1726 sunt
1730 1656 1889 1726 huic
1928 1657 2179 1752 oppido
2216 1658 2815 1752 magni-multique,

577 1839 584 1846 ,
683 1767 976 1834 intercisi
1032 1763 1314 1832 vallibus
1330 1817 1350 1851 ‚
1393 1761 1593 1858 colles
1612 1781 1635 1831 τ’
1674 1787 1961 1857 quorum
2004 1763 2401 1834 editissimus
2442 1791 2623 1834 unus
2638 1763 2661 1788 ²
2676 1819 2695 1852 ‚
2726 1767 2816 1858 qui

683 1885 961 1966 propter
1007 1870 1368 1939 -victoriam
1429 1868 1839 1940 Mithridatis
1854 1923 1874 1958 ,
1928 1884 1999 1938 et
2042 1869 2499 1940 infelicitatem
2570 1873 2817 1956 Triarii,

682 1977 1286 2070 detrimentumque
1317 1977 1645 2044 exercitus
1670 1977 1917 2062 nostri,
1960 1977 2410 2072 superioribus
2449 1976 2617 2047 locis
2648 1993 2817 2072 atque

683 2082 1028 2150 itineribus
1072 2106 1262 2177 paene
1305 2081 1705 2174 conjunctus
1750 2081 2031 2177 oppido,
2068 2106 2381 2212 magnam
2412 2083 2483 2150 in
2526 2083 2657 2153 illis
2694 2109 2817 2179 par·

685 2189 863 2258 tibus
923 2189 1128 2257 habet
1197 2186 1655 2274 nobilitatem;
1712 2211 1837 2258 nec
1903 2174 2154 2256 multo³
2223 2189 2485 2283 longius
2558 2190 2825 2258 millibus

645 2291 650 2294 ’
686 2319 1003 2390 passuum
1057 2295 1271 2362 tribus
1321 2293 1510 2362 abest
1561 2294 1646 2360 ab
1692 2292 1867 2364 Zela.
1913 2297 2113 2364 Hunc
2159 2294 2383 2366 locum
2419 2295 2819 2383 Pharnaces,

776 2527 906 2581 Car.
928 2524 1155 2580 LXXII.
1181 2544 1235 2590 1.,
1248 2526 1397 2577 Zela.
1413 2523 1502 2577 Sic
1520 2536 1723 2578 veteres
1809 2526 2059 2596 Appiam,
2076 2526 2138 2579 B.
2164 2524 2433 2590 Mithrid„
2448 2546 2497 2580 c.
2516 2530 2615 2595 89,
2628 2546 2683 2598 p.
2702 2527 2821 2591 ²3„

690 2608 848 2672 libri;
873 2607 1034 2659 etiam
1065 2606 1254 2659 Strabo
1271 2602 1291 2667 (
1306 2622 1407 2672 ιιι,
1431 2622 1553 2676 pag.
1589 2604 1719 2657 560.
1810 2618 1864 2657 et
1880 2624 1925 2658 c.
1954 2624 1977 2657 1
1993 2624 2088 2675 qo,
2106 2624 2161 2676 p.
2190 2606 2318 2670 254.
2340 2606 2614 2659 Plutarch.
2631 2608 2818 2660 Lucull.

697 2684 864 2751 Ζῆλα)
879 2705 897 2751 3
911 2700 963 2740 et
977 2687 1321 2749 Ptolemaeus,
1333 2703 1388 2749 V,
1419 2688 1452 2737 6
1470 2703 1486 2750 3
1520 2697 1575 2737 et
1596 2684 1723 2737 Plu-

694 2767 907 2819 tarchus
939 2767 998 2819 in
1027 2768 1232 2819 Coesare
1245 2802 1262 2830 ,
1295 2783 1342 2817 c.
1381 2763 1475 2816 50.
1507 2763 1725 2834 Stepha-

693 2865 793 2899 nus
825 2848 964 2903 Ζῆλσι
1000 2846 1265 2898 Armenian
1283 2883 1302 2909 ‚
1320 2844 1472 2899 Ζίηλα
1513 2842 1725 2915 Cappa-

694 2924 862 2979 dociae
887 2924 1156 2979 attribuit.
1175 2923 1412 2989 Quidam
1427 2936 1622 2977 neutro
1638 2941 1727 2995 ge-

669 3024 823 3057 ·nere
838 3043 855 3069 ,
885 3005 1202 3057 Plutarchus
1253 3003 1512 3057 feminino
1570 3001 1723 3056 dixit.

699 3085 932 3151 Plinius,
947 3084 1017 3137 H.
1046 3085 1115 3137 N.
1139 3103 1218 3149 v1‚
1237 3090 1264 3136 3
1278 3121 1295 3149 ‚
1321 3084 1472 3149 Ziela
1496 3084 1725 3154 scripsit.

701 3165 866 3219 Cen..
895 3164 1140 3235 Davisius
1165 3161 1399 3229 addidit,
1423 3162 1568 3234 apud
1594 3163 1726 3215 Dio·

701 3263 826 3297 nem
845 3245 988 3297 Cass.
1017 3262 1160 3308 11.11‚
1189 3250 1261 3311 47
1277 3283 1292 3309 ‚
1325 3245 1520 3295 Ζέλειαν
1546 3242 1724 3295 scribi.

705 3323 849 3377 Oud.
861 3322 928 3377 ad
941 3322 1288 3393 Wesselingii
1297 3314 1454 3375 notas
1465 3322 1525 3373 in
1534 3322 1725 3375 Hiero-

702 3405 796 3458 clis
816 3402 1196 3476 synecdemum
1212 3397 1296 3473 (p.
1316 3420 1419 3470 701
1444 3403 1502 3453 in
1527 3402 1724 3454 Anton.

704 3481 971 3547 itinerar.)
985 3485 1227 3536 lectores
1262 3479 1566 3534 amandavit
1582 3519 1598 3547 ,
1633 3481 1728 3535 ubi

706 3565 828 3617 Zela
845 3565 906 3617 in
931 3576 1116 3616 nostro
1137 3563 1258 3615 loco
1273 3559 1582 3614 defenditur
1597 3598 1614 3626 ,
1644 3580 1747 3637 ex·⁸

704 3645 852 3697 cluso
879 3644 1043 3695 altero
1067 3643 1224 3696 Ziela.
1247 3642 1314 3693 In
1335 3641 1583 3693 Pliniano
1606 3642 1727 3695 loco

703 3722 868 3777 editio
891 3721 1156 3777 Harduini
1185 3721 1322 3773 Zela
1354 3722 1533 3777 habet.
1567 3720 1644 3773 M.

788 3823 838 3855 2.
873 3804 1026 3856 Unus.
1052 3802 1292 3857 Scotium
1315 3814 1471 3854 vocat
1495 3800 1724 3871 Appian.

699 3881 1002 3935 Mithridat.
1024 3883 1135 3935 Bel.
1151 3900 1199 3935 c.
1209 3900 1232 3935 1
1248 3901 1276 3935 α
1286 3900 1338 3933 ο.
1353 3881 1679 3941 ——Triarius,
1696 3898 1728 3932 a

700 3960 926 4015 Lucullo
951 3962 1239 4035 Tigranem
1263 3961 1581 4013 Armenium
1604 3978 1728 4031 per-

701 4052 980 4112 sequente,
999 4044 1056 4095 in
1078 4042 1254 4095 Ponto
1275 4042 1523 4104 relictus,
1548 4041 1730 4111 ingen-

1810 2704 1926 2755 eap.
1952 2684 2043 2739 35.
2064 2685 2651 2756 Cum—Superioribus
2667 2689 2819 2740 loeis...
2914 2714 2918 2725 ·

1809 2764 2001 2835 oppido.
2021 2764 2149 2817 Hae
2166 2766 2330 2818 verba
2347 2784 2458 2818 non
2484 2785 2584 2819 suo
2606 2768 2725 2820 loco
2738 2786 2823 2839 po-
2916 2786 2918 2793 ·

1810 2846 1937 2909 sita,
1970 2841 2065 2897 sed
2108 2856 2233 2915 post
2268 2846 2498 2899 verbum
2542 2847 2823 2899 nobilitata

1811 2923 2119 2977 collocanda
2142 2937 2293 2994 puto.
2322 2926 2495 2978 Porro
2520 2928 2824 2997 superioribus

1812 3004 1930 3055 locis
1947 3015 2089 3077 atque
2102 3004 2351 3057 itineribus
2366 3006 2613 3077 suspicor
2632 3006 2822 3061 dictum

1812 3102 1923 3137 esse
1939 3102 2041 3154 pro
2062 3084 2309 3136 itineribus
2326 3104 2420 3155 per
2436 3090 2687 3156 superiora
2706 3089 2823 3147 lom,

1788 3180 1885 3217 ,sc.
1916 3166 2069 3235 juga,
2106 3177 2167 3217 ut
2209 3162 2341 3218 adeo
2384 3163 2712 3219 editissimas
2748 3168 2825 3219 ille

1810 3243 1961 3295 collis
1988 3262 2139 3315 pane
2183 3246 2499 3315 conjuncms
2540 3245 2707 3299 flierit
2740 3266 2827 3318 op-

1811 3321 1969 3394 pido,
1990 3324 2117 3393 quia
2142 3324 2247 3377 iter
2284 3324 2351 3376 ab
2382 3344 2447 3377 eo
2477 3323 2610 3377 inde
2634 3324 2707 3378 ad
2742 3346 2826 3397 op·

1812 3398 2003 3472 pidum
2048 3422 2216 3473 usque
2260 3404 2363 3455 fuit
2418 3422 2519 3475 per
2564 3407 2827 3477 superiora

1812 3482 1933 3535 loca
1964 3500 2035 3535 sc.
2066 3485 2208 3555 juga.
2240 3482 2329 3535 Sic
2354 3495 2411 3535 et
2438 3484 2757 3556 Wagnerus
2782 3487 2831 3538 iu

1812 3562 2056 3623 versione
2098 3562 2415 3615 Germanica
2452 3566 2733 3635 expressit.
2762 3566 2829 3619 Μ.

1898 3643 1951 3695 3.
1976 3642 2084 3696 Nec
2114 3643 2279 3694 multo.
2314 3642 2457 3713 Lege
2484 3663 2585 3695 non
2614 3666 2683 3699 m.
2710 3647 2832 3699 Pro-

1812 3721 1983 3773 currit
1998 3740 2127 3792 ergo
2146 3722 2318 3775 oratio
2340 3722 2399 3775 in
2422 3723 2570 3777 hunc
2586 3724 2831 3778 modum.

1814 3820 2013 3873 quorum
2034 3802 2317 3853 editissimas
2348 3798 2627 3875 aliudqm}
2642 3819 2837 3877 propter

1812 3883 2068 3933 victoriam
2086 3881 2415 3945 Mithridatis,
2441 3884 2533 3949 inf
2565 3885 2674 3947 Tr„
2702 3886 2838 3937 detri-

1812 3972 2108 4033 mentumque
2146 3964 2379 4013 emunitus
2406 3966 2587 4023 nostri,
2616 3984 2836 4035 magum

1814 4043 1866 4091 in
1892 4041 1991 4093 illis
2012 4042 2235 4111 partibus
2260 4042 2407 4093 habet
2420 4042 2747 4109 nobilitatem)
2762 4064 2835 4097 su·-

697 4120 744 4171 ti
779 4120 925 4173 clade
958 4141 986 4172 a
1025 4119 1340 4190 Mithridate
1367 4119 1595 4173 afflictus
1630 4132 1724 4172 est.
1806 4120 2078 4189 periet-ibus
2110 4120 2226 4175 locis
2256 4134 2399 4192 atque
2428 4123 2683 4176 itineribus
2706 4144 2839 4195 μαι
