3025 5025
968 412 1677 508 HISPANIENSI.
2240 434 2381 533 537

238 566 364 636 Hic
418 569 488 635 in
541 568 833 638 adventu
883 571 1190 664 Pompeii
1243 568 1474 638 incidit
1500 623 1520 656 ‚
1570 584 1648 639 ut
1710 572 2041 638 matutino
2092 584 2392 665 tempore

237 673 486 743 nebula
523 689 696 745 esset
727 677 1150 745 crassissima.
1184 679 1420 771 Itaque
1455 679 1525 745 in
1560 675 1669 745 illa
1718 670 2184 745 obscuratione
2236 700 2389 746 cum

237 778 491 873 aliquot
535 782 922 851 cohortibus
959 796 1027 851 et
1057 785 1353 875 equitum
1393 784 1631 851 turmis
1669 768 2393 851 circumcludunt⁵Cae-

239 888 404 955 saris
453 890 706 982 equites
749 903 818 957 et
861 888 1222 959 concidunt
1245 942 1264 977 ,
1303 891 1430 977 sic,
1471 905 1547 957 ut
1589 891 1704 957 vix
1744 891 1811 957 in
1862 914 1939 957 ea
1984 888 2162 958 caede
2201 890 2395 984 pauci

238 993 632 1087 effugerent.
1063 1014 1070 1023 '

348 1103 504 1169 VII.
561 1102 948 1194 Insequenti
981 1116 1178 1170 nocte
1205 1116 1422 1171 castra
1451 1126 1569 1171 sua
1596 1100 1889 1171 incendit
1916 1102 2300 1195 PompeiuS‚
2326 1114 2395 1169 et

241 1222 430 1276 trans
453 1207 700 1275 flumen
721 1206 982 1277 Salsum
1011 1233 1132 1301 per
1151 1206 1486 1277 convalles
1513 1224 1731 1278 castra
1760 1211 1935 1277 inter
1958 1209 2091 1276 duo
2119 1206 2395 1301 oppida,

240 1317 572 1407 Ateguam
599 1328 666 1381 et
691 1314 1018 1401 Ucubim,
1053 1315 1121 1382 in
1155 1330 1381 1385 monte
1412 1317 1773 1385 constituit.
1818 1318 2041 1383 Caesar
2066 1316 2137 1382 'in
2166 1315 2395 1381 muni-

242 1420 538 1515 tionibus
589 1422 956 1514 ceterisque
993 1444 1139 1514 quae
1181 1420 1267 1489 ad
1313 1421 1635 1516 oppidum
1672 1421 2201 1516 oppugnandum
2229 1442 2404 1513 opus

245 1526 526 1595 fuerunt
559 1580 580 1615 ‚
619 1551 930 1621 aggerem
981 1526 1377 1620 vineasque¹
1439 1552 1636 1622 agere
1690 1530 1993 1605 instituit.
2044 1525 2205 1595 Haec
2254 1524 2402 1595 loca

245 1647 404 1701 sunt
440 1645 831 1721 montuosa,
865 1648 934 1702 et
972 1648 1212 1701 natura
1253 1634 1430 1703 edita
1469 1634 1555 1701 ad
1600 1658 1742 1703 rem
1787 1632 2220 1721 militarem²3
2255 1658 2400 1726 quae

244 1738 520 1833 planitie
534 1740 924 1809 dividuntur
939 1739 1125 1808 Salso
1149 1739 1773 1836 flumine‚proxime
1797 1756 2019 1809 tamen
2038 1743 2367 1835 Ateguam
2382 1792 2402 1825 ‚

245 1860 326 1914 ut
341 1844 428 1913 ad
445 1846 696 1915 flumen
719 1848 850 1916 sint
879 1848 1141 1915 circiter
1163 1867 1476 1941 passuum
1503 1847 1639 1917 duo
1668 1847 1887 1915 millia.
1906 1848 2009 1915 Ex
2038 1870 2115 1915 ea
2132 1848 2402 1941 regione

248 1952 480 2047 oppidi
505 1953 576 2019 in
619 1953 955 2021 montibus
993 1968 1211 2022 castra
1254 1953 1490 2023 hahuit
1524 1957 1882 2049 Pompeius
1928 1956 1996 2021 in
2036 1966 2404 2047 conspectu

249 2074 692 2153 utrorumque
723 2060 1118 2155 oppidorum
1142 2114 1160 2147 ‚
1191 2085 1408 2154 neque
1437 2064 1569 2129 suis
1607 2084 1806 2129 ausus
1846 2077 1947 2131 est
1973 2061 2268 2131 subsidio
2290 2048 2401 2127 <re-

250 2167 412 2234 nire.
437 2166 713 2260 Aquilas
733 2181 800 2235 et
823 2168 1010 2259 signa
1036 2168 1271 2236 habuit
1298 2170 1469 2235 xm
1497 2166 1867 2262 legionum3
1886 2166 2005 2237 'sed
2022 2222 2039 2256 ‚
2060 2164 2141 2237 ex?
2164 2168 2405 2261 quibus

251 2271 497 2365 aliquid
559 2272 961 2341 firmamenti
1003 2298 1071 2341 se
1115 2274 1535 2341 existimabat
1582 2274 1829 2342 habere
1854 2326 1874 2359 ‚
1937 2274 2087 2343 duae
2138 2274 2409 2341 fuerunt

253 2377 627 2450 vernaculae
642 2363 692 2467 ³,
719 2403 866 2472 quae
895 2402 936 2445 a
973 2379 1312 2447 Trebonio
1351 2380 1877 2473 transfiigerant3
1910 2404 2043 2447 una
2062 2435 2082 2468 ‚
2118 2379 2290 2448 facta
2328 2404 2408 2446 ex

256 2484 568 2573 coloniiS‚
604 2484 1056 2580 quae-filerunt
1093 2488 1164 2556 in
1193 2485 1298 2556 his
1340 2487 1723 2582 regionibus
1736 2484 2019 2582 ;'quarta
2056 2486 2182 2555 fuit
2207 2485 2409 2554 Afra-

257 2594 474 2670 niana-
503 2614 583 2663 ex
633 2592 894 2678 Africa,
935 2618 1136 2687 quam
1165 2616 1410 2662 secum
1453 2593 1851 2682 adduxerat3
1882 2593 2153 2688 reliquae
2187 2619 2269 2662 ex
2304 2593 2407 2661 fu-

360 2803 413 2856 5.
479 2803 888 2858 Circumcludunt.
965 2805 1292 2876 Ambiguum
1384 2817 1465 2858 ter
1499 2807 1711 2860 cessisse
1743 2819 1993 2860 conatum
2021 2819 2221 2859 narrat.
2256 2807 2407 2860 Mon.

261 2895 570 2948 est,utrum
589 2884 902 2956 Pompeiani
918 2885 1136 2938 Caesaris
1151 2887 1296 2956 equi,
1467 2887 1597 2940 CAP.
1626 2887 1751 2939 VII.
1792 2906 1843 2940 1.
1876 2887 2123 2956 Agger-em
2152 2890 2412 2958 vineasque

264 2976 340 3016 tes
374 2964 867 3028 circumcluserint,
899 2983 964 3016 an
1011 2965 1297 3018 Caesariani
1384 2985 1545 3036 agere.
1580 2965 1723 3018 Vide
1759 2985 1876 3037 quae
1902 2965 2303 3020 notavimus-ad
2343 2967 2409 3016 Β.

263 3043 636 3118 Pompeianos,
658 3046 910 3115 Atquum
923 3043 1295 3116 praecedentia,
1387 3046 1504 3098 Gal.
1531 3063 1609 3110 rr,
1649 3063 1749 3112 ιη
1778 3047 1928 3103 Alex.
1964 3047 2057 3116 73.

263 3135 383 3175 tum
417 3124 818 3194 subsequentia,
842 3125 1006 3195 magis
1039 3139 1292 3195 arguunt,

264 3203 622 3274 Pompeianos
653 3223 684 3254 a
718 3204 1027 3258 Caesarianis
1059 3205 1298 3259 concisos
1333 3225 1353 3252 ο

266 3303 394 3336 esse.
417 3281 585 3335 Modo
613 3283 757 3336 enim
780 3285 878 3350 ait,
905 3284 1112 3346 castella
1137 3304 1167 3336 a
1189 3284 1296 3338 (Σω-

267 3382 384 3416 sare
403 3364 460 3414 in
483 3363 586 3416 hoc
611 3377 864 3434 occupata
893 3383 1028 3432 esse,
1054 3378 1114 3416 ut
1137 3366 1297 3416 Pom-

266 3443 380 3514 peii
399 3443 656 3494 insultum
675 3444 1018 3514 reprimeret3
1035 3463 1160 3496 mox
1179 3446 1300 3496 sub-

264 3524 510 3594 jungitur
525 3561 541 3587 ,
567 3523 884 3594 Pompeium
907 3524 1100 3595 fugisse
1116 3563 1132 3588 ,
1151 3523 1299 3596 quod

270 3603 494 3657 minime
511 3603 744 3657 facturus
757 3604 948 3670 fuerat,
959 3603 1002 3656 si
1013 3605 1302 3675 qualicum-

269 3673 376 3754 'que
408 3683 632 3736 victoria
661 3684 866 3754 potitus
900 3695 1048 3736 esset.
1091 3685 1298 3738 Banu..

271 3763 452 3828 Quare
477 3765 575 3814 sub
615 3763 830 3816 initium
855 3763 1068 3834 periodi
1097 3764 1302 3834 legetur

273 3863 379 3894 eum
397 3835 541 3904 (non
569 3839 702 3906 cum)
717 3844 903 3914 aliquot
920 3843 1192 3894 cohortibus
1205 3881 1220 3904 ‚
1242 3856 1302 3898 ut

274 3921 560 3976 Goduinus
583 3923 811 3976 monuit.
843 3921 944 3979 Sed
963 3961 978 3990 ‚
1005 3924 1049 3975 si
1067 3923 1158 3977 hic
1183 3943 1302 3975 sen-

274 4021 364 4053 sus
389 4014 492 4068 est,
522 4003 676 4073 plane
697 4014 960 4076 repugnat
969 4003 1090 4056 loco
1116 4003 1304 4056 Dionis

275 4082 422 4135 Cass.
442 4101 581 4136 um
595 4122 612 4150 ,
631 4083 703 4138 33
716 4121 732 4148 ,
747 4084 842 4158 qui
857 4083 1116 4154 Pompeio
1138 4083 1304 4136 felici-

1470 3147 1521 3180 ⁴².
1542 3126 1741 3180 ‚Natura
1766 3127 1899 3178 edita
1921 3127 1992 3178 acl
2018 3145 2115 3176 rem
2140 3119 2410 3181 militarem.

1384 3203 1502 3268 Hoc
1530 3205 1642 3276 ipse
1674 3206 1901 3276 scriptor
1918 3240 1935 3266 ‚
1976 3224 2023 3257 c.
2062 3208 2093 3260 8
2110 3243 2127 3270 ‚
2154 3207 2413 3277 explicat,

1385 3284 1517 3337 dum
1548 3285 1758 3356 plenius
1782 3284 1931 3339 dicit.
1958 3285 2035 3338 Μ.

1388 3415 1394 3422 ,
1473 3365 1527 3419 3.
1546 3366 1605 3416 V
1597 3365 1853 3419 emaculoe.
1882 3365 2077 3419 Caesari
2099 3366 2293 3418 victori
2313 3380 2418 3417 tra-⁴

1387 3444 1512 3497 ditae
1540 3458 1691 3498 erant
1708 3439 1810 3506 (de
1822 3446 1885 3498 B.
1920 3445 1981 3498 C.
1998 3463 2065 3510 11,
2080 3442 2175 3508 πο)
2190 3483 2205 3509 ,
2222 3445 2317 3516 qui
2338 3446 2414 3500 eis

1387 3525 1689 3596 Longinum
1723 3525 1972 3596 praefecit
2008 3537 2091 3588 et,
2124 3525 2227 3578 hoc
2270 3543 2416 3577 mor-

1389 3619 1484 3658 tuo
1503 3642 1524 3670 ,-
1538 3605 1871 3658 Trebonium
1888 3623 1903 3657 e
1922 3623 1953 3656 a
1971 3623 2079 3675 quo
2108 3603 2419 3658 defecerunt

1389 3699 1442 3737 et
1461 3703 1645 3738 rursus
1664 3703 1871 3738 causam
1892 3685 2134 3755 Pompeii
2149 3685 2289 3739 tueri
2310 3703 2419 3736 sus·

1391 3778 1666 3836 ceperunt:
1705 3766 1810 3817 Dio
1837 3764 1977 3818 Cass.
2012 3782 2179 3822 ant,
2214 3783 2304 3832 29.
2332 3765 2420 3818 M.

1390 3846 1424 3896 J
1426 3845 1634 3897 urinius
1669 3842 1955 3916 legendum
1989 3856 2145 3916 putat
2174 3843 2285 3901 duoe
2301 3844 2419 3909 fue-
2456 3857 2461 3870 ¹

1393 3937 1508 3976 runt
1528 3919 1673 3986 (scil.
1693 3937 1957 3978 veteranae
1970 3921 1991 3987 )
2006 3963 2019 3989 ‚
2039 3943 2147 3995 quoe
2168 3943 2199 3974 a
2238 3922 2418 3974 Trebo-

1395 4008 1474 4054 nio
1515 4007 1878 4076 wamficgerant
1908 4000 2057 4065 (vid.
2087 4005 2169 4056 Al.
2204 3999 2335 4066 64).
2370 4013 2419 4052 et
2516 4022 2529 4033 ·

1393 4085 1681 4146 vernacula,
1698 4083 1768 4138 de
1782 4103 1885 4156 qua
1902 4083 2155 4155 deinceps
2176 4103 2291 4153 cap.
2322 4100 2417 4142 ια.
