3025 5025
517 533 524 540 .
593 474 732 541 DE
786 473 1140 540 BELLO
1195 471 2397 575 CIV1L1.LIB.111.239

261 626 426 696 aegre
464 606 732 673 retentis
766 603 1174 706 Domitianis
1211 602 1572 691 militibus,
1596 619 1695 674 est
1730 605 2019 695 factum,
2049 633 2135 677 ne
2164 611 2397 705 praelio

259 710 796 794 contenderetur;
839 726 906 780 et
941 711 1268 794 maxime,
1314 710 1496 804 quod
1538 713 1718 780 rivus
1762 661 2143 784 difficilibus
2201 720 2399 812 ripiS,

255 818 476 886 castris
517 809 848 912 Scipionis
891 817 1270 909 subjeetu5‚
1309 842 1699 911 progressus
1756 833 2139 889 nostrorum
2178 825 2399 918 impe-

255 919 482 992 diebat.
528 925 842 1012 Quorum
879 923 1172 993 studium
1217 922 1761 1019 alacritatemque
1803 927 2146 1021 pugnandi
2188 956 2400 1023 quum

257 1032 665 1123 cognovisset
721 1032 982 1124 Scipio,
1045 1031 1418 1124 suspicatus
1479 1030 1658 1117 fore,
1701 1044 1781 1100 ut
1828 1048 2099 1127 postero
2142 1035 2248 1103 die
2286 1051 2403 1106 aut

255 1136 490 1205 invitus
519 1136 838 1206 dimicare
863 1151 1247 1231 cogeretur,
1274 1151 1392 1204 aut
1412 1160 1657 1232 magna
1686 1141 1841 1208 eum
1869 1139 2139 1209 infamia
2166 1145 2401 1212 castris

255 1266 322 1314 se
366 1245 740 1332 continere,
781 1246 896 1338 qui
942 1267 1188 1336 magna
1245 1245 1739 1337 exspectatione
1782 1248 2105 1336 venisset,
2151 1263 2402 1319 temere

255 1373 636 1444 progressus
680 1367 948 1445 turpem
986 1349 1223 1418 habuit
1271 1351 1562 1437 exitum,
1600 1365 1667 1420 et
1712 1365 1958 1440 noctu,
2004 1379 2091 1422 ne
2127 1355 2403 1424 concla-

257 1459 440 1526 matis
479 1457 754 1551 quidem
810 1441 1028 1525 vasis³
1034 1510 1054 1542 ,
1093 1455 1344 1524 flumen
1387 1459 1661 1544 transit3
1722 1472 1924 1553 atque
1978 1462 2045 1528 in
2100 1463 2404 1532 eamdem

255 1577 540 1656 partem,
573 1590 658 1632 ex
686 1589 817 1660 qua
853 1576 1170 1650 venerat,
1193 1563 1420 1650 rediit3
1450 1563 1671 1656 ibique
1702 1589 1914 1659 prope
1944 1567 2195 1636 flumen
2226 1569 2405 1640 edito

255 1683 484 1738 natura
516 1670 669 1740 loco
699 1686 916 1740 castra
937 1671 1176 1764 posuit.
1209 1671 1446 1738 Paucis
1473 1668 1707 1739 diebus
1737 1672 2171 1767 interpositis,
2199 1691 2405 1746 noctu

253 1776 512 1846 insidias
555 1780 854 1872 equitum
900 1776 1282 1864 collocavit,
1315 1801 1451 1870 quo
1477 1777 1549 1844 in
1577 1775 1726 1847 loeo
1770 1781 2225 1874 superioribus
2265 1783 2405 1852 fere

253 1882 474 1953 diebus
520 1887 732 1953 nostri
768 1882 1072 1978 pabulari
1107 1898 1613 1952 consueverant.
1645 1887 1733 1954 Et
1771 1909 1977 1979 quum
2016 1889 2408 1981 quotidiana

253 1991 728 2060 consuetudine
761 1993 846 2080 Q.
868 1977 1128 2060 Varus⁴
1159 1989 1514 2084 praefectus
1540 1992 1842 2085 equitum
1865 1994 2177 2084 Domitii,
2202 1997 2412 2066 venis-

254 2113 376 2184 set;
399 2099 621 2166 subito
639 2097 730 2167 illi
755 2123 838 2166 ex
859 2097 1107 2166 insidiis
1132 2113 1711 2166 consurrexerunt.
1754 2098 1884 2167 Sed
1908 2103 2121 2170 nostri
2147 2102 2415 2172 fortiter

253 2231 482 2274 eorum
513 2207 841 2300 impetum
871 2203 1204 2291 tulerunt,
1229 2202 1662 2298 celeriterque
1694 2204 1779 2272 ad
1804 2231 1957 2275 suos
1988 2208 2269 2302 quisque
2299 2235 2411 2278 or·

329 2411 384 2464 3.
417 2411 500 2464 Ne
540 2408 848 2462 conclamatis
892 2407 1082 2480 quidem
1126 2411 1280 2459 vasis.

253 2490 394 2558 Quid
423 2490 495 2544 sit
529 2489 858 2543 conclamare
888 2505 1011 2541 vasa
1049 2485 1284 2541 vidimus

250 2573 284 2625 l.
305 2592 355 2638 1,
381 2592 430 2625 c.
453 2566 638 2625 66:11.
658 2570 697 2623 l.
720 2568 864 2623 idem
885 2566 1100 2621 criticus
1123 2586 1285 2638 supra

249 2653 437 2705 citatus
463 2645 486 2710 (
525 2651 712 2720 Tur-pin
757 2649 817 2699 de
868 2647 1033 2700 Crisse'
1053 2638 1076 2714 )
1104 2644 1286 2701 laudat

247 2730 593 2804 prudentiam
617 2728 880 2800 Scipionis
895 2765 910 2792 ‚
941 2744 1173 2798 eumque
1197 2724 1288 2778 de·

249 2811 420 2865 fendit
467 2807 720 2863 adversus
764 2809 1024 2863 Caesarem
1069 2808 1246 2878 ipsum
1267 2841 1284 2871 ,

247 2894 336 2965 qui
367 2890 589 2945 videtur
616 2888 920 2961 Scipionem
948 2887 1170 2959 ignaviae
1201 2905 1286 2938 ar·

247 2990 444 3045 guere3
491 2983 652 3041 atque
704 2970 875 3040 ipsam
923 2967 1178 3038 injuriam
1228 2966 1286 3018 in

248 3064 526 3107 auctorem
575 3062 924 3120 retorquens,
955 3047 1163 3112 Julius,
1202 3047 1287 3099 in·

247 3135 398 3206 quit,
434 3129 739 3202 Scipionem
780 3128 1048 3200 vituperat
1062 3165 1078 3194 ,
1108 3124 1285 3199 quod,

248 3232 434 3283 magna
463 3230 569 3262 cum
598 3211 825 3277 infamia,
853 3211 1023 3260 castris
1053 3228 1104 3259 se
1131 3210 1288 3259 conti-

248 3297 412 3345 nuerit
424 3312 446 3354 ‚·
474 3288 670 3343 deinde
693 3287 840 3360 quod
867 3300 1036 3341 temere
1057 3306 1288 3359 progres-

246 3393 327 3426 sus
341 3412 358 3435 ,
393 3372 535 3425 clam
547 3372 736 3442 flumen
769 3374 1028 3422 numici-it.
1065 3369 1136 3420 At
1171 3366 1288 3419 Cae·

245 3474 333 3508 sar
361 3453 478 3524 ipse
505 3452 632 3505 alias
658 3448 801 3516 (vid.
816 3451 878 3502 B.
897 3449 1034 3503 Gall.
1058 3443 1288 3520 passim)

245 3542 364 3587 non
411 3530 547 3585 adeo
596 3544 755 3602 turpe
797 3528 955 3582 duxit
1005 3528 1187 3581 castris
1232 3546 1288 3581 se

245 3614 530 3668 continere
544 3650 560 3676 ,
597 3622 660 3663 ut
706 3612 884 3664 hostes
930 3606 1180 3680 deceptos
1227 3626 1290 3660 ea

247 3693 465 3748 timoris
489 3705 542 3744 et
569 3692 790 3763 ignavia!
821 3688 1187 3753 simulatione,
1209 3700 1290 3741 at·

246 3792 360 3847 que
393 3770 523 3825 inde
561 3769 870 3824 audaciores
914 3770 1079 3823 factos
1124 3768 1290 3821 tutius

246 3852 656 3926 aggrederetur,
682 3864 839 3923 atque
867 3850 1064 3903 certius
1106 3849 1289 3903 vince-

247 3946 358 3987 ret.
389 3934 654 3986 Praeterea
689 3931 939 3985 transitus
968 3928 1206 3981 fluminis
1231 3946 1292 3981 ea

250 4024 438 4067 mente
466 4006 810 4066 fuit'effectus
827 4049 843 4077 ,
870 4022 932 4063 ut
955 4010 1166 4061 hostem
1186 4007 1294 4060 sci-

249 4094 350 4165 pio
378 4093 604 4165 propius
622 4104 870 4150 tentaret,
900 4102 1058 4163 atque
1083 4092 1196 4160 ejus
1209 4088 1294 4142 ·vi-

252 4192 342 4227 res
379 4174 718 4245 exploraret3
751 4172 946 4243 quibua
975 4169 1260 4239 recognitis
1273 4207 1290 4234 ‚

1369 2418 1425 2473 et
1443 2405 1792 2477 amplioribus
1809 2407 2059 2478 repertiS,
2078 2427 2240 2480 quam
2258 2412 2410 2483 prius

1366 2484 1696 2557 judicaverat
1711 2525 1728 2552 ,
1759 2485 1887 2540 inde
1934 2489 2253 2560 sequebatur
2296 2512 2409 2545 non

1370 2566 1546 2637 turpis
1572 2567 1693 2637 fuga
1710 2607 1725 2636 ‚
1748 2580 1808 2620 ut
1836 2568 2011 2620 Caesar
2033 2570 2195 2640 paulo
2220 2569 2409 2624 durius

1371 2645 1576 2703 innuit,
1604 2644 1699 2698 sed
1725 2645 1962 2718 prudens
1988 2666 2223 2701 recessus
2232 2687 2248 2715 ,
2274 2648 2408 2703 dum

1371 2726 1530 2777 aliam
1612 2726 1946 2779 occasionem
2012 2728 2411 2783 nancisceretur

1373 2804 1709 2858 commodam
1753 2808 1919 2877 magis
1964 2820 2122 2879 atque
2146 2822 2408 2880 opportu-

1371 2904 1514 2939 nam.
1538 2886 1607 2938 Et
1628 2886 1758 2939 huic
1778 2886 2062 2957 interpreti
2083 2906 2301 2959 prorsus
2328 2909 2410 2943 as-

1372 2964 1592 3032 sentior,
1602 2965 1864 3037 quisimul
1874 2964 2410 3039 duxperitus,xxxvu

1372 3046 1597 3117 praeliis,
1620 3059 1681 3098 ut
1710 3046 1824 3117 ipse
1870 3046 1943 3099 ait
1958 3086 1974 3114 ‚
2006 3048 2064 3099 in
2108 3050 2251 3101 bello
2288 3070 2410 3123 sep·

1375 3126 1557 3192 tenni,
1591 3137 1683 3178 aut
1728 3124 2000 3179 Frederici
2050 3130 2261 3201 magni,
2303 3132 2411 3183 Bo-

1373 3224 1649 3259 russorum
1679 3206 1841 3277 regis,
1867 3220 2109 3279 tempore
2136 3210 2409 3279 interfuit;

1375 3298 1429 3339 et
1450 3306 1514 3339 eo
1537 3285 1789 3340 libentius
1816 3288 2262 3361 assentior,quod
2287 3310 2413 3344 raro

1375 3365 1624 3438 quidem,
1656 3365 1750 3421 sed
1786 3366 2062 3421 interdum
2104 3382 2281 3423 tamen
2300 3408 2317 3436 ,
2348 3384 2411 3424 ut

1373 3446 1480 3500 hoc
1506 3448 1629 3500 loco
1644 3486 1659 3515 ,
1688 3448 1975 3502 alienatum
2013 3466 2044 3500 a
2074 3448 2417 3522 Pompeianis

1352 3590 1362 3599 .
1377 3527 1616 3580 animum
1626 3528 1765 3581 male
1780 3528 1909 3600 tegit
1922 3540 2081 3599 atque
2093 3527 2409 3584 dissimulat.

1380 3622 1392 3634 ·
1461 3614 1514 3671 4.
1541 3608 1607 3678 Q.
1648 3608 1829 3661 Varus.
1862 3609 1895 3660 J
1900 3625 1985 3660 am
2021 3606 2256 3662 vidimus
2290 3610 2408 3665 Sex,

1376 3686 1734 3752 Quinctilium
1773 3688 1983 3740 Varum
1978 3726 2014 3758 δ
2052 3688 2089 3740 l.
2120 3704 2175 3754 1,
2222 3708 2268 3743 c.
2316 3690 2409 3743 23.

1376 3766 1539 3820 Hunc
1560 3780 1737 3821 autem
1756 3768 1996 3839 suspicor
2013 3772 2125 3820 'non
2152 3786 2183 3821 e
2211 3770 2413 3835 Quinc·

1379 3845 1519 3913 tilia,
1544 3846 1637 3901 sed
1667 3866 1697 3899 e
1722 3848 1887 3899 Vibia
1914 3860 2069 3918 gente
2096 3848 2407 3903 oriundum.

1378 3928 1449 3979 At
1475 3925 1615 3980 forte
1639 3927 1799 3979 etiam
1823 3940 2077 3999 cognatus
2102 3929 2206 3983 fuit
2228 3930 2287 3981 P.
2315 3932 2412 3982 At-

1379 4006 1442 4057 tii
1465 4004 1629 4072 Vari,
1660 4008 1811 4078 cujus
1838 4008 2084 4081 frequens
2110 4010 2315 4063 mentio
2347 4011 2411 4063 fit

1381 4098 1495 4139 tum
1528 4088 1584 4139 in
1606 4087 1711 4141 hoe
1734 4088 1877 4141 bello
1892 4088 1913 4157 ,'
1940 4096 2057 4144 tum
2077 4090 2136 4143 in
2164 4091 2293 4144 aliis.
2324 4093 2410 4146 De

1380 4184 1446 4219 eo
1471 4168 1613 4221 infra
1635 4167 1889 4224 dicemus.
1912 4166 1923 4179 '
