3025 5025
581 427 680 531 3³8

857 432 945 500 sc.
1001 429 1294 499 JULII
1349 426 1820 498 cAEsAais
1876 388 2433 497 COMMENT.

577 563 650 630 in
687 560 908 631 forum
945 562 1308 657 productos
1323 560 1371 650 ⁷,
1409 561 1733 631 Lentulus
1779 560 2067 630 libertati
2088 560 2455 631 confirmat
2473 612 2493 647 ,
2531 571 2735 679 atque

575 668 656 737 iis
683 693 903 763 equos
939 658 1275 756 attribuit,
1316 683 1383 737 et
1419 694 1486 737 se
1526 670 1706 763 sequi
1736 670 1971 762 jussit:
1997 693 2165 762 quos
2202 682 2462 763 postea,
2505 668 2735 734 moni-

581 787 690 843 tus
723 775 808 842 ab
847 776 1014 863 suis,
1051 775 1233 869 quod
1271 799 1348 843 ea
1396 800 1500 844 res
1548 778 1847 843 omnium
1892 775 2144 869 judicio
2192 770 2797 869 reprehendeba-

581 866 741 949 tur-⁸
744 934 764 969 ,
804 882 1059 949 circum
1097 881 1448 951 familiares
1513 897 1882 951 conventus
1932 880 2361 976 Campania?
2363 934 2383 969 ,
2420 880 2738 949 custodiae

585 1010 810 1075 causa,
833 987 1186 1057 distribuit.

687 1095 840 1163 XV.
895 1094 1182 1163 Auximo
1222 1097 1445 1164 Caesar
1477 1092 1907 1190 progressus¹
1914 1148 1933 1183 ,
1972 1119 2241 1163 omnem
2280 1117 2513 1188 agrum
2550 1094 2737 1161 Pice·-

583 1224 748 1267 num
786 1203 1134 1294 percurrit.
1181 1203 1460 1271 Cunctae
1497 1226 1729 1271 earum
1768 1204 2116 1295 regionum
2159 1196 2608 1296 praefecturae²
2655 1197 2739 1267 li-

581 1302 980 1377 bentissiinis
1009 1309 1248 1377 animis
1277 1333 1430 1377 eum
1461 1309 1820 1439 recipiunt,
1852 1311 2346 1401 exercitumque
2370 1332 2511 1400 ejus
2534 1306 2742 1374 omni-

584 1411 710 1483 bus
733 1412 970 1483 rebus
946 1429 1204 1509 juvant.
1231 1416 1452 1483 Etiam
1477 1400 1825 1509 Cinguloffi
1850 1416 2030 1521 quod
2052 1414 2375 1509 oppidum
2406 1414 2741 1482 Labienus

669 1661 722 1711 7.
765 1642 1036 1695 productos
1061 1663 1081 1697 .·
1112 1644 1229 1707 alii,
1264 1644 1507 1697 deductos.
1542 1674 1624 1687 --·
1662 1678 1671 1683 -

587 1721 828 1774 Liber-tati
857 1723 1124 1793 confirmat.
1173 1725 1354 1778 Petav.
1391 1722 1527 1777 Cod.
1570 1736 1624 1777 et

585 1815 768 1854 noster
781 1804 845 1855 R.
868 1803 897 1855 5
906 1822 937 1873 7
947 1808 977 1857 6
987 1811 1018 1867 4
1033 1843 1048 1870 ‚
1062 1804 1322 1856 Libertatis
1340 1803 1617 1873 confirmat,

589 1880 872 1935 subaudita
902 1902 1034 1936 voce
1063 1904 1273 1951 munere.
1307 1885 1430 1936 Non
1457 1884 1621 1949 male,

587 1972 641 2013 et
681 1963 819 2014 forte
849 1964 1180 2017 concinnius.
1223 1964 1368 2034 Lips.
1406 1964 1618 2016 Saturn.

588 2058 613 2093 1
631 2080 645 2105 ,
677 2060 699 2093 1
713 2048 746 2105 4
768 2080 784 2107 ‚
817 2042 1062 2111 emendat
1094 2044 1313 2095 libertate
1343 2042 1620 2113 confirmat,

588 2132 643 2172 et
666 2120 1076 2193 interpretatur:
1110 2123 1354 2175 libertate
1395 2122 1622 2175 donatos

493 2194 505 2207 ⁸
587 2199 770 2253 reddit
811 2201 1078 2256 firmiores
1103 2239 1121 2268 ,
1164 2202 1356 2257 liberat
1405 2201 1619 2265 dubita-

589 2280 735 2334 tione
764 2320 780 2347 ,
827 2300 896 2333 ne
947 2281 1198 2335 dubitent
1247 2281 1496 2335 accedere
1553 2281 1620 2335 ad

590 2374 768 2432 partes
797 2362 1060 2435 Pompeii.
1109 2363 1250 2415 Male
1264 2401 1281 2429 ,
1314 2374 1375 2414 ut
1405 2364 1617 2434 opinor.

673 2442 728 2493 8.
790 2442 942 2512 Quod
980 2462 1037 2493 ea
1079 2462 1152 2494 res
1194 2446 1400 2495 omnium
1430 2443 1621 2513 judicio
1694 2492 1701 2499 ,

592 2523 1033 2592 reprehendebatur.
1084 2522 1216 2576 Ideo
1261 2523 1621 2595 reprehende-

588 2601 774 2670 batur,
794 2602 940 2675 quod
959 2621 1138 2657 servos
1157 2617 1477 2676 armaverat,
1501 2604 1621 2674 qui-

593 2683 694 2734 bus
729 2683 786 2736 in
827 2683 1018 2736 militia
1047 2685 1241 2737 mereri
1269 2703 1380 2736 non
1409 2685 1619 2737 licebat.

675 2781 728 2830 9.
791 2762 984 2814 Circum
1039 2765 1312 2830 familiares
1370 2777 1622 2816 conventus

595 2839 891 2911 Campaniae.
943 2843 1172 2896 Ursinus
1216 2857 1270 2897 et
1311 2843 1621 2897 Ciacconius

591 2921 807 2991 legunt:
855 2927 1029 2975 circum
1049 2925 1262 2991 familiae
1294 2937 1460 2996 patres
1505 2943 1619 2975 con-

595 3013 756 3056 ventus
784 3002 1096 3072 Campaniae,
1143 3015 1197 3056 et
1225 3025 1327 3076 pro
1357 3005 1622 3075 interpre-

592 3081 792 3134 tatione
817 3081 947 3134 dant
991 3083 1106 3155 ipsa
1150 3082 1422 3137 Ciceronis
1461 3085 1623 3136 verba

594 3161 746 3232 epist.
771 3181 794 3214 1
809 3169 840 3225 4
859 3200 875 3228 ,
888 3163 982 3215 lib.
1003 3183 1086 3218 vn
1100 3204 1114 3228 ,
1147 3162 1212 3216 ad
1228 3165 1390 3218 Attio.
1415 3164 1624 3218 Gladia-

593 3251 718 3292 tores
761 3241 996 3305 Coesaris,
1043 3247 1126 3316 qui
1167 3242 1351 3314 Capuae
1377 3257 1517 3306 sunt,
1541 3285 1555 3296 .
1572 3283 1585 3295 .
1607 3283 1619 3294 .

592 3339 709 3372 sane
755 3323 993 3374 commode
1045 3326 1302 3394 Pompeius
1344 3324 1591 3376 distribuit
1604 3361 1621 3388 ‚

593 3399 728 3452 binos
777 3399 982 3472 singulis
1033 3404 1254 3474 patribus
1299 3405 1621 3471 familiarum.

594 3481 811 3535 Davisio
839 3496 1015 3536 autem
1046 3485 1219 3556 placet
1245 3484 1344 3536 alia
1373 3480 1623 3536 emenda-

595 3559 700 3625 tio;
724 3561 851 3632 legit
876 3563 1040 3634 igitur
1071 3567 1245 3616 circum
1265 3563 1488 3631 familias
1514 3583 1627 3613 con-

597 3653 757 3693 ventus
778 3648 1020 3712 campani,
1045 3656 1098 3696 et
1115 3662 1212 3714 per
1233 3643 1456 3695 familias
1473 3642 1628 3694 intel·-

591 3719 708 3792 ligit
727 3722 949 3776 familias
968 3743 1240 3776 servorum
1253 3762 1268 3789 ,
1292 3723 1412 3794 qui,
1431 3723 1627 3774 tumul-

589 3813 655 3866 tu
671 3801 822 3855 ‘civili
838 3840 854 3866 ,
880 3805 1209 3874 potuissent,
1235 3821 1427 3872 magno
1455 3801 1626 3855 domi-

594 3899 790 3934 norum
803 3881 1000 3938 damno
1013 3923 1027 3950 ,
1037 3883 1296 3954 ergastula
1307 3883 1599 3954 refringere
1608 3922 1625 3950 ,

594 3961 698 4013 nisi
729 3961 980 4016 custoditi
1011 3964 1264 4029 fuissent3
1291 3977 1345 4017 et
1373 3977 1627 4017 conventus

594 4060 852 4112 campanos
899 4043 1090 4113 accipit
1127 4043 1269 4114 ipsos
1330 4044 1529 4098 incolas
1575 4058 1629 4098 et

597 4138 791 4196 corpus
817 4121 1013 4195 Capuae
1039 4123 1207 4178 urbis.
1231 4123 1318 4180 Sic
1345 4126 1484 4180 infra
1513 4145 1628 4178 con·

1714 1656 1895 1698 ventum
1926 1645 2225 1708 Uticensem,
2244 1656 2297 1696 et
2317 1644 2413 1697 lib.
2443 1644 2530 1707 11,
2558 1662 2603 1695 c.
2636 1660 2741 1712 19,

1710 1736 1986 1777 conventum
2034 1722 2409 1777 Cordubam-em.
2446 1723 2745 1794 Ingeniosa

1710 1817 1853 1858 certe
1909 1805 2105 1857 horum
2167 1802 2561 1856 emendationes
2586 1841 2603 1867 ,
2647 1801 2743 1855 sed

1710 1885 1855 1937 nulla
1914 1883 2071 1937 codd.
2132 1884 2446 1937 auctoritate
2493 1882 2739 1935 firmatae.

1709 1966 2043 2035 Interpretor
2064 1964 2376 2035 simpliciter
2401 1966 2575 2014 circum
2589 1963 2745 2029 fami-

1711 2044 1853 2095 liares
1878 2056 2129 2096 conventus
2145 2082 2161 2109 ‚
2192 2041 2249 2095 id
2282 2055 2392 2108 est,
2420 2060 2509 2094 eos
2536 2041 2745 2094 circum

1710 2122 1917 2176 diversa
1946 2126 2093 2187 loca,
2119 2143 2210 2176 seu
2239 2125 2399 2175 urbes
2417 2159 2433 2187 ‚
2460 2142 2551 2175 seu
2578 2140 2745 2193 pagos

1711 2204 2017 2276 Campaniae
2067 2203 2343 2257 distribuit
2365 2241 2382 2268 ,
2445 2202 2541 2254 ubi
2603 2202 2746 2256 servi

1709 2297 1861 2336 erant
1886 2283 1945 2335 in
1979 2285 2156 2356 aliquo
2184 2302 2411 2336 numero
2428 2319 2445 2346 ‚
2469 2301 2538 2334 ne
2567 2282 2743 2334 rebel·

1707 2364 1897 2416 larent.

1792 2444 2070 2496 cmxv.
2113 2462 2161 2496 1.
2191 2442 2409 2496 Auximo
2433 2442 2604 2494 Caesar
2626 2461 2745 2513 pro·

1709 2545 1916 2594 gressus.
1946 2523 2119 2586 Codd.
2139 2525 2190 2576 N
2192 2525 2357 2578 orvic.
2375 2563 2391 2587 ‚
2407 2525 2608 2591 Petam,
2631 2524 2744 2576 Cu-

1706 2607 1836 2676 jac.‚
1860 2605 2075 2676 Scalig.,
2108 2604 2289 2670 Leid.‚
2316 2605 2419 2656 Ms.
2464 2605 2649 2668 Voss.‚
2688 2615 2747 2656 et

1709 2698 1890 2737 noster
1926 2687 2055 2756 Reg.
2103 2685 2254 2754 5764
2276 2685 2535 2749 ,Maximo
2572 2683 2748 2736 Ccesar

1703 2785 1965 2835 progressu
1996 2761 2226 2836 (magnis
2246 2760 2592 2829 itineribus),
2624 2781 2746 2834 quae

1709 2846 1867 2898 lectio
1924 2847 2031 2914 jam
2082 2842 2179 2896 diu
2230 2844 2427 2896 criticis
2472 2844 2583 2895 fere
2625 2862 2745 2895 om·

1709 2925 1869 2976 nibus
1898 2922 2186 2996 rejicienda
2215 2925 2328 2977 visa
2358 2923 2476 2977 fuit.
2513 2923 2657 2976 Bene
2688 2941 2745 2976 se

1710 3005 1870 3057 habet
1898 3005 2127 3074 vulgata.

1795 3105 1844 3136 2.
1887 3085 2219 3150 Praefecturae.
2246 3085 2425 3154 Vulgo
2454 3082 2743 3136 Praefectu-

1710 3183 1797 3229 ra,
1828 3183 2026 3217 munus
2050 3163 2321 3235 praefecti3
2349 3177 2401 3215 at
2431 3163 2486 3215 h.
2519 3163 2555 3214 l.
2584 3161 2743 3234 oppi-

1702 3242 1841 3300 dum
1873 3245 2040 3297 Italiae
2057 3282 2073 3309 ‚
2106 3241 2254 3315 quod
2284 3262 2458 3315 neque
2501 3242 2744 3308 colonia,

1711 3343 1884 3395 neque
1915 3325 2273 3394 municipium
2304 3337 2414 3387 est,
2446 3341 2621 3394 neque
2646 3321 2743 3374 ha·

1710 3406 1801 3457 bet
1816 3402 1939 3456 ideo
1953 3405 2316 3474 magistratum
2330 3403 2641 3475 proprium,
2652 3399 2746 3454 sed

1712 3486 2023 3556 praefectum
2052 3503 2082 3535 a
2124 3484 2378 3536 Romanis
2410 3483 2547 3555 juris
2590 3500 2747 3536 causa

1713 3562 1927 3616 dicendi
1957 3565 2194 3618 missum.

1800 3646 1853 3698 3.
1912 3643 2141 3713 Cingulo..
2198 3643 2427 3714 Scaliger
2475 3662 2540 3695 ex
2584 3639 2745 3694 codd.

1712 3725 2145 3796 praepositionem
2185 3725 2380 3776 omisit.
2420 3723 2537 3773 Hoc
2568 3733 2745 3772 autem

1710 3804 1832 3858 loco
1859 3806 1972 3857 fuse
2000 3817 2053 3857 et
2084 3804 2313 3876 graviter
2338 3799 2565 3872 quidem,
2586 3798 2747 3853 disse-

1713 3885 2017 3956 rit,Tutpin
2054 3884 2115 3937 de
2166 3883 2357 3946 Crisse'‚
2390 3881 2454 3931 T.
2496 3880 2584 3945 ΙΙ,
2622 3899 2743 3951 pag.

1721 3985 1831 4034 279
1860 4003 1876 4031 ‚
1926 3963 1993 4018 de
2035 3963 2256 4016 Labieni
2306 3959 2602 4013 defectione
2632 3998 2649 4026 ,
2692 3971 2746 4012 et

1716 4065 1893 4098 causas
1932 4045 2150 4115 quaerit,
2182 4061 2278 4094 cur
2307 4040 2574 4094 Labienus
2604 4041 2745 4092 inter

1716 4125 1935 4180 Caesaris
1972 4126 2169 4194 legatos
2207 4123 2264 4176 in
2306 4121 2455 4176 Bello
2502 4121 2746 4185 Gallico,
