<?xml version="1.0" encoding="UTF-8"?>
<!DOCTYPE html PUBLIC "-//W3C//DTD XHTML 1.0 Transitional//EN"
    "http://www.w3.org/TR/xhtml1/DTD/xhtml1-transitional.dtd">
<html xmlns="http://www.w3.org/1999/xhtml" xml:lang="en" lang="en">
 <head>
  <title>
</title>
<meta http-equiv="Content-Type" content="text/html;charset=utf-8" />
  <meta name='ocr-system' content='tesseract 3.04.00' />
  <meta name='ocr-capabilities' content='ocr_page ocr_carea ocr_par ocr_line ocrx_word'/>
</head>
<body>
  <div class='ocr_page' id='page_1' title='image "./caiusjuliuscsar00plutgoog_0277.png"; bbox 0 0 3025 5025; ppageno 0'>
   <div class='ocr_carea' id='block_1_1' title="bbox 899 517 2455 595">
    <p class='ocr_par' dir='ltr' id='par_1_1' title="bbox 899 517 2455 595">
     <span class='ocr_line' id='line_1_1' title="bbox 899 517 2455 595; baseline 0 -2"><span class='ocrx_word' id='word_1_1' title='bbox 899 525 976 594; x_wconf 87' lang='lat' dir='ltr'><strong>C.</strong></span> <span class='ocrx_word' id='word_1_2' title='bbox 1032 517 1319 593; x_wconf 84' lang='lat' dir='ltr'>JULII</span> <span class='ocrx_word' id='word_1_3' title='bbox 1379 525 1842 592; x_wconf 85' lang='lat' dir='ltr'><strong>CAESARIS</strong></span> <span class='ocrx_word' id='word_1_4' title='bbox 1897 523 2455 595; x_wconf 87' lang='lat' dir='ltr'><strong>COMMENT.</strong></span> 
     </span>
    </p>
   </div>
   <div class='ocr_carea' id='block_1_2' title="bbox 631 657 2792 2243">
    <p class='ocr_par' dir='ltr' id='par_1_2' title="bbox 631 657 2785 1500">
     <span class='ocr_line' id='line_1_2' title="bbox 631 657 2777 752; baseline -0.001 -24"><span class='ocrx_word' id='word_1_5' title='bbox 631 658 952 752; x_wconf 86' lang='lat' dir='ltr'><strong>adjungit.</strong></span> <span class='ocrx_word' id='word_1_6' title='bbox 992 659 1304 746; x_wconf 87' lang='lat' dir='ltr'><strong>Quorum</strong></span> <span class='ocrx_word' id='word_1_7' title='bbox 1332 659 1604 752; x_wconf 86' lang='lat' dir='ltr'><strong>cognito</strong></span> <span class='ocrx_word' id='word_1_8' title='bbox 1647 657 1941 726; x_wconf 85' lang='lat' dir='ltr'><strong>adventu</strong></span> <span class='ocrx_word' id='word_1_9' title='bbox 1970 712 1989 745; x_wconf 95' lang='lat'><strong>,</strong></span> <span class='ocrx_word' id='word_1_10' title='bbox 2031 657 2322 727; x_wconf 87' lang='lat' dir='ltr'><strong>Rutilius</strong></span> <span class='ocrx_word' id='word_1_11' title='bbox 2358 661 2592 752; x_wconf 87' lang='lat' dir='ltr'>Lupus</span> <span class='ocrx_word' id='word_1_12' title='bbox 2619 712 2637 745; x_wconf 90' lang='lat'><strong>,</strong></span> <span class='ocrx_word' id='word_1_13' title='bbox 2671 661 2777 752; x_wconf 90' lang='lat' dir='ltr'><strong>qui</strong></span> 
     </span>
     <span class='ocr_line' id='line_1_3' title="bbox 632 750 2779 859; baseline -0.001 -24"><span class='ocrx_word' id='word_1_14' title='bbox 632 767 987 852; x_wconf 84' lang='lat' dir='ltr'>Achaiam,</span> <span class='ocrx_word' id='word_1_15' title='bbox 1016 766 1253 834; x_wconf 89' lang='lat' dir='ltr'><strong>missus</strong></span> <span class='ocrx_word' id='word_1_16' title='bbox 1292 787 1333 832; x_wconf 90' lang='lat' dir='ltr'><strong>a</strong></span> <span class='ocrx_word' id='word_1_17' title='bbox 1375 767 1698 858; x_wconf 88' lang='lat' dir='ltr'><strong>Pompeio</strong></span> <span class='ocrx_word' id='word_1_18' title='bbox 1719 818 1738 852; x_wconf 92' lang='lat'><strong>,</strong></span> <span class='ocrx_word' id='word_1_19' title='bbox 1779 764 2162 852; x_wconf 83' lang='lat' dir='ltr'><strong>obtinebat,</strong></span> <span class='ocrx_word' id='word_1_20' title='bbox 2198 750 2568 834; x_wconf 79' lang='lat' dir='ltr'><strong>Isthmum³</strong></span> <span class='ocrx_word' id='word_1_21' title='bbox 2613 789 2779 859; x_wconf 84' lang='lat' dir='ltr'><strong>prae-</strong></span> 
     </span>
     <span class='ocr_line' id='line_1_4' title="bbox 636 870 2780 966; baseline -0.001 -25"><span class='ocrx_word' id='word_1_22' title='bbox 636 874 901 942; x_wconf 86' lang='lat' dir='ltr'><strong>munire</strong></span> <span class='ocrx_word' id='word_1_23' title='bbox 946 873 1233 940; x_wconf 82' lang='lat' dir='ltr'><strong>instituit</strong></span> <span class='ocrx_word' id='word_1_24' title='bbox 1256 925 1275 959; x_wconf 92' lang='lat'><strong>,</strong></span> <span class='ocrx_word' id='word_1_25' title='bbox 1318 885 1396 938; x_wconf 90' lang='lat' dir='ltr'><strong>ut</strong></span> <span class='ocrx_word' id='word_1_26' title='bbox 1435 870 1690 940; x_wconf 80' lang='lat' dir='ltr'><strong>Achaia</strong></span> <span class='ocrx_word' id='word_1_27' title='bbox 1734 871 1999 940; x_wconf 78' lang='lat' dir='ltr'><strong>Fufium</strong></span> <span class='ocrx_word' id='word_1_28' title='bbox 2040 872 2445 966; x_wconf 82' lang='lat' dir='ltr'><strong>prohiberet.</strong></span> <span class='ocrx_word' id='word_1_29' title='bbox 2497 871 2780 941; x_wconf 85' lang='lat' dir='ltr'><strong>Calenus</strong></span> 
     </span>
     <span class='ocr_line' id='line_1_5' title="bbox 635 977 2778 1073; baseline -0.001 -25"><span class='ocrx_word' id='word_1_30' title='bbox 635 978 972 1073; x_wconf 85' lang='lat' dir='ltr'><strong>Delphos,</strong></span> <span class='ocrx_word' id='word_1_31' title='bbox 1020 978 1285 1046; x_wconf 87' lang='lat' dir='ltr'>Thebas</span> <span class='ocrx_word' id='word_1_32' title='bbox 1307 1033 1326 1066; x_wconf 90' lang='lat'><strong>,</strong></span> <span class='ocrx_word' id='word_1_33' title='bbox 1368 978 1877 1046; x_wconf 84' lang='lat' dir='ltr'>Orchomenum</span> <span class='ocrx_word' id='word_1_34' title='bbox 1900 1031 1919 1064; x_wconf 99' lang='lat'><strong>,</strong></span> <span class='ocrx_word' id='word_1_35' title='bbox 1965 977 2309 1046; x_wconf 81' lang='lat' dir='ltr'><strong>voluntate</strong></span> <span class='ocrx_word' id='word_1_36' title='bbox 2349 981 2645 1072; x_wconf 87' lang='lat' dir='ltr'><strong>ipsarum</strong></span> <span class='ocrx_word' id='word_1_37' title='bbox 2689 980 2778 1046; x_wconf 87' lang='lat' dir='ltr'><strong>ci-</strong></span> 
     </span>
     <span class='ocr_line' id='line_1_6' title="bbox 636 1071 2780 1180; baseline -0 -28"><span class='ocrx_word' id='word_1_38' title='bbox 636 1087 922 1154; x_wconf 88' lang='lat' dir='ltr'><strong>vitatum</strong></span> <span class='ocrx_word' id='word_1_39' title='bbox 973 1086 1263 1179; x_wconf 88' lang='lat' dir='ltr'><strong>recepit;</strong></span> <span class='ocrx_word' id='word_1_40' title='bbox 1309 1083 1664 1153; x_wconf 89' lang='lat' dir='ltr'><strong>nonnullas</strong></span> <span class='ocrx_word' id='word_1_41' title='bbox 1715 1071 1962 1151; x_wconf 81' lang='lat' dir='ltr'><strong>urbes⁴</strong></span> <span class='ocrx_word' id='word_1_42' title='bbox 1997 1108 2120 1178; x_wconf 86' lang='lat' dir='ltr'><strong>per</strong></span> <span class='ocrx_word' id='word_1_43' title='bbox 2163 1086 2301 1152; x_wconf 88' lang='lat' dir='ltr'><strong>vim</strong></span> <span class='ocrx_word' id='word_1_44' title='bbox 2345 1087 2780 1180; x_wconf 82' lang='lat' dir='ltr'><strong>expugnavit:</strong></span> 
     </span>
     <span class='ocr_line' id='line_1_7' title="bbox 634 1189 2783 1286; baseline -0 -26"><span class='ocrx_word' id='word_1_45' title='bbox 634 1190 924 1286; x_wconf 84' lang='lat' dir='ltr'><strong>reliquas</strong></span> <span class='ocrx_word' id='word_1_46' title='bbox 960 1193 1295 1280; x_wconf 83' lang='lat' dir='ltr'><strong>civitates,</strong></span> <span class='ocrx_word' id='word_1_47' title='bbox 1316 1192 1788 1260; x_wconf 74' lang='lat' dir='ltr'><strong>circummissis</strong></span> <span class='ocrx_word' id='word_1_48' title='bbox 1821 1189 2263 1284; x_wconf 77' lang='lat' dir='ltr'><strong>legationibus</strong></span> <span class='ocrx_word' id='word_1_49' title='bbox 2282 1245 2301 1278; x_wconf 86' lang='lat'><strong>,</strong></span> <span class='ocrx_word' id='word_1_50' title='bbox 2331 1193 2626 1260; x_wconf 89' lang='lat' dir='ltr'><strong>amicitia</strong></span> <span class='ocrx_word' id='word_1_51' title='bbox 2650 1194 2783 1260; x_wconf 86' lang='lat' dir='ltr'><strong>Cae-</strong></span> 
     </span>
     <span class='ocr_line' id='line_1_8' title="bbox 636 1295 2785 1368; baseline -0.002 0"><span class='ocrx_word' id='word_1_52' title='bbox 636 1301 765 1368; x_wconf 87' lang='lat' dir='ltr'><strong>sari</strong></span> <span class='ocrx_word' id='word_1_53' title='bbox 816 1295 1172 1368; x_wconf 87' lang='lat' dir='ltr'><strong>conciliare</strong></span> <span class='ocrx_word' id='word_1_54' title='bbox 1248 1297 1575 1366; x_wconf 83' lang='lat' dir='ltr'><strong>studebat.</strong></span> <span class='ocrx_word' id='word_1_55' title='bbox 1640 1300 1723 1365; x_wconf 91' lang='lat' dir='ltr'><strong>In</strong></span> <span class='ocrx_word' id='word_1_56' title='bbox 1772 1297 1875 1366; x_wconf 91' lang='lat' dir='ltr'><strong>his</strong></span> <span class='ocrx_word' id='word_1_57' title='bbox 1930 1297 2129 1365; x_wconf 87' lang='lat' dir='ltr'><strong>rebus</strong></span> <span class='ocrx_word' id='word_1_58' title='bbox 2183 1297 2320 1365; x_wconf 87' lang='lat' dir='ltr'><strong>fere</strong></span> <span class='ocrx_word' id='word_1_59' title='bbox 2372 1311 2516 1366; x_wconf 89' lang='lat' dir='ltr'><strong>erat</strong></span> <span class='ocrx_word' id='word_1_60' title='bbox 2569 1298 2785 1366; x_wconf 88' lang='lat' dir='ltr'><strong>Fufius</strong></span> 
     </span>
     <span class='ocr_line' id='line_1_9' title="bbox 639 1420 1025 1500; baseline -0.008 -26"><span class='ocrx_word' id='word_1_61' title='bbox 639 1420 1025 1500; x_wconf 66' lang='lat' dir='ltr'><strong>occupatus</strong></span> 
     </span>
    </p>

    <p class='ocr_par' dir='ltr' id='par_1_3' title="bbox 638 1509 2792 2243">
     <span class='ocr_line' id='line_1_10' title="bbox 743 1509 2785 1603; baseline -0.002 -23"><span class='ocrx_word' id='word_1_62' title='bbox 743 1515 925 1581; x_wconf 89' lang='lat' dir='ltr'><strong>LVI.</strong></span> <span class='ocrx_word' id='word_1_63' title='bbox 984 1511 1316 1580; x_wconf 86' lang='lat' dir='ltr'><strong>Omnibus</strong></span> <span class='ocrx_word' id='word_1_64' title='bbox 1360 1511 1678 1603; x_wconf 81' lang='lat' dir='ltr'><strong>deinceps</strong></span> <span class='ocrx_word' id='word_1_65' title='bbox 1733 1509 1971 1578; x_wconf 79' lang='lat' dir='ltr'><strong>diebus</strong></span> <span class='ocrx_word' id='word_1_66' title='bbox 2024 1512 2247 1579; x_wconf 83' lang='lat' dir='ltr'><strong>Caesar</strong></span> <span class='ocrx_word' id='word_1_67' title='bbox 2304 1511 2676 1578; x_wconf 84' lang='lat' dir='ltr'><strong>exercitum</strong></span> <span class='ocrx_word' id='word_1_68' title='bbox 2724 1513 2785 1576; x_wconf 90' lang='lat' dir='ltr'><strong>in</strong></span> 
     </span>
     <span class='ocr_line' id='line_1_11' title="bbox 639 1615 2788 1711; baseline -0.002 -25"><span class='ocrx_word' id='word_1_69' title='bbox 639 1621 851 1686; x_wconf 85' lang='lat' dir='ltr'><strong>aciem</strong></span> <span class='ocrx_word' id='word_1_70' title='bbox 886 1641 1151 1711; x_wconf 84' lang='lat' dir='ltr'><strong>aequum</strong></span> <span class='ocrx_word' id='word_1_71' title='bbox 1179 1619 1248 1684; x_wconf 92' lang='lat' dir='ltr'><strong>in</strong></span> <span class='ocrx_word' id='word_1_72' title='bbox 1276 1616 1499 1686; x_wconf 90' lang='lat' dir='ltr'><strong>locum</strong></span> <span class='ocrx_word' id='word_1_73' title='bbox 1544 1615 1893 1711; x_wconf 81' lang='lat' dir='ltr'><strong>produxit,</strong></span> <span class='ocrx_word' id='word_1_74' title='bbox 1925 1618 1987 1684; x_wconf 72' lang='lat' dir='ltr'><strong>‘si</strong></span> <span class='ocrx_word' id='word_1_75' title='bbox 2023 1618 2377 1710; x_wconf 91' lang='lat' dir='ltr'><strong>Pompeius</strong></span> <span class='ocrx_word' id='word_1_76' title='bbox 2413 1616 2642 1711; x_wconf 83' lang='lat' dir='ltr'><strong>praelio</strong></span> <span class='ocrx_word' id='word_1_77' title='bbox 2685 1616 2788 1683; x_wconf 91' lang='lat' dir='ltr'><strong>de-</strong></span> 
     </span>
     <span class='ocr_line' id='line_1_12' title="bbox 640 1721 2786 1818; baseline -0.002 -25"><span class='ocrx_word' id='word_1_78' title='bbox 640 1740 897 1794; x_wconf 86' lang='lat' dir='ltr'><strong>certare</strong></span> <span class='ocrx_word' id='word_1_79' title='bbox 924 1722 1125 1792; x_wconf 81' lang='lat' dir='ltr'><strong>vellet</strong></span> <span class='ocrx_word' id='word_1_80' title='bbox 1143 1777 1162 1809; x_wconf 92' lang='lat'><strong>,</strong></span> <span class='ocrx_word' id='word_1_81' title='bbox 1188 1739 1267 1792; x_wconf 87' lang='lat' dir='ltr'><strong>ut</strong></span> <span class='ocrx_word' id='word_1_82' title='bbox 1290 1749 1477 1818; x_wconf 85' lang='lat' dir='ltr'><strong>paene</strong></span> <span class='ocrx_word' id='word_1_83' title='bbox 1500 1724 1730 1792; x_wconf 81' lang='lat' dir='ltr'><strong>castris</strong></span> <span class='ocrx_word' id='word_1_84' title='bbox 1749 1725 2049 1816; x_wconf 88' lang='lat' dir='ltr'><strong>Pompeii</strong></span> <span class='ocrx_word' id='word_1_85' title='bbox 2077 1721 2370 1817; x_wconf 84' lang='lat' dir='ltr'><strong>legiones</strong></span> <span class='ocrx_word' id='word_1_86' title='bbox 2401 1724 2786 1816; x_wconf 83' lang='lat' dir='ltr'><strong>subjiceret:</strong></span> 
     </span>
     <span class='ocr_line' id='line_1_13' title="bbox 639 1827 2788 1925; baseline -0.002 -25"><span class='ocrx_word' id='word_1_87' title='bbox 639 1845 1033 1924; x_wconf 87' lang='lat' dir='ltr'><strong>tantumque</strong></span> <span class='ocrx_word' id='word_1_88' title='bbox 1061 1853 1101 1897; x_wconf 92' lang='lat' dir='ltr'><strong>a</strong></span> <span class='ocrx_word' id='word_1_89' title='bbox 1126 1827 1305 1899; x_wconf 83' lang='lat' dir='ltr'><strong>vallo</strong></span> <span class='ocrx_word' id='word_1_90' title='bbox 1332 1832 1475 1924; x_wconf 85' lang='lat' dir='ltr'><strong>ejus</strong></span> <span class='ocrx_word' id='word_1_91' title='bbox 1513 1832 1731 1925; x_wconf 84' lang='lat' dir='ltr'><strong>prima</strong></span> <span class='ocrx_word' id='word_1_92' title='bbox 1757 1831 1933 1898; x_wconf 87' lang='lat' dir='ltr'><strong>acies</strong></span> <span class='ocrx_word' id='word_1_93' title='bbox 1971 1829 2202 1898; x_wconf 86' lang='lat' dir='ltr'><strong>aberat</strong></span> <span class='ocrx_word' id='word_1_94' title='bbox 2225 1883 2244 1916; x_wconf 87' lang='lat'>‚</span> <span class='ocrx_word' id='word_1_95' title='bbox 2279 1832 2377 1897; x_wconf 91' lang='lat' dir='ltr'><strong>uti</strong></span> <span class='ocrx_word' id='word_1_96' title='bbox 2420 1854 2505 1898; x_wconf 90' lang='lat' dir='ltr'><strong>ne</strong></span> <span class='ocrx_word' id='word_1_97' title='bbox 2546 1831 2616 1896; x_wconf 91' lang='lat' dir='ltr'><strong>in</strong></span> <span class='ocrx_word' id='word_1_98' title='bbox 2655 1853 2788 1897; x_wconf 87' lang='lat' dir='ltr'><strong>eam</strong></span> 
     </span>
     <span class='ocr_line' id='line_1_14' title="bbox 638 1936 2791 2032; baseline -0.002 -26"><span class='ocrx_word' id='word_1_99' title='bbox 638 1936 846 2006; x_wconf 87' lang='lat' dir='ltr'><strong>telum</strong></span> <span class='ocrx_word' id='word_1_100' title='bbox 893 1951 1387 2004; x_wconf 83' lang='lat' dir='ltr'><strong>tormentumve</strong></span> <span class='ocrx_word' id='word_1_101' title='bbox 1410 1937 1431 1960; x_wconf 81' lang='lat'>¹</span> <span class='ocrx_word' id='word_1_102' title='bbox 1484 1936 1659 2030; x_wconf 87' lang='lat' dir='ltr'><strong>adigi</strong></span> <span class='ocrx_word' id='word_1_103' title='bbox 1702 1950 1944 2030; x_wconf 89' lang='lat' dir='ltr'><strong>posset.</strong></span> <span class='ocrx_word' id='word_1_104' title='bbox 1994 1938 2351 2032; x_wconf 90' lang='lat' dir='ltr'><strong>Pompeius</strong></span> <span class='ocrx_word' id='word_1_105' title='bbox 2403 1950 2629 2004; x_wconf 85' lang='lat' dir='ltr'><strong>autem</strong></span> <span class='ocrx_word' id='word_1_106' title='bbox 2651 1990 2670 2022; x_wconf 92' lang='lat'><strong>,</strong></span> <span class='ocrx_word' id='word_1_107' title='bbox 2721 1949 2791 2002; x_wconf 93' lang='lat' dir='ltr'><strong>ut</strong></span> 
     </span>
     <span class='ocr_line' id='line_1_15' title="bbox 642 2043 2792 2137; baseline -0.001 -26"><span class='ocrx_word' id='word_1_108' title='bbox 642 2043 890 2112; x_wconf 88' lang='lat' dir='ltr'><strong>famam</strong></span> <span class='ocrx_word' id='word_1_109' title='bbox 948 2055 1017 2110; x_wconf 92' lang='lat' dir='ltr'><strong>et</strong></span> <span class='ocrx_word' id='word_1_110' title='bbox 1066 2043 1453 2137; x_wconf 87' lang='lat' dir='ltr'><strong>opinionem</strong></span> <span class='ocrx_word' id='word_1_111' title='bbox 1504 2044 1854 2112; x_wconf 86' lang='lat' dir='ltr'><strong>hominum</strong></span> <span class='ocrx_word' id='word_1_112' title='bbox 1903 2057 2201 2130; x_wconf 83' lang='lat' dir='ltr'><strong>teneret,</strong></span> <span class='ocrx_word' id='word_1_113' title='bbox 2258 2044 2350 2111; x_wconf 90' lang='lat' dir='ltr'><strong>sic</strong></span> <span class='ocrx_word' id='word_1_114' title='bbox 2395 2068 2523 2137; x_wconf 92' lang='lat' dir='ltr'><strong>pro</strong></span> <span class='ocrx_word' id='word_1_115' title='bbox 2569 2043 2792 2111; x_wconf 87' lang='lat' dir='ltr'><strong>castris</strong></span> 
     </span>
     <span class='ocr_line' id='line_1_16' title="bbox 644 2149 2788 2243; baseline -0 -26"><span class='ocrx_word' id='word_1_116' title='bbox 644 2150 1007 2218; x_wconf 81' lang='lat' dir='ltr'><strong>exercitum</strong></span> <span class='ocrx_word' id='word_1_117' title='bbox 1032 2151 1513 2236; x_wconf 85' lang='lat' dir='ltr'><strong>constituebat,</strong></span> <span class='ocrx_word' id='word_1_118' title='bbox 1540 2163 1618 2218; x_wconf 90' lang='lat' dir='ltr'><strong>ut</strong></span> <span class='ocrx_word' id='word_1_119' title='bbox 1641 2151 1836 2217; x_wconf 85' lang='lat' dir='ltr'><strong>tertia</strong></span> <span class='ocrx_word' id='word_1_120' title='bbox 1857 2151 2030 2218; x_wconf 89' lang='lat' dir='ltr'><strong>acies</strong></span> <span class='ocrx_word' id='word_1_121' title='bbox 2057 2149 2307 2218; x_wconf 80' lang='lat' dir='ltr'><strong>vallum</strong></span> <span class='ocrx_word' id='word_1_122' title='bbox 2345 2151 2788 2243; x_wconf 57' lang='lat' dir='ltr'><strong>continget-en</strong></span> 
     </span>
    </p>
   </div>
   <div class='ocr_carea' id='block_1_3' title="bbox 646 2254 2794 2458">
    <p class='ocr_par' dir='ltr' id='par_1_4' title="bbox 646 2254 2794 2458">
     <span class='ocr_line' id='line_1_17' title="bbox 646 2254 2794 2356; baseline -0.001 -32"><span class='ocrx_word' id='word_1_123' title='bbox 646 2256 863 2324; x_wconf 89' lang='lat' dir='ltr'><strong>omnis</strong></span> <span class='ocrx_word' id='word_1_124' title='bbox 890 2255 1160 2349; x_wconf 87' lang='lat' dir='ltr'><strong>quidem</strong></span> <span class='ocrx_word' id='word_1_125' title='bbox 1196 2254 1594 2325; x_wconf 84' lang='lat' dir='ltr'><strong>instructus²</strong></span> <span class='ocrx_word' id='word_1_126' title='bbox 1633 2257 1964 2324; x_wconf 85' lang='lat' dir='ltr'><strong>exercitus</strong></span> <span class='ocrx_word' id='word_1_127' title='bbox 1999 2256 2146 2324; x_wconf 85' lang='lat' dir='ltr'><strong>telis</strong></span> <span class='ocrx_word' id='word_1_128' title='bbox 2181 2281 2259 2324; x_wconf 89' lang='lat' dir='ltr'><strong>ex</strong></span> <span class='ocrx_word' id='word_1_129' title='bbox 2304 2255 2482 2324; x_wconf 78' lang='lat' dir='ltr'><strong>vallo</strong></span> <span class='ocrx_word' id='word_1_130' title='bbox 2525 2255 2794 2356; x_wconf 81' lang='lat' dir='ltr'><strong>abjectis</strong></span> 
     </span>
     <span class='ocr_line' id='line_1_18' title="bbox 649 2364 1198 2458; baseline 0 -28"><span class='ocrx_word' id='word_1_131' title='bbox 649 2364 913 2458; x_wconf 85' lang='lat' dir='ltr'><strong>protegi</strong></span> <span class='ocrx_word' id='word_1_132' title='bbox 956 2377 1198 2456; x_wconf 89' lang='lat' dir='ltr'><strong>posset.</strong></span> 
     </span>
    </p>
   </div>
   <div class='ocr_carea' id='block_1_4' title="bbox 636 523 781 596">
    <p class='ocr_par' dir='ltr' id='par_1_5' title="bbox 636 523 781 596">
     <span class='ocr_line' id='line_1_19' title="bbox 636 523 781 596; baseline -0.007 0"><span class='ocrx_word' id='word_1_133' title='bbox 636 523 781 596; x_wconf 73' lang='lat'><strong>262</strong></span> 
     </span>
    </p>
   </div>
   <div class='ocr_carea' id='block_1_5' title="bbox 650 2546 1684 2697">
    <p class='ocr_par' dir='ltr' id='par_1_6' title="bbox 650 2546 1684 2697">
     <span class='ocr_line' id='line_1_20' title="bbox 650 2546 1680 2619; baseline -0.002 -18"><span class='ocrx_word' id='word_1_134' title='bbox 650 2566 809 2619; x_wconf 90' lang='lat' dir='ltr'><strong>supra</strong></span> <span class='ocrx_word' id='word_1_135' title='bbox 838 2546 1077 2600; x_wconf 67' lang='lat' dir='ltr'><strong>Calvisius</strong></span> <span class='ocrx_word' id='word_1_136' title='bbox 1114 2546 1353 2608; x_wconf 81' lang='lat' dir='ltr'><strong>Sabinus,</strong></span> <span class='ocrx_word' id='word_1_137' title='bbox 1399 2560 1451 2599; x_wconf 89' lang='lat' dir='ltr'><strong>et</strong></span> <span class='ocrx_word' id='word_1_138' title='bbox 1482 2564 1530 2601; x_wconf 85' lang='lat' dir='ltr'><strong>c.</strong></span> <span class='ocrx_word' id='word_1_139' title='bbox 1567 2546 1640 2610; x_wconf 74' lang='grc'><strong>34</strong></span> <span class='ocrx_word' id='word_1_140' title='bbox 1666 2564 1680 2599; x_wconf 87' lang='lat'>:</span> 
     </span>
     <span class='ocr_line' id='line_1_21' title="bbox 653 2624 1684 2697; baseline -0.002 -16"><span class='ocrx_word' id='word_1_141' title='bbox 653 2629 713 2681; x_wconf 89' lang='lat' dir='ltr'><strong>C.</strong></span> <span class='ocrx_word' id='word_1_142' title='bbox 760 2626 999 2679; x_wconf 68' lang='lat' dir='ltr'><strong>Calvisius</strong></span> <span class='ocrx_word' id='word_1_143' title='bbox 1030 2626 1268 2688; x_wconf 82' lang='lat' dir='ltr'><strong>Sabinus,</strong></span> <span class='ocrx_word' id='word_1_144' title='bbox 1307 2625 1375 2678; x_wconf 85' lang='lat' dir='ltr'><strong>de</strong></span> <span class='ocrx_word' id='word_1_145' title='bbox 1411 2644 1521 2697; x_wconf 84' lang='lat' dir='ltr'><strong>quo</strong></span> <span class='ocrx_word' id='word_1_146' title='bbox 1559 2624 1684 2679; x_wconf 84' lang='lat' dir='ltr'><strong>vide</strong></span> 
     </span>
    </p>
   </div>
   <div class='ocr_carea' id='block_1_6' title="bbox 1771 2542 2797 2697">
    <p class='ocr_par' dir='ltr' id='par_1_7' title="bbox 1771 2542 2797 2697">
     <span class='ocr_line' id='line_1_22' title="bbox 1771 2542 2797 2609; baseline -0.003 -10"><span class='ocrx_word' id='word_1_147' title='bbox 1771 2562 1959 2599; x_wconf 80' lang='lat' dir='ltr'><strong>vocem</strong></span> <span class='ocrx_word' id='word_1_148' title='bbox 1983 2546 2119 2598; x_wconf 80' lang='lat' dir='ltr'><strong>urbes</strong></span> <span class='ocrx_word' id='word_1_149' title='bbox 2141 2544 2288 2599; x_wconf 83' lang='lat' dir='ltr'><strong>velut</strong></span> <span class='ocrx_word' id='word_1_150' title='bbox 2312 2544 2560 2598; x_wconf 83' lang='lat' dir='ltr'><strong>inutilem</strong></span> <span class='ocrx_word' id='word_1_151' title='bbox 2589 2542 2797 2609; x_wconf 77' lang='lat' dir='ltr'><strong>delevit3</strong></span> 
     </span>
     <span class='ocr_line' id='line_1_23' title="bbox 1773 2622 2796 2697; baseline -0.001 -20"><span class='ocrx_word' id='word_1_152' title='bbox 1773 2626 1897 2697; x_wconf 86' lang='lat' dir='ltr'><strong>quia</strong></span> <span class='ocrx_word' id='word_1_153' title='bbox 1927 2624 1996 2678; x_wconf 89' lang='lat' dir='ltr'><strong>de</strong></span> <span class='ocrx_word' id='word_1_154' title='bbox 2026 2626 2331 2679; x_wconf 82' lang='lat' dir='ltr'><strong>civitatibus</strong></span> <span class='ocrx_word' id='word_1_155' title='bbox 2361 2642 2539 2677; x_wconf 89' lang='lat' dir='ltr'><strong>sermo</strong></span> <span class='ocrx_word' id='word_1_156' title='bbox 2572 2622 2796 2677; x_wconf 87' lang='lat' dir='ltr'><strong>est:dis-</strong></span> 
     </span>
    </p>
   </div>
   <div class='ocr_carea' id='block_1_7' title="bbox 655 2706 874 2760">
    <p class='ocr_par' dir='ltr' id='par_1_8' title="bbox 655 2706 874 2760">
     <span class='ocr_line' id='line_1_24' title="bbox 655 2706 874 2760; baseline -0.005 0"><span class='ocrx_word' id='word_1_157' title='bbox 655 2706 874 2760; x_wconf 87' lang='lat' dir='ltr'><strong>ibidem.</strong></span> 
     </span>
    </p>
   </div>
   <div class='ocr_carea' id='block_1_8' title="bbox 655 2782 1691 3419">
    <p class='ocr_par' dir='ltr' id='par_1_9' title="bbox 655 2782 1691 3419">
     <span class='ocr_line' id='line_1_25' title="bbox 736 2782 1680 2841; baseline -0.003 0"><span class='ocrx_word' id='word_1_158' title='bbox 736 2788 787 2841; x_wconf 84' lang='lat'><strong>3.</strong></span> <span class='ocrx_word' id='word_1_159' title='bbox 816 2787 1061 2840; x_wconf 78' lang='lat' dir='ltr'><strong>Isthmum.</strong></span> <span class='ocrx_word' id='word_1_160' title='bbox 1097 2782 1218 2838; x_wconf 90' lang='lat' dir='ltr'><strong>Scil.</strong></span> <span class='ocrx_word' id='word_1_161' title='bbox 1253 2786 1680 2839; x_wconf 83' lang='lat' dir='ltr'><strong>Corinthiacum.</strong></span> 
     </span>
     <span class='ocr_line' id='line_1_26' title="bbox 655 2862 1686 2936; baseline -0.002 -16"><span class='ocrx_word' id='word_1_162' title='bbox 655 2867 813 2920; x_wconf 86' lang='lat' dir='ltr'><strong>Hisce</strong></span> <span class='ocrx_word' id='word_1_163' title='bbox 844 2878 1019 2919; x_wconf 87' lang='lat' dir='ltr'><strong>autem</strong></span> <span class='ocrx_word' id='word_1_164' title='bbox 1048 2862 1507 2936; x_wconf 85' lang='lat' dir='ltr'><strong>temporibus,&#39;ait</strong></span> <span class='ocrx_word' id='word_1_165' title='bbox 1539 2866 1686 2918; x_wconf 85' lang='lat' dir='ltr'><strong>Vos·</strong></span> 
     </span>
     <span class='ocr_line' id='line_1_27' title="bbox 657 2945 1688 3013; baseline 0 -14"><span class='ocrx_word' id='word_1_166' title='bbox 657 2948 792 3013; x_wconf 85' lang='lat' dir='ltr'><strong>sius,</strong></span> <span class='ocrx_word' id='word_1_167' title='bbox 820 2958 987 2998; x_wconf 88' lang='lat' dir='ltr'><strong>totam</strong></span> <span class='ocrx_word' id='word_1_168' title='bbox 1014 2945 1124 2997; x_wconf 81' lang='lat' dir='ltr'><strong>fere</strong></span> <span class='ocrx_word' id='word_1_169' title='bbox 1148 2946 1409 2998; x_wconf 82' lang='lat' dir='ltr'><strong>Graeciam</strong></span> <span class='ocrx_word' id='word_1_170' title='bbox 1432 2946 1688 2999; x_wconf 80' lang='lat' dir='ltr'><strong>Achaiam</strong></span> 
     </span>
     <span class='ocr_line' id='line_1_28' title="bbox 657 3025 1690 3096; baseline -0.002 -17"><span class='ocrx_word' id='word_1_171' title='bbox 657 3036 1007 3089; x_wconf 79' lang='lat' dir='ltr'><strong>vocaverunt,</strong></span> <span class='ocrx_word' id='word_1_172' title='bbox 1028 3025 1154 3094; x_wconf 84' lang='lat' dir='ltr'><strong>quia</strong></span> <span class='ocrx_word' id='word_1_173' title='bbox 1175 3043 1343 3096; x_wconf 89' lang='lat' dir='ltr'><strong>quum</strong></span> <span class='ocrx_word' id='word_1_174' title='bbox 1366 3044 1427 3078; x_wconf 89' lang='lat' dir='ltr'><strong>ea</strong></span> <span class='ocrx_word' id='word_1_175' title='bbox 1446 3044 1475 3076; x_wconf 91' lang='lat' dir='ltr'><strong>a</strong></span> <span class='ocrx_word' id='word_1_176' title='bbox 1498 3028 1690 3077; x_wconf 88' lang='lat' dir='ltr'><strong>Roma-</strong></span> 
     </span>
     <span class='ocr_line' id='line_1_29' title="bbox 658 3105 1690 3176; baseline -0.002 -17"><span class='ocrx_word' id='word_1_177' title='bbox 658 3107 743 3159; x_wconf 86' lang='lat' dir='ltr'><strong>nis</strong></span> <span class='ocrx_word' id='word_1_178' title='bbox 765 3106 1093 3171; x_wconf 83' lang='lat' dir='ltr'><strong>vinceretur,</strong></span> <span class='ocrx_word' id='word_1_179' title='bbox 1110 3105 1442 3176; x_wconf 80' lang='lat' dir='ltr'><strong>principatus</strong></span> <span class='ocrx_word' id='word_1_180' title='bbox 1469 3105 1690 3158; x_wconf 81' lang='lat' dir='ltr'><strong>Graeciae</strong></span> 
     </span>
     <span class='ocr_line' id='line_1_30' title="bbox 660 3184 1688 3259; baseline -0.002 -21"><span class='ocrx_word' id='word_1_181' title='bbox 660 3203 824 3259; x_wconf 87' lang='lat' dir='ltr'><strong>penes</strong></span> <span class='ocrx_word' id='word_1_182' title='bbox 842 3184 1062 3237; x_wconf 78' lang='lat' dir='ltr'><strong>Achaeos</strong></span> <span class='ocrx_word' id='word_1_183' title='bbox 1080 3196 1209 3236; x_wconf 85' lang='lat' dir='ltr'><strong>erat.</strong></span> <span class='ocrx_word' id='word_1_184' title='bbox 1230 3187 1302 3237; x_wconf 83' lang='lat' dir='ltr'><strong>At</strong></span> <span class='ocrx_word' id='word_1_185' title='bbox 1322 3197 1523 3255; x_wconf 80' lang='lat' dir='ltr'><strong>quaerat</strong></span> <span class='ocrx_word' id='word_1_186' title='bbox 1544 3185 1688 3255; x_wconf 86' lang='lat' dir='ltr'><strong>quis-</strong></span> 
     </span>
     <span class='ocr_line' id='line_1_31' title="bbox 660 3264 1691 3339; baseline -0.001 -22"><span class='ocrx_word' id='word_1_187' title='bbox 660 3267 805 3339; x_wconf 86' lang='lat' dir='ltr'><strong>piam</strong></span> <span class='ocrx_word' id='word_1_188' title='bbox 836 3284 935 3317; x_wconf 86' lang='lat' dir='ltr'><strong>cur</strong></span> <span class='ocrx_word' id='word_1_189' title='bbox 964 3265 1181 3335; x_wconf 86' lang='lat' dir='ltr'><strong>Lupus,</strong></span> <span class='ocrx_word' id='word_1_190' title='bbox 1208 3264 1472 3317; x_wconf 70' lang='lat' dir='ltr'><strong>Calenum⁴</strong></span> <span class='ocrx_word' id='word_1_191' title='bbox 1492 3265 1691 3317; x_wconf 81' lang='lat' dir='ltr'><strong>Achaia</strong></span> 
     </span>
     <span class='ocr_line' id='line_1_32' title="bbox 661 3344 1690 3419; baseline -0.001 -21"><span class='ocrx_word' id='word_1_192' title='bbox 661 3346 951 3419; x_wconf 85' lang='lat' dir='ltr'><strong>prohibere</strong></span> <span class='ocrx_word' id='word_1_193' title='bbox 982 3346 1202 3414; x_wconf 89' lang='lat' dir='ltr'><strong>cupiens</strong></span> <span class='ocrx_word' id='word_1_194' title='bbox 1218 3384 1233 3409; x_wconf 92' lang='lat'>‚</span> <span class='ocrx_word' id='word_1_195' title='bbox 1262 3344 1527 3397; x_wconf 88' lang='lat' dir='ltr'><strong>Isthmum</strong></span> <span class='ocrx_word' id='word_1_196' title='bbox 1552 3362 1690 3415; x_wconf 77' lang='lat' dir='ltr'><strong>proe-</strong></span> 
     </span>
    </p>
   </div>
   <div class='ocr_carea' id='block_1_9' title="bbox 664 3424 1696 3495">
    <p class='ocr_par' dir='ltr' id='par_1_10' title="bbox 664 3424 1696 3495">
     <span class='ocr_line' id='line_1_33' title="bbox 664 3424 1696 3495; baseline -0.004 -17"><span class='ocrx_word' id='word_1_197' title='bbox 664 3424 989 3479; x_wconf 82' lang='lat' dir='ltr'><strong>muniverit?</strong></span> <span class='ocrx_word' id='word_1_198' title='bbox 1000 3424 1271 3476; x_wconf 86' lang='lat' dir='ltr'><strong>Nimirum</strong></span> <span class='ocrx_word' id='word_1_199' title='bbox 1282 3442 1350 3475; x_wconf 90' lang='lat' dir='ltr'><strong>ne</strong></span> <span class='ocrx_word' id='word_1_200' title='bbox 1360 3424 1418 3475; x_wconf 90' lang='lat' dir='ltr'><strong>in</strong></span> <span class='ocrx_word' id='word_1_201' title='bbox 1432 3424 1696 3495; x_wconf 87' lang='lat' dir='ltr'><strong>Pelopon·</strong></span> 
     </span>
    </p>
   </div>
   <div class='ocr_carea' id='block_1_10' title="bbox 662 3504 1695 3973">
    <p class='ocr_par' dir='ltr' id='par_1_11' title="bbox 662 3504 1695 3973">
     <span class='ocr_line' id='line_1_34' title="bbox 662 3504 1692 3576; baseline -0.001 -18"><span class='ocrx_word' id='word_1_202' title='bbox 662 3525 850 3558; x_wconf 80' lang='lat' dir='ltr'><strong>nesam</strong></span> <span class='ocrx_word' id='word_1_203' title='bbox 904 3516 1208 3576; x_wconf 85' lang='lat' dir='ltr'><strong>penetraret</strong></span> <span class='ocrx_word' id='word_1_204' title='bbox 1236 3545 1251 3568; x_wconf 89' lang='lat'><strong>,</strong></span> <span class='ocrx_word' id='word_1_205' title='bbox 1294 3520 1420 3555; x_wconf 87' lang='lat' dir='ltr'><strong>nam</strong></span> <span class='ocrx_word' id='word_1_206' title='bbox 1479 3516 1534 3555; x_wconf 90' lang='lat' dir='ltr'><strong>et</strong></span> <span class='ocrx_word' id='word_1_207' title='bbox 1575 3504 1692 3557; x_wconf 79' lang='lat' dir='ltr'><strong>haec</strong></span> 
     </span>
     <span class='ocr_line' id='line_1_35' title="bbox 665 3582 1693 3654; baseline -0.002 -17"><span class='ocrx_word' id='word_1_208' title='bbox 665 3585 864 3637; x_wconf 83' lang='lat' dir='ltr'><strong>Achaia</strong></span> <span class='ocrx_word' id='word_1_209' title='bbox 883 3597 983 3637; x_wconf 85' lang='lat' dir='ltr'><strong>est:</strong></span> <span class='ocrx_word' id='word_1_210' title='bbox 1000 3583 1238 3654; x_wconf 83' lang='lat' dir='ltr'><strong>adeoque</strong></span> <span class='ocrx_word' id='word_1_211' title='bbox 1255 3582 1310 3635; x_wconf 89' lang='lat' dir='ltr'><strong>in</strong></span> <span class='ocrx_word' id='word_1_212' title='bbox 1327 3582 1415 3634; x_wconf 82' lang='lat' dir='ltr'><strong>ina</strong></span> <span class='ocrx_word' id='word_1_213' title='bbox 1434 3596 1513 3635; x_wconf 88' lang='lat' dir='ltr'><strong>est</strong></span> <span class='ocrx_word' id='word_1_214' title='bbox 1533 3584 1693 3635; x_wconf 89' lang='lat' dir='ltr'><strong>etiam</strong></span> 
     </span>
     <span class='ocr_line' id='line_1_36' title="bbox 666 3663 1692 3736; baseline -0.002 -19"><span class='ocrx_word' id='word_1_215' title='bbox 666 3666 861 3719; x_wconf 86' lang='lat' dir='ltr'><strong>Achaia</strong></span> <span class='ocrx_word' id='word_1_216' title='bbox 876 3705 889 3732; x_wconf 90' lang='lat'><strong>,</strong></span> <span class='ocrx_word' id='word_1_217' title='bbox 911 3683 1071 3736; x_wconf 88' lang='lat' dir='ltr'><strong>quam</strong></span> <span class='ocrx_word' id='word_1_218' title='bbox 1092 3664 1368 3734; x_wconf 84' lang='lat' dir='ltr'><strong>propriam</strong></span> <span class='ocrx_word' id='word_1_219' title='bbox 1387 3676 1545 3715; x_wconf 85' lang='lat' dir='ltr'><strong>vocat</strong></span> <span class='ocrx_word' id='word_1_220' title='bbox 1564 3663 1692 3715; x_wconf 89' lang='lat' dir='ltr'><strong>Pto-</strong></span> 
     </span>
     <span class='ocr_line' id='line_1_37' title="bbox 662 3743 1694 3814; baseline -0.001 -18"><span class='ocrx_word' id='word_1_221' title='bbox 662 3745 909 3810; x_wconf 79' lang='lat' dir='ltr'><strong>lemaeus3</strong></span> <span class='ocrx_word' id='word_1_222' title='bbox 944 3744 1043 3796; x_wconf 89' lang='lat' dir='ltr'><strong>etsi</strong></span> <span class='ocrx_word' id='word_1_223' title='bbox 1079 3760 1192 3795; x_wconf 87' lang='lat' dir='ltr'><strong>non</strong></span> <span class='ocrx_word' id='word_1_224' title='bbox 1236 3743 1364 3796; x_wconf 89' lang='lat' dir='ltr'><strong>illuc</strong></span> <span class='ocrx_word' id='word_1_225' title='bbox 1400 3744 1694 3814; x_wconf 88' lang='lat' dir='ltr'><strong>respexerit</strong></span> 
     </span>
     <span class='ocr_line' id='line_1_38' title="bbox 668 3820 1694 3877; baseline -0.002 0"><span class='ocrx_word' id='word_1_226' title='bbox 668 3826 871 3877; x_wconf 76' lang='lat' dir='ltr'><strong>Caesar:</strong></span> <span class='ocrx_word' id='word_1_227' title='bbox 895 3820 988 3876; x_wconf 89' lang='lat' dir='ltr'><strong>sed</strong></span> <span class='ocrx_word' id='word_1_228' title='bbox 1006 3824 1215 3875; x_wconf 88' lang='lat' dir='ltr'><strong>locutus</strong></span> <span class='ocrx_word' id='word_1_229' title='bbox 1233 3822 1300 3874; x_wconf 87' lang='lat' dir='ltr'><strong>sit</strong></span> <span class='ocrx_word' id='word_1_230' title='bbox 1320 3840 1471 3874; x_wconf 88' lang='lat' dir='ltr'><strong>more</strong></span> <span class='ocrx_word' id='word_1_231' title='bbox 1498 3822 1694 3875; x_wconf 88' lang='lat' dir='ltr'><strong>Roma·</strong></span> 
     </span>
     <span class='ocr_line' id='line_1_39' title="bbox 664 3902 1695 3973; baseline 0 -18"><span class='ocrx_word' id='word_1_232' title='bbox 664 3924 861 3956; x_wconf 89' lang='lat' dir='ltr'><strong>norum</strong></span> <span class='ocrx_word' id='word_1_233' title='bbox 878 3942 894 3968; x_wconf 89' lang='lat'><strong>,</strong></span> <span class='ocrx_word' id='word_1_234' title='bbox 919 3903 1115 3973; x_wconf 89' lang='lat' dir='ltr'><strong>quibus</strong></span> <span class='ocrx_word' id='word_1_235' title='bbox 1151 3904 1208 3953; x_wconf 88' lang='lat' dir='ltr'><strong>in</strong></span> <span class='ocrx_word' id='word_1_236' title='bbox 1250 3902 1448 3971; x_wconf 78' lang='lat' dir='ltr'><strong>Achaia</strong></span> <span class='ocrx_word' id='word_1_237' title='bbox 1480 3920 1695 3973; x_wconf 87' lang='lat' dir='ltr'><strong>quoque</strong></span> 
     </span>
    </p>
   </div>
   <div class='ocr_carea' id='block_1_11' title="bbox 1774 2705 2812 3973">
    <p class='ocr_par' dir='ltr' id='par_1_12' title="bbox 1774 2705 2806 3491">
     <span class='ocr_line' id='line_1_40' title="bbox 1774 2705 2802 2777; baseline -0.004 -20"><span class='ocrx_word' id='word_1_238' title='bbox 1774 2706 2038 2777; x_wconf 83' lang='lat' dir='ltr'><strong>tinguitur</strong></span> <span class='ocrx_word' id='word_1_239' title='bbox 2064 2707 2208 2758; x_wconf 87' lang='lat' dir='ltr'><strong>enim</strong></span> <span class='ocrx_word' id='word_1_240' title='bbox 2223 2745 2240 2771; x_wconf 92' lang='lat'>‚</span> <span class='ocrx_word' id='word_1_241' title='bbox 2262 2706 2366 2758; x_wconf 90' lang='lat' dir='ltr'><strong>hoc</strong></span> <span class='ocrx_word' id='word_1_242' title='bbox 2389 2705 2511 2758; x_wconf 88' lang='lat' dir='ltr'><strong>loco</strong></span> <span class='ocrx_word' id='word_1_243' title='bbox 2529 2745 2545 2771; x_wconf 90' lang='lat'><strong>,</strong></span> <span class='ocrx_word' id='word_1_244' title='bbox 2565 2706 2708 2757; x_wconf 83' lang='lat' dir='ltr'><strong>inter</strong></span> <span class='ocrx_word' id='word_1_245' title='bbox 2729 2722 2802 2753; x_wconf 68' lang='lat' dir='ltr'><strong>vv*-</strong></span> 
     </span>
     <span class='ocr_line' id='line_1_41' title="bbox 1775 2782 2799 2857; baseline -0.001 -22"><span class='ocrx_word' id='word_1_246' title='bbox 1775 2785 1853 2836; x_wconf 82' lang='lat' dir='ltr'><strong>bcs</strong></span> <span class='ocrx_word' id='word_1_247' title='bbox 1885 2798 1938 2838; x_wconf 90' lang='lat' dir='ltr'><strong>et</strong></span> <span class='ocrx_word' id='word_1_248' title='bbox 1968 2790 2210 2847; x_wconf 73' lang='lat' dir='ltr'><strong>civitates,</strong></span> <span class='ocrx_word' id='word_1_249' title='bbox 2247 2782 2394 2857; x_wconf 89' lang='lat' dir='ltr'><strong>quod</strong></span> <span class='ocrx_word' id='word_1_250' title='bbox 2425 2784 2514 2837; x_wconf 78' lang='lat' dir='ltr'><strong>vel</strong></span> <span class='ocrx_word' id='word_1_251' title='bbox 2542 2784 2799 2836; x_wconf 83' lang='lat' dir='ltr'><strong>tironibus</strong></span> 
     </span>
     <span class='ocr_line' id='line_1_42' title="bbox 1774 2862 2800 2936; baseline -0.003 -19"><span class='ocrx_word' id='word_1_252' title='bbox 1774 2878 1965 2917; x_wconf 88' lang='lat' dir='ltr'><strong>notum</strong></span> <span class='ocrx_word' id='word_1_253' title='bbox 1983 2878 2079 2919; x_wconf 88' lang='lat' dir='ltr'><strong>est.</strong></span> <span class='ocrx_word' id='word_1_254' title='bbox 2103 2866 2202 2917; x_wconf 88' lang='lat' dir='ltr'><strong>Illa</strong></span> <span class='ocrx_word' id='word_1_255' title='bbox 2222 2881 2331 2918; x_wconf 83' lang='lat' dir='ltr'><strong>vox</strong></span> <span class='ocrx_word' id='word_1_256' title='bbox 2350 2866 2529 2936; x_wconf 88' lang='lat' dir='ltr'><strong>ipsum</strong></span> <span class='ocrx_word' id='word_1_257' title='bbox 2547 2862 2800 2936; x_wconf 85' lang='lat' dir='ltr'><strong>oppidum</strong></span> 
     </span>
     <span class='ocr_line' id='line_1_43' title="bbox 1775 2944 2803 3011; baseline -0.001 -15"><span class='ocrx_word' id='word_1_258' title='bbox 1775 2944 2025 3011; x_wconf 85' lang='lat' dir='ltr'><strong>denotat,</strong></span> <span class='ocrx_word' id='word_1_259' title='bbox 2062 2944 2176 2998; x_wconf 75' lang='lat' dir='ltr'><strong>haec</strong></span> <span class='ocrx_word' id='word_1_260' title='bbox 2224 2946 2442 2999; x_wconf 87' lang='lat' dir='ltr'><strong>urbium</strong></span> <span class='ocrx_word' id='word_1_261' title='bbox 2487 2945 2708 2997; x_wconf 88' lang='lat' dir='ltr'><strong>incolas.</strong></span> <span class='ocrx_word' id='word_1_262' title='bbox 2731 2974 2803 2984; x_wconf 91' lang='grc'><strong>--</strong></span> 
     </span>
     <span class='ocr_line' id='line_1_44' title="bbox 1776 3024 2800 3095; baseline -0.005 -17"><span class='ocrx_word' id='word_1_263' title='bbox 1776 3025 2016 3078; x_wconf 76' lang='lat' dir='ltr'><strong>Amicitia</strong></span> <span class='ocrx_word' id='word_1_264' title='bbox 2042 3024 2249 3079; x_wconf 75' lang='lat' dir='ltr'><strong>Coesari.</strong></span> <span class='ocrx_word' id='word_1_265' title='bbox 2281 3026 2388 3077; x_wconf 87' lang='lat' dir='ltr'><strong>Pro</strong></span> <span class='ocrx_word' id='word_1_266' title='bbox 2409 3044 2502 3095; x_wconf 79' lang='lat' dir='ltr'><strong>per·</strong></span> <span class='ocrx_word' id='word_1_267' title='bbox 2530 3028 2800 3075; x_wconf 81' lang='lat' dir='ltr'><strong>amicitiam.</strong></span> 
     </span>
     <span class='ocr_line' id='line_1_45' title="bbox 1775 3100 2801 3165; baseline -0.005 -7"><span class='ocrx_word' id='word_1_268' title='bbox 1775 3104 1910 3158; x_wconf 84' lang='lat' dir='ltr'><strong>Scal.</strong></span> <span class='ocrx_word' id='word_1_269' title='bbox 1947 3109 2172 3157; x_wconf 76' lang='lat' dir='ltr'><strong>amicitia:</strong></span> <span class='ocrx_word' id='word_1_270' title='bbox 2207 3104 2420 3157; x_wconf 70' lang='lat' dir='ltr'><strong>Caesaris</strong></span> <span class='ocrx_word' id='word_1_271' title='bbox 2435 3124 2455 3165; x_wconf 89' lang='lat'><em>;</em></span> <span class='ocrx_word' id='word_1_272' title='bbox 2485 3116 2540 3156; x_wconf 87' lang='lat' dir='ltr'><strong>at</strong></span> <span class='ocrx_word' id='word_1_273' title='bbox 2563 3104 2621 3155; x_wconf 89' lang='lat' dir='ltr'><strong>in</strong></span> <span class='ocrx_word' id='word_1_274' title='bbox 2653 3100 2801 3155; x_wconf 88' lang='lat' dir='ltr'><strong>codd.</strong></span> 
     </span>
     <span class='ocr_line' id='line_1_46' title="bbox 1778 3182 2804 3256; baseline -0.004 -20"><span class='ocrx_word' id='word_1_275' title='bbox 1778 3185 2026 3238; x_wconf 90' lang='lat' dir='ltr'><strong>omnibus</strong></span> <span class='ocrx_word' id='word_1_276' title='bbox 2056 3185 2253 3256; x_wconf 84' lang='lat' dir='ltr'><strong>legitur</strong></span> <span class='ocrx_word' id='word_1_277' title='bbox 2293 3187 2508 3235; x_wconf 81' lang='lat' dir='ltr'><strong>amicitia</strong></span> <span class='ocrx_word' id='word_1_278' title='bbox 2565 3182 2772 3236; x_wconf 80' lang='lat' dir='ltr'><strong>Coesaris</strong></span> <span class='ocrx_word' id='word_1_279' title='bbox 2785 3200 2804 3243; x_wconf 89' lang='lat'><em>;</em></span> 
     </span>
     <span class='ocr_line' id='line_1_47' title="bbox 1778 3262 2806 3330; baseline -0.003 -14"><span class='ocrx_word' id='word_1_280' title='bbox 1778 3262 1924 3318; x_wconf 84' lang='lat' dir='ltr'><strong>unde</strong></span> <span class='ocrx_word' id='word_1_281' title='bbox 1940 3302 1956 3330; x_wconf 91' lang='lat'><strong>,</strong></span> <span class='ocrx_word' id='word_1_282' title='bbox 1986 3264 2091 3318; x_wconf 84' lang='lat' dir='ltr'><strong>levi</strong></span> <span class='ocrx_word' id='word_1_283' title='bbox 2121 3264 2450 3319; x_wconf 78' lang='lat' dir='ltr'><strong>correctione</strong></span> <span class='ocrx_word' id='word_1_284' title='bbox 2463 3302 2479 3329; x_wconf 95' lang='lat'><strong>,</strong></span> <span class='ocrx_word' id='word_1_285' title='bbox 2499 3263 2614 3316; x_wconf 88' lang='lat' dir='ltr'><strong>scil.</strong></span> <span class='ocrx_word' id='word_1_286' title='bbox 2643 3262 2806 3315; x_wconf 85' lang='lat' dir='ltr'><strong>deleta</strong></span> 
     </span>
     <span class='ocr_line' id='line_1_48' title="bbox 1777 3343 2806 3414; baseline -0.002 -19"><span class='ocrx_word' id='word_1_287' title='bbox 1777 3344 1926 3397; x_wconf 82' lang='lat' dir='ltr'><strong>finali</strong></span> <span class='ocrx_word' id='word_1_288' title='bbox 1959 3365 1983 3395; x_wconf 74' lang='lat' dir='ltr'><strong>s</strong></span> <span class='ocrx_word' id='word_1_289' title='bbox 2027 3344 2237 3398; x_wconf 80' lang='lat' dir='ltr'><strong>Coesaris</strong></span> <span class='ocrx_word' id='word_1_290' title='bbox 2254 3385 2267 3406; x_wconf 93' lang='lat'><strong>,</strong></span> <span class='ocrx_word' id='word_1_291' title='bbox 2305 3343 2597 3397; x_wconf 87' lang='lat' dir='ltr'><strong>lectionem</strong></span> <span class='ocrx_word' id='word_1_292' title='bbox 2656 3360 2806 3414; x_wconf 87' lang='lat' dir='ltr'><strong>quam</strong></span> 
     </span>
     <span class='ocr_line' id='line_1_49' title="bbox 1778 3422 2644 3491; baseline 0 -15"><span class='ocrx_word' id='word_1_293' title='bbox 1778 3422 2033 3477; x_wconf 87' lang='lat' dir='ltr'><strong>habemus</strong></span> <span class='ocrx_word' id='word_1_294' title='bbox 2052 3462 2068 3491; x_wconf 89' lang='lat'><strong>,</strong></span> <span class='ocrx_word' id='word_1_295' title='bbox 2099 3426 2276 3477; x_wconf 80' lang='lat' dir='ltr'><strong>effecit</strong></span> <span class='ocrx_word' id='word_1_296' title='bbox 2305 3426 2372 3475; x_wconf 93' lang='lat' dir='ltr'><strong>D.</strong></span> <span class='ocrx_word' id='word_1_297' title='bbox 2397 3424 2644 3476; x_wconf 83' lang='lat' dir='ltr'><strong>Vossius.</strong></span> 
     </span>
    </p>

    <p class='ocr_par' dir='ltr' id='par_1_13' title="bbox 1780 3498 2808 3734">
     <span class='ocr_line' id='line_1_50' title="bbox 1860 3498 2807 3557; baseline -0.005 0"><span class='ocrx_word' id='word_1_298' title='bbox 1860 3504 1991 3557; x_wconf 60' lang='lat' dir='ltr'><strong>Car.</strong></span> <span class='ocrx_word' id='word_1_299' title='bbox 2017 3504 2164 3557; x_wconf 83' lang='lat' dir='ltr'><strong>LVI.</strong></span> <span class='ocrx_word' id='word_1_300' title='bbox 2205 3523 2255 3557; x_wconf 86' lang='lat'><strong>1.</strong></span> <span class='ocrx_word' id='word_1_301' title='bbox 2288 3504 2668 3555; x_wconf 75' lang='lat' dir='ltr'><strong>Tomentumve.</strong></span> <span class='ocrx_word' id='word_1_302' title='bbox 2685 3498 2807 3553; x_wconf 86' lang='lat' dir='ltr'><strong>Vid.</strong></span> 
     </span>
     <span class='ocr_line' id='line_1_51' title="bbox 1780 3580 2808 3655; baseline -0.003 -20"><span class='ocrx_word' id='word_1_303' title='bbox 1780 3598 1895 3655; x_wconf 85' lang='lat' dir='ltr'><strong>cap.</strong></span> <span class='ocrx_word' id='word_1_304' title='bbox 1945 3584 2037 3636; x_wconf 81' lang='lat'><strong>51.</strong></span> <span class='ocrx_word' id='word_1_305' title='bbox 2087 3584 2345 3637; x_wconf 79' lang='lat' dir='ltr'><strong>Tor-mento</strong></span> <span class='ocrx_word' id='word_1_306' title='bbox 2386 3580 2724 3650; x_wconf 73' lang='lat' dir='ltr'><strong>emendavit,</strong></span> <span class='ocrx_word' id='word_1_307' title='bbox 2752 3598 2808 3633; x_wconf 85' lang='lat' dir='ltr'><strong>ex</strong></span> 
     </span>
     <span class='ocr_line' id='line_1_52' title="bbox 1782 3662 2318 3734; baseline 0 -19"><span class='ocrx_word' id='word_1_308' title='bbox 1782 3665 2057 3734; x_wconf 87' lang='lat' dir='ltr'><strong>Bongars.,</strong></span> <span class='ocrx_word' id='word_1_309' title='bbox 2079 3662 2318 3717; x_wconf 87' lang='lat' dir='ltr'><strong>Vossius.</strong></span> 
     </span>
    </p>

    <p class='ocr_par' dir='ltr' id='par_1_14' title="bbox 1781 3744 2812 3973">
     <span class='ocr_line' id='line_1_53' title="bbox 1867 3744 2807 3815; baseline -0.004 -20"><span class='ocrx_word' id='word_1_310' title='bbox 1867 3764 1917 3796; x_wconf 73' lang='lat' dir='ltr'><strong>a.</strong></span> <span class='ocrx_word' id='word_1_311' title='bbox 1963 3744 2138 3795; x_wconf 80' lang='lat' dir='ltr'><strong>Omnis</strong></span> <span class='ocrx_word' id='word_1_312' title='bbox 2171 3744 2359 3815; x_wconf 78' lang='lat' dir='ltr'><strong>quidem</strong></span> <span class='ocrx_word' id='word_1_313' title='bbox 2399 3746 2662 3793; x_wconf 78' lang='lat' dir='ltr'><strong>instructus</strong></span> <span class='ocrx_word' id='word_1_314' title='bbox 2682 3780 2699 3807; x_wconf 89' lang='lat'><strong>,</strong></span> <span class='ocrx_word' id='word_1_315' title='bbox 2727 3752 2807 3791; x_wconf 83' lang='lat' dir='ltr'><strong>etc.</strong></span> 
     </span>
     <span class='ocr_line' id='line_1_54' title="bbox 1782 3820 2806 3893; baseline -0.004 -18"><span class='ocrx_word' id='word_1_316' title='bbox 1782 3824 1865 3875; x_wconf 91' lang='lat' dir='ltr'><strong>Ita</strong></span> <span class='ocrx_word' id='word_1_317' title='bbox 1894 3820 2051 3877; x_wconf 90' lang='lat' dir='ltr'><strong>codd.</strong></span> <span class='ocrx_word' id='word_1_318' title='bbox 2087 3840 2209 3893; x_wconf 89' lang='lat' dir='ltr'><strong>pro,</strong></span> <span class='ocrx_word' id='word_1_319' title='bbox 2239 3834 2295 3874; x_wconf 83' lang='lat' dir='ltr'><strong>at</strong></span> <span class='ocrx_word' id='word_1_320' title='bbox 2321 3840 2440 3873; x_wconf 80' lang='lat' dir='ltr'><strong>vero</strong></span> <span class='ocrx_word' id='word_1_321' title='bbox 2472 3825 2647 3875; x_wconf 81' lang='lat' dir='ltr'><strong>omnis.</strong></span> <span class='ocrx_word' id='word_1_322' title='bbox 2677 3820 2806 3872; x_wconf 81' lang='lat' dir='ltr'><strong>Vul-</strong></span> 
     </span>
     <span class='ocr_line' id='line_1_55' title="bbox 1781 3897 2812 3973; baseline -0.004 -19"><span class='ocrx_word' id='word_1_323' title='bbox 1781 3914 1898 3973; x_wconf 88' lang='lat' dir='ltr'><strong>gata</strong></span> <span class='ocrx_word' id='word_1_324' title='bbox 1916 3920 1929 3955; x_wconf 90' lang='lat'>:</span> <span class='ocrx_word' id='word_1_325' title='bbox 1951 3906 2222 3973; x_wconf 70' lang='lat' dir='ltr'><strong>omnisque,</strong></span> <span class='ocrx_word' id='word_1_326' title='bbox 2243 3902 2424 3954; x_wconf 88' lang='lat' dir='ltr'><strong>minus</strong></span> <span class='ocrx_word' id='word_1_327' title='bbox 2442 3902 2603 3953; x_wconf 87' lang='lat' dir='ltr'><strong>bene.</strong></span> <span class='ocrx_word' id='word_1_328' title='bbox 2620 3933 2702 3944; x_wconf 88' lang='lat'><strong>--</strong></span> <span class='ocrx_word' id='word_1_329' title='bbox 2715 3897 2812 3952; x_wconf 85' lang='lat' dir='ltr'><strong>Ab·</strong></span> 
     </span>
    </p>
   </div>
   <div class='ocr_carea' id='block_1_12' title="bbox 669 3977 2810 4053">
    <p class='ocr_par' dir='ltr' id='par_1_15' title="bbox 669 3977 2810 4053">
     <span class='ocr_line' id='line_1_56' title="bbox 669 3977 2810 4053; baseline -0.004 -17"><span class='ocrx_word' id='word_1_330' title='bbox 669 3984 962 4036; x_wconf 87' lang='lat' dir='ltr'><strong>Corinthus</strong></span> <span class='ocrx_word' id='word_1_331' title='bbox 993 3994 1044 4034; x_wconf 89' lang='lat' dir='ltr'><strong>et</strong></span> <span class='ocrx_word' id='word_1_332' title='bbox 1078 3977 1191 4035; x_wconf 76' lang='lat' dir='ltr'><strong>aliae</strong></span> <span class='ocrx_word' id='word_1_333' title='bbox 1222 3984 1579 4053; x_wconf 88' lang='lat' dir='ltr'><strong>Peloponnesi</strong></span> <span class='ocrx_word' id='word_1_334' title='bbox 1603 4001 1696 4035; x_wconf 87' lang='lat' dir='ltr'><strong>ur-</strong></span> <span class='ocrx_word' id='word_1_335' title='bbox 1773 3985 1934 4053; x_wconf 69' lang='lat' dir='ltr'><strong>jectis.</strong></span> <span class='ocrx_word' id='word_1_336' title='bbox 1951 3982 2200 4053; x_wconf 80' lang='lat' dir='ltr'><strong>Vulgata,</strong></span> <span class='ocrx_word' id='word_1_337' title='bbox 2225 3983 2441 4051; x_wconf 83' lang='lat' dir='ltr'><strong>adjectis.</strong></span> <span class='ocrx_word' id='word_1_338' title='bbox 2465 3980 2606 4035; x_wconf 89' lang='lat' dir='ltr'><strong>Cod.</strong></span> <span class='ocrx_word' id='word_1_339' title='bbox 2637 3992 2810 4032; x_wconf 86' lang='lat' dir='ltr'><strong>noster</strong></span> 
     </span>
    </p>
   </div>
   <div class='ocr_carea' id='block_1_13' title="bbox 666 4062 1696 4213">
    <p class='ocr_par' dir='ltr' id='par_1_16' title="bbox 666 4062 1696 4213">
     <span class='ocr_line' id='line_1_57' title="bbox 666 4062 1696 4133; baseline 0 -18"><span class='ocrx_word' id='word_1_340' title='bbox 666 4064 761 4115; x_wconf 85' lang='lat' dir='ltr'><strong>bes</strong></span> <span class='ocrx_word' id='word_1_341' title='bbox 789 4063 1155 4115; x_wconf 83' lang='lat' dir='ltr'><strong>censebantur.</strong></span> <span class='ocrx_word' id='word_1_342' title='bbox 1182 4062 1394 4133; x_wconf 78' lang='lat' dir='ltr'><strong>Absque</strong></span> <span class='ocrx_word' id='word_1_343' title='bbox 1421 4062 1558 4129; x_wconf 91' lang='lat' dir='ltr'><strong>hoc,</strong></span> <span class='ocrx_word' id='word_1_344' title='bbox 1586 4062 1696 4115; x_wconf 87' lang='lat' dir='ltr'><strong>his-</strong></span> 
     </span>
     <span class='ocr_line' id='line_1_58' title="bbox 669 4140 1450 4213; baseline -0.001 -20"><span class='ocrx_word' id='word_1_345' title='bbox 669 4143 864 4194; x_wconf 82' lang='lat' dir='ltr'><strong>toriam</strong></span> <span class='ocrx_word' id='word_1_346' title='bbox 888 4140 1182 4211; x_wconf 83' lang='lat' dir='ltr'><strong>intelligere</strong></span> <span class='ocrx_word' id='word_1_347' title='bbox 1203 4158 1450 4213; x_wconf 82' lang='lat' dir='ltr'><strong>nequeas,</strong></span> 
     </span>
    </p>
   </div>
   <div class='ocr_carea' id='block_1_14' title="bbox 752 4220 1693 4289">
    <p class='ocr_par' dir='ltr' id='par_1_17' title="bbox 752 4220 1693 4289">
     <span class='ocr_line' id='line_1_59' title="bbox 752 4220 1693 4289; baseline -0.001 -16"><span class='ocrx_word' id='word_1_348' title='bbox 752 4227 803 4284; x_wconf 72' lang='lat'><strong>4.</strong></span> <span class='ocrx_word' id='word_1_349' title='bbox 834 4221 1111 4272; x_wconf 77' lang='lat' dir='ltr'><strong>Nonnullas</strong></span> <span class='ocrx_word' id='word_1_350' title='bbox 1142 4222 1293 4273; x_wconf 81' lang='lat' dir='ltr'><strong>urbes.</strong></span> <span class='ocrx_word' id='word_1_351' title='bbox 1325 4220 1467 4273; x_wconf 87' lang='lat' dir='ltr'><strong>Male</strong></span> <span class='ocrx_word' id='word_1_352' title='bbox 1502 4220 1693 4289; x_wconf 79' lang='lat' dir='ltr'><strong>Scalig.</strong></span> 
     </span>
    </p>
   </div>
   <div class='ocr_carea' id='block_1_15' title="bbox 1784 4058 2814 4292">
    <p class='ocr_par' dir='ltr' id='par_1_18' title="bbox 1784 4058 2814 4292">
     <span class='ocr_line' id='line_1_60' title="bbox 1789 4058 2810 4133; baseline -0.006 -18"><span class='ocrx_word' id='word_1_353' title='bbox 1789 4060 1942 4132; x_wconf 75' lang='lat'>5764</span> <span class='ocrx_word' id='word_1_354' title='bbox 1966 4080 1980 4113; x_wconf 92' lang='lat'><strong>:</strong></span> <span class='ocrx_word' id='word_1_355' title='bbox 2007 4062 2225 4133; x_wconf 81' lang='lat' dir='ltr'><strong>abjectis,</strong></span> <span class='ocrx_word' id='word_1_356' title='bbox 2255 4058 2402 4133; x_wconf 89' lang='lat' dir='ltr'><strong>quod</strong></span> <span class='ocrx_word' id='word_1_357' title='bbox 2431 4062 2638 4132; x_wconf 87' lang='lat' dir='ltr'><strong>probo,</strong></span> <span class='ocrx_word' id='word_1_358' title='bbox 2660 4072 2722 4112; x_wconf 89' lang='lat' dir='ltr'><strong>ut</strong></span> <span class='ocrx_word' id='word_1_359' title='bbox 2747 4058 2810 4109; x_wconf 87' lang='lat' dir='ltr'><strong>si-</strong></span> 
     </span>
     <span class='ocr_line' id='line_1_61' title="bbox 1784 4140 2814 4212; baseline -0.007 -18"><span class='ocrx_word' id='word_1_360' title='bbox 1784 4142 2054 4212; x_wconf 80' lang='lat' dir='ltr'><strong>gnificatio</strong></span> <span class='ocrx_word' id='word_1_361' title='bbox 2112 4142 2181 4194; x_wconf 85' lang='lat' dir='ltr'><strong>sit</strong></span> <span class='ocrx_word' id='word_1_362' title='bbox 2241 4142 2359 4193; x_wconf 80' lang='lat' dir='ltr'><strong>telis</strong></span> <span class='ocrx_word' id='word_1_363' title='bbox 2421 4140 2814 4193; x_wconf 82' lang='lat' dir='ltr'><strong>transeuntibus</strong></span> 
     </span>
     <span class='ocr_line' id='line_1_62' title="bbox 1788 4216 2813 4292; baseline -0.006 -19"><span class='ocrx_word' id='word_1_364' title='bbox 1788 4240 1946 4291; x_wconf 88' lang='lat' dir='ltr'><strong>supra</strong></span> <span class='ocrx_word' id='word_1_365' title='bbox 1977 4232 2140 4292; x_wconf 87' lang='lat' dir='ltr'><strong>caput</strong></span> <span class='ocrx_word' id='word_1_366' title='bbox 2169 4221 2406 4273; x_wconf 87' lang='lat' dir='ltr'><strong>militum</strong></span> <span class='ocrx_word' id='word_1_367' title='bbox 2424 4259 2439 4288; x_wconf 83' lang='lat'><strong>,</strong></span> <span class='ocrx_word' id='word_1_368' title='bbox 2471 4232 2524 4272; x_wconf 88' lang='lat' dir='ltr'><strong>et</strong></span> <span class='ocrx_word' id='word_1_369' title='bbox 2555 4220 2730 4273; x_wconf 82' lang='lat' dir='ltr'><strong>missis</strong></span> <span class='ocrx_word' id='word_1_370' title='bbox 2761 4216 2813 4267; x_wconf 88' lang='lat' dir='ltr'><strong>in</strong></span> 
     </span>
    </p>
   </div>
  </div>
 </body>
</html>
