3025 5025
633 456 782 557 378
1435 462 1581 529 DE
1634 462 1990 529 BELLo
2042 411 2045 413 V

629 614 908 685 magnas
937 592 1166 686 copias
1199 582 1417 684 (quas
1439 588 1776 679 celeriter,
1799 607 1869 661 et
1896 592 2412 687 propensissima
2450 591 2797 663 civitatum

627 696 1003 787 voluntate,
1039 712 1108 767 et
1143 722 1266 768 sua
1303 696 1675 791 diligentia,
1713 698 2097 768 confecerat
2128 690 2155 788 )
2198 700 2435 767 itinere
2470 699 2797 794 pedestri,

627 828 764 897 quo
820 805 1250 901 conjungitur
1317 805 1651 898 'AEgyptus
1716 806 1925 897 Syriae
1949 860 1968 894 ,
2033 803 2373 874 Pelusium
2430 804 2793 875 adducit²z

629 908 828 1003 idque
871 911 1197 1007 oppidum
1214 964 1234 997 ,
1275 910 1474 981 firmo
1520 911 1827 1005 praesidio
1866 926 2271 1007 occupatum
2315 911 2595 982 Achillae
2631 939 2797 1008 pro-

629 1031 781 1110 pter
815 1020 1390 1112 opportunitatem
1431 1016 1564 1086 loci,
1604 1008 1947 1112 (namque
1982 1033 2127 1087 tota
2172 1021 2499 1113 AEgyptus
2537 1021 2797 1088 mariti·

555 1115 562 1121 ’
629 1148 744 1191 mo
787 1148 1062 1195 accessu
1108 1124 1365 1213 Pham,
1391 1123 1687 1218 pedestri
1730 1123 2027 1213 Pelusi0,
2054 1123 2239 1195 velut
2274 1124 2619 1213 claustriS‚
2649 1152 2797 1195 mu·

629 1231 770 1301 nita
813 1224 1324 1320 existimatur),
1367 1245 1645 1350 repente
1698 1233 1962 1325 magnis
2007 1231 2495 1302 circumdatum
2549 1234 2759 1353 copiis
2778 1286 2797 1320 ,

629 1335 980 1432 multiplici
1011 1338 1317 1433 praesidio
1351 1338 1781 1432 pertinaciter
1806 1323 2452 1434 propugnantibus³‚
2476 1353 2548 1407 et
2570 1342 2793 1434 copia-

630 1468 782 1512 rum
837 1444 1340 1541 magnitudine,
1393 1469 1561 1537 quas
1623 1446 1915 1539 integras
1965 1445 2329 1515 vulneratis
2384 1444 2795 1540 defessisque

632 1550 1025 1643 subjiciebat
1048 1602 1068 1633 ,
1111 1565 1181 1622 et
1223 1553 1718 1645 perseverantia
1764 1554 2266 1645 constantiaque
2312 1552 2795 1647 oppugnandi,

629 1682 766 1750 quo
804 1656 910 1727 die
946 1674 1048 1727 est
1090 1682 1476 1752 aggressuS,
1513 1659 1583 1726 in
1620 1682 1809 1727 suam
1856 1659 2112 1753 redegit
2148 1673 2551 1751 potestatem
2570 1713 2589 1746 ,
2630 1684 2791 1754 prae—

631 1762 1004 1857 sidiumque
1033 1764 1126 1833 ibi
1155 1789 1349 1833 suum
1377 1762 1749 1833 collocavit.
1772 1764 1973 1853 Inde,
1990 1790 2067 1833 re
2082 1765 2253 1834 bene
2272 1779 2457 1860 gesta
2469 1819 2487 1853 ,
2506 1764 2791 1834 Alexan-

630 1868 843 1937 driam
885 1870 970 1939 ad
1027 1871 1360 1942 Caesarem
1431 1870 1815 1960 contendit,
1864 1896 2228 1965 omnesque
2285 1896 2395 1941 eas
2446 1874 2792 1967 regioneS,

630 2000 752 2070 per
787 2001 952 2069 quas
1014 1978 1141 2048 iter
1196 1976 1529 2063 faciebat,
1584 1992 1821 2047 ‘iuctoi
1822 1992 1982 2047 itate
2028 2002 2149 2067 ea,
2200 2002 2347 2071 quae
2395 1978 2789 2073 plerumque

630 2081 815 2151 adest
857 2069 1139 2151 victori⁴
1143 2136 1163 2171 ,
1191 2097 1504 2176 pacat-at,
1541 2098 1740 2177 atque
1776 2086 1846 2151 in
1884 2085 2238 2153 amicitiam
2283 2087 2568 2154 Caesaris
2606 2086 2787 2155 rede·

631 2203 835 2283 gerat.

623 2362 628 2371 ,
733 2298 1030 2366 XXVII.
1073 2300 1296 2365 Locus
1323 2311 1425 2365 est
1459 2297 1599 2366 fere
1626 2298 1979 2391 regionum
2012 2296 2274 2366 illarum
2310 2297 2785 2385 nobilissimuS,

629 2427 770 2471 non
807 2403 897 2471 ita
931 2401 1128 2496 longe
1166 2404 1250 2471 ab
1296 2401 1732 2489 Alexandria,
1768 2404 1885 2497 qui
1920 2404 2309 2473 nominatur
2343 2402 2582 2491 Delta,
2611 2404 2785 2500 quod

631 2535 881 2580 nomen
925 2534 962 2578 a
1009 2507 1437 2584 similitudine
1480 2507 1717 2580 litterae
1774 2513 1957 2606 cepit
1994 2537 2011 2579 ε
2058 2536 2217 2581 nam
2268 2535 2425 2606 pars
2483 2513 2782 2606 quaedam

632 2615 923 2684 fluminis
967 2614 1144 2701 Nili,
1183 2616 1350 2684 mire
1394 2615 1729 2684 derivata¹
1772 2619 1943 2686 inter
1980 2642 2050 2686 se
2071 2671 2090 2706 ,
2135 2616 2399 2687 duobus
2440 2620 2782 2690 itineribus

717 2864 768 2897 α.
786 2843 1024 2897 Adducet.
1045 2842 1218 2895 Nihili
1244 2856 1324 2895 est
1343 2842 1502 2895 lectio
1520 2841 1662 2894 haec:
1748 2842 1966 2914 jiciebat
2004 2863 2143 2898 cm.

635 2913 950 2978 Mithridates
965 2943 1071 2974 cum
1085 2926 1236 2992 copiis
1249 2921 1486 2974 adducit.-
1503 2941 1667 2994 quem

635 3005 780 3058 enim
825 3001 1082 3056 adducit?
1110 3003 1294 3068 Quum
1332 3021 1458 3074 ergo
1495 3000 1667 3054 codex

2170 2844 2433 2898 ..advenis
2471 2845 2679 2912 Jurin„
2704 2865 2781 2896 ac·

1753 2927 1909 2976 cessit.
1918 2955 2001 2966 —-
2015 2923 2247 2978 Achillae.
2275 2923 2363 2976 Sic
2390 2925 2525 2976 boni
2560 2924 2779 2978 codices.

1753 3001 1960 3056 Pendet
1990 3003 2103 3058 scil.
2136 3023 2167 3055 a
2196 3003 2448 3074 proesidio.
2484 3005 2665 3076 Vulgo
2680 3043 2697 3070 ,
2724 3005 2779 3056 ab

633 3083 811 3154 regius
825 3081 1027 3136 Clarkii
1049 3101 1208 3154 supra
1225 3083 1444 3147 habeat,
1467 3101 1667 3152 magnas

636 3166 798 3234 copias
825 3182 928 3234 pro
959 3182 1064 3214 cum
1091 3165 1280 3232 magnis
1303 3165 1453 3232 copiis
1460 3182 1481 3222 ;
1498 3180 1667 3232 quum

638 3244 953 3297 Ciacconius
967 3281 983 3308 ‚
1002 3243 1060 3294 in
1087 3261 1182 3296 suo
1208 3242 1350 3294 libro
1373 3261 1576 3310 magnas
1592 3261 1669 3294 co·

628 3327 742 3394 pias
759 3336 964 3376 exstare
983 3320 1210 3388 dixerit3
1229 3341 1398 3392 quum
1423 3319 1669 3392 quaedam

635 3401 759 3455 edd.
803 3401 948 3455 idem
987 3404 1098 3472 jam
1141 3402 1441 3473 receperint
1459 3439 1476 3466 ,
1513 3413 1568 3452 et
1595 3401 1670 3454 sic

635 3483 819 3535 omnia
848 3493 992 3534 recta
1015 3483 1146 3545 sint,
1171 3482 1215 3534 si
1243 3482 1449 3552 legatur
1471 3481 1672 3532 Mithri-

635 3563 773 3614 dates
811 3582 1014 3632 magnas
1049 3565 1212 3632 copias
1248 3561 1448 3612 adducit
1464 3581 1484 3622 ;
1512 3561 1670 3632 plane

637 3663 750 3697 non
783 3641 942 3696 video
972 3661 1069 3694 eur
1101 3641 1242 3694 falsae
1274 3641 1386 3694 istae
1415 3640 1670 3693 lectiones

637 3741 1030 3793 nonnunquam
1043 3734 1322 3774 serventur
1333 3760 1349 3787 ‚
1363 3733 1418 3773 et
1426 3721 1518 3774 vix
1534 3721 1670 3772 mihi

637 3802 958 3873 temperavi,
989 3801 1122 3874 quin
1153 3800 1208 3854 h.
1241 3802 1277 3854 l.
1305 3821 1334 3854 a
1360 3800 1671 3854 recensione

641 3881 998 3954 Oudendorp.
1025 3879 1347 3935 recederem.
1379 3882 1456 3934 M.
1479 3881 1675 3933 Emen-

642 3962 782 4016 davi.
804 3964 898 4015 Ast
927 3962 1174 4016 Clarkius
1188 3961 1402 4016 volebat
1423 3961 1636 4013 adduxit
1650 3999 1664 4024 ,

644 4042 718 4093 ob
749 4061 972 4112 sequens
1003 4042 1216 4113 redegi&
1243 4041 1337 4094 sed
1368 4053 1514 4094 sueta
1546 4060 1670 4093 nos·

647 4134 732 4175 tro
758 4134 1060 4192 temporum
1087 4121 1331 4176 variatim
1350 4121 1529 4174 DaviS.
1549 4140 1675 4172 con·

1754 3081 1977 3135 Achilla.
2007 3083 2111 3136 On.
2140 3082 2293 3136 Leid.
2322 3101 2425 3136 sec.
2443 3122 2460 3149 ,
2496 3085 2703 3150 Palat.,
2732 3096 2779 3136 et

1756 3175 1938 3215 noster
1960 3161 2081 3216 cod.
2115 3181 2224 3234 reg.
2260 3165 2412 3232 5768
2434 3201 2449 3229 ‚
2474 3175 2781 3236 occupaverat

1755 3242 2348 3294 Achillam—Pedani.
2381 3244 2533 3296 Infra
2552 3283 2571 3310 ,
2598 3265 2647 3299 c.
2682 3245 2777 3307 33,

1758 3325 1983 3374 terrestri.

1833 3402 1864 3456 3
1873 3401 2333 3471 Propugnantibus.
2346 3401 2470 3454 Scil.
2483 3402 2775 3476 oppidanis.

1756 3481 1874 3534 Hoc
1897 3482 2123 3533 verbum
2158 3500 2269 3532 non
2290 3483 2429 3534 bene
2463 3483 2721 3536 omissum
2746 3501 2771 3534 ι

1758 3561 2019 3632 scriptore
2046 3559 2259 3614 videtur
2287 3561 2465 3614 Moto,

1840 3649 1895 3705 4.
1928 3641 1984 3690 V
1980 3644 2137 3694 ictor-1⁹.
2164 3640 2334 3694 Codd.
2370 3639 2777 3711 quidam‚victo-

1756 3723 1863 3774 rioe.
1890 3721 2073 3776 Nostri
2095 3721 2295 3774 habent
2322 3723 2521 3782 victori.
2538 3723 2777 3774 -Paea-

1758 3813 1854 3854 rat.
1874 3802 1955 3853 Ita
1973 3799 2094 3854 cod.
2114 3801 2310 3854 vossii.
2324 3801 2507 3871 Vulgo
2521 3840 2537 3866 ,
2540 3802 2771 3872 placarat.

1840 3881 1969 3934 CAP.
1997 3881 2231 3934 XXVII.
2266 3899 2315 3934 1.
2340 3881 2601 3933 Det-irata.
2618 3881 2683 3934 In
2702 3898 2773 3934 vn-

1759 3961 1869 4014 rios
1892 3961 2061 4014 veluti
2076 3961 2221 4014 rivos
2240 3959 2411 4014 divisa
2424 3999 2443 4026 ‚
2464 3958 2769 4013 discurrens.

1762 4041 2007 4094 Verbum
2030 4045 2147 4092 mim
2162 4060 2261 4112 per
2286 4039 2499 4094 codices
2525 4040 2771 4094 incertum

1760 4134 1873 4176 est:
1896 4121 2095 4174 habent
2118 4121 2240 4190 alii,
2258 4121 2347 4173 alii
2378 4121 2669 4174 omittunt:
2690 4115 2771 4172 sed
