3025 5025
604 443 755 518 506
1398 447 1540 516 DE
1593 447 1944 516 BELLO

596 580 969 650 Dubitante
1013 579 1305 665 Caesare,
1348 593 1548 673 atque
1597 604 1832 650 eorum
1867 579 2088 650 studio
2118 533 2600 678 cupiditatique
2635 607 2742 652 re-

598 688 906 771 sistente,
946 686 1238 780 sibique,
1277 685 1660 782 eruptione²
1684 688 2006 783 pugnari,
2040 713 2178 756 non
2214 688 2481 784 placere
2520 689 2740 760 clami-

597 807 814 881 tante,
872 807 943 860 et
992 796 1193 862 etiam
1244 808 1445 887 atque
1507 797 1708 877 etiam
1769 796 1980 864 aciem
2037 809 2451 866 sustentante
2467 843 2493 884 -,
2540 799 2746 866 subito

598 899 835 969 dextro
860 923 1071 968 cornu
1090 955 1109 986 ,
1134 902 1389 994 injussu
1428 903 1708 970 Caesaris
1725 956 1744 990 ,
1771 902 2043 972 tubicen
2072 926 2113 969 a
2138 901 2455 972 militibus
2479 920 2746 974 coactus

598 1031 839 1076 canere
880 1009 1101 1101 coepit.
1120 1038 1132 1050 ‘
1150 1009 1309 1096 Quo
1357 1007 1536 1078 facto
1558 1062 1578 1095 ,
1619 1009 1703 1076 ab
1753 1011 2082 1078 universis
2123 1009 2520 1080 cohortibus
2573 1014 2752 1106 signa

596 1115 666 1180 in
710 1113 973 1183 hostem
1002 1139 1271 1210 coepere
1314 1114 1586 1200 inferri3
1627 1140 1834 1210 quum
1879 1119 2304 1186 centuriones
2341 1131 2622 1213 pectore
2651 1117 2752 1186 ad-

598 1245 797 1290 verso
850 1223 1266 1309 resisterent,
1311 1223 1512 1315 vique
1565 1224 1990 1292 continerent
2036 1222 2277 1294 milites
2299 1278 2318 1310 ,
2359 1249 2447 1292 ne
2502 1226 2750 1319 injussu

598 1329 1019 1421 imperatoris
1058 1345 1542 1398 concurrerent
1559 1384 1578 1416 ,
1616 1353 1742 1399 nec
1781 1329 2146 1424 quidquam
2187 1331 2618 1424 proficerent.

708 1437 1097 1504 LXXXIII.
1156 1435 1356 1525 Quod
1401 1452 1755 1531 postquam
1801 1439 2024 1506 Caesar
2077 1436 2431 1526 intellexit,
2473 1439 2757 1508 incitatis

602 1540 887 1611 militum
924 1543 1163 1612 animis
1198 1544 1415 1612 resisti
1454 1542 1640 1612 nullo
1673 1544 1878 1613 modo
1911 1569 2142 1638 posse,
2180 1546 2369 1639 signo
2405 1543 2758 1614 Felicitatis

604 1649 763 1717 dato
786 1647 829 1736 ¹,
860 1673 1033 1743 equo
1068 1649 1392 1735 admisso,
1418 1652 1487 1717 in
1525 1651 1788 1721 hostem
1829 1665 2067 1720 contra
2102 1652 2438 1747 principes
2469 1653 2572 1721 ire
2607 1677 2757 1721 con·

605 1755 837 1824 tendit.
884 1758 945 1824 A
991 1756 1227 1825 dextro
1286 1758 1554 1826 interim
1617 1781 1830 1826 cornu
1887 1757 2256 1828 fiinditores
2313 1760 2761 1853 sagittariique

607 1864 868 1931 concita
899 1861 1029 1931 tela
1060 1865 1128 1930 in
1162 1862 1554 1957 elephantos
1591 1865 1968 1959 frequentes
1999 1865 2322 1958 injiciunt.
2352 1866 2518 1954 Quo
2555 1867 2763 1951 facto,

608 1969 833 2038 bestiae
853 2023 873 2056 ,
916 1971 1199 2039 stridore
1226 1969 1614 2039 'fundarum
1666 1971 2094 2067 lapidumque
2117 1969 2140 1996 ²
2178 1974 2588 2067 perterritae,
2633 1997 2766 2042 sese

611 2091 1037 2164 convertere,
1076 2091 1143 2145 et
1200 2101 1354 2146 suos
1406 2093 1560 2173 post
1611 2103 1680 2148 se
1733 2075 2113 2172 frequentes
2157 2079 2576 2174 stipatosque
2615 2103 2765 2175 pro-

609 2196 827 2251 terere
843 2238 861 2271 ,
884 2199 952 2252 et
981 2186 1051 2252 in
1070 2198 1297 2278 portas
1324 2183 1481 2252 valli
1510 2185 1887 2256 semifactas
1911 2211 2106 2256 ruere
2133 2185 2570 2256 contendunt.
2601 2189 2768 2256 Item

612 2291 837 2358 Mauri
876 2292 1167 2385 equiteS,
1197 2291 1311 2385 qui
1338 2293 1408 2358 in
1440 2293 1678 2362 eodem
1709 2311 1922 2362 cornu
1956 2314 2112 2361 cum
2143 2291 2520 2388 elephantis
2551 2307 2768 2379 erant,

614 2395 923 2491 praesidio
990 2400 1267 2486 deserti,
1316 2390 1650 2495 principes
1705 2394 1987 2494 fugiunt.
2033 2401 2140 2468 Ita
2187 2398 2497 2469 celeriter
2549 2399 2770 2470 bestiis

614 2504 1011 2592 circumitis,
1047 2504 1340 2601 legiones
1384 2505 1561 2575 vallo
1605 2506 1900 2577 hostium
1943 2522 2099 2576 sunt
2133 2507 2360 2601 potitae
2388 2533 2407 2595 ;
2441 2495 2514 2578 et
2543 2508 2771 2603 paucis

616 2612 858 2680 acriter
878 2614 1408 2708 repugnantibus
1434 2614 1800 2683 interfectis
1819 2668 1839 2701 ,
1862 2608 2095 2709 reliqui
2123 2615 2438 2683 concitati
2463 2616 2535 2683 in
2557 2628 2772 2685 castra

618 2718 795 2787 unde
834 2721 1046 2813 pridie
1078 2735 1273 2789 erant
1307 2723 1593 2817 egressi,
1629 2721 2048 2816 confugiunt.

722 2828 1109 2896 LXXXIV.
1166 2828 1325 2899 Non
1366 2828 1633 2897 videtur
1675 2852 1816 2897 esse
1848 2827 2490 2922 praetermittendum
2529 2827 2618 2896 de
2647 2829 2772 2896 vir-

620 2947 761 3001 tute
815 2934 1039 3003 militis
1084 2936 1384 3003 veterani
1427 2938 1494 3005 V
1538 2933 1866 3029 legionis¹.
1923 2937 2100 3005 Nam
2141 2960 2352 3030 quum
2396 2936 2466 3002 in
2513 2936 2774 3004 sinistro

622 3064 833 3109 cornu
875 3040 1305 3135 elephantus,
1334 3041 1613 3111 vulnere
1656 3044 1857 3129 ictuS‚
1895 3054 1962 3111 et
1999 3038 2232 3111 dolore
2269 3043 2674 3129 concitatus,
2710 3042 2775 3107 in

620 3144 821 3216 lixam
861 3154 1183 3217 inermem
1228 3151 1552 3244 impetum
1590 3149 1853 3219 fecisset
1874 3202 1893 3235 ,
1921 3172 2209 3243 eumque
2253 3149 2376 3219 sub
2413 3147 2588 3242 pede
2625 3147 2774 3217 sub·

620 3253 832 3323 ditum
852 3309 871 3342 ,
913 3254 1155 3324 deinde
1216 3281 1395 3350 genu
1437 3258 1749 3343 innixus,
1811 3255 2118 3350 pondere·
2165 3280 2286 3325 suo
2304 3308 2323 3343 ,
2380 3253 2774 3349 proboscide

710 3458 762 3493 2.
819 3440 1106 3511 Emptione.
1151 3440 1350 3493 Probat
1400 3438 1656 3492 Oudend.
1749 3439 1994 3491 rietatem
2008 3456 2118 3492 non
2135 3450 2444 3511 agnoscunt.
2465 3468 2549 3481 --
2567 3439 2780 3489 Deterri-

626 3523 988 3591 conjecturam
1012 3520 1209 3573 Schelii
1242 3518 1310 3573 ad
1340 3520 1571 3592 Hygia„
1601 3540 1656 3591 p.
1753 3530 1832 3572 τω.
1873 3518 1982 3572 Alii
2007 3523 2293 3589 perterrita.
2327 3518 2472 3570 Bene
2507 3521 2776 3587 perterritoe

630 3608 736 3666 41,
781 3605 1077 3671 ιἠτφεὶοηε,
1115 3602 1241 3672 quia
1275 3600 1451 3653 Caesar
1485 3599 1596 3672 jam
1631 3618 1661 3652 e
1751 3618 1816 3652 ex
1829 3611 1968 3653 nost.
1981 3597 2140 3654 codd.
2151 3598 2366 3651 —Cum
2381 3598 2662 3669 elephantis,
2679 3609 2776 3649 etc.

626 3683 810 3735 castris
840 3683 1056 3735 exierat.
1086 3680 1164 3734 M.
1310 3694 1318 3701 ’
1747 3680 1838 3733 Sic
1869 3674 2027 3733 codd.
2059 3692 2189 3733 vett.
2219 3676 2287 3732 In
2319 3678 2434 3731 aliis
2459 3696 2568 3729 cum
2599 3676 2777 3737 deest,-

608 3798 618 3813 ,
709 3764 840 3816 Cu.
872 3760 1184 3813 LXXXIII.
1214 3778 1262 3815 1.
1288 3760 1445 3831 Signo
1480 3760 1662 3814 Feli-ci·
1749 3757 1898 3813 unde
1927 3758 2158 3813 editores
2183 3758 2416 3830 praesidio
2451 3757 2676 3810 trahunt
2713 3754 2777 3808 ad

624 3847 747 3893 tatis
776 3843 910 3895 dato.
936 3842 1214 3895 Tesseram
1242 3842 1352 3894 suis
1374 3836 1530 3894 dedit
1543 3860 1664 3895 ver·
1753 3852 1919 3902 erant,
1950 3852 2013 3892 ut
2035 3840 2300 3910 elephantis
2323 3837 2392 3891 sit
2415 3836 2647 3891 dativus.
2674 3834 2773 3889 On.

626 3924 759 3976 bum
784 3924 1035 3976 Felicitas.
1070 3924 1310 3976 Clam.
1831 3920 1966 3974 Cu.
1995 3918 2304 3973 LXXXIV.
2332 3936 2382 3971 1.
2407 3916 2611 3989 Quintoe
2638 3918 2779 3987 legio-

713 4023 764 4055 2.
814 4004 1103 4056 Fundat-um
1150 4003 1476 4075 lapidumque.
1523 4000 1662 4055 Cod.
1755 4005 1846 4053 nis.
1877 4000 2007 4053 vid.
2047 4012 2233 4053 uotam
2266 3995 2332 4051 ad
2360 4018 2476 4069 cap.
2504 3998 2778 4052 2.-Pm·

630 4086 796 4136 Dorv.
829 4096 883 4136 et
908 4082 1031 4137 edd.
1062 4095 1191 4137 vett.
1206 4083 1497 4151 fundarum,
1519 4100 1666 4134 saxo-
1757 4080 1962 4149 boscidc.
1996 4079 2173 4135 Codd.
2213 4076 2432 4151 quidam
2457 4076 2777 4149 promuscide.

632 4182 735 4217 rum
743 4164 1035 4236 plumbique.
1063 4164 1215 4218 Nost.
1232 4160 1393 4218 codd.
1414 4163 1557 4217 hanc
1573 4181 1666 4215 va·
1753 4161 1844 4215 sic
1873 4172 1929 4215 et
1965 4161 2023 4214 in
2059 4158 2216 4215 codd.
2255 4158 2439 4213 Plinii.
2475 4158 2780 4229 Utrumque
