3025 5025
749 531 886 598 DE
941 529 1288 599 BELLO
1344 530 1715 601 CIVILI.
1775 534 1967 602 LIB.
2022 535 2079 603 1.
2388 534 2483 630 87

345 672 516 728 esset
555 660 922 732 mittendus
937 715 958 749 ,
1018 676 1262 734 nactus·
1298 662 1617 734 idoneum
1668 662 1891 735 locum
1906 719 1927 754 ,
1984 664 2193 738 fossas
2242 666 2490 762 pedum

343 789 474 834 xxx
529 768 599 836 in
655 767 1075 838 latitudinem
1129 767 1553 864 complures²
1604 770 1826 842 facere
1880 773 2201 862 instituit,
2249 775 2491 869 quibus

346 887 602 964 partem
647 874 940 970 aliquam
981 874 1228 946 Sicoris
1280 892 1643 967 averteret,
1685 877 2065 974 vadumque
2118 881 2189 950 in
2230 905 2311 952 eo
2356 881 2492 950 ssu-

347 979 519 1048 mine
571 981 889 1052 efficeret.
949 983 1074 1052 His
1123 1007 1295 1077 pene
1345 982 1639 1086 effectis,
1688 1008 2007 1106 magnum
2056 987 2127 1054 in
2177 989 2492 1058 timorem

343 1084 658 1158 Afranius
705 1091 1134 1183 Petreiusque
1189 1092 1626 1184 perveniunt,
1668 1115 1753 1160 ne
1816 1095 2093 1162 omnino
2154 1091 2496 1164 frumento

341 1192 720 1290 pabuloque
741 1195 1372 1285 intercluderentur3
1395 1197 1590 1320 quod
1604 1197 1893 1268 multum
1935 1199 2161 1269 Caesar
2196 1203 2497 1295 equitatu

349 1298 626 1370 valebat.
672 1305 912 1398 Itaque
948 1304 1364 1374 constituunt
1405 1305 1532 1399 ipsi
1571 1306 1649 1376 iis
1694 1291 1900 1375 locis³
1929 1305 2283 1394 excedere,
2323 1320 2391 1376 et
2426 1308 2498 1376 in

338 1520 424 1570 per
437 1515 653 1574 pontem.
685 1502 815 1562 Vid.
843 1521 1035 1576 supra,
1063 1523 1111 1557 c.
1143 1504 1214 1569 54
1233 1541 1250 1568 ,
1281 1503 1378 1556 ubi

345 1600 473 1651 pons
487 1595 764 1636 extructus
777 1583 970 1650 fuerat,
989 1581 1056 1636 ad
1070 1580 1379 1640 distantiam

345 1679 410 1713 xx
435 1660 550 1715 mil.
576 1681 716 1735 pass.

424 1761 476 1796 α.
487 1743 674 1796 Fossas
682 1743 962 1814 complures.
975 1743 1380 1809 Quumhnsfos-

346 1839 420 1874 sas
433 1839 546 1876 non
559 1823 729 1876 fusius
741 1822 1022 1895 descripsit
1034 1823 1222 1900 Caesar,
1243 1822 1380 1876 scitu

346 1899 562 1955 difficile
605 1915 715 1969 est,
747 1923 814 1955 an
848 1904 1067 1969 multae,
1099 1922 1166 1955 an
1197 1919 1380 1975 pauore

343 1982 670 2048 exstiterint,
718 2002 786 2035 an
827 1981 896 2035 ad
927 1981 1146 2053 aliquod
1180 1981 1380 2034 flumen

1467 1503 1629 1557 undis
1658 1507 1993 1558 submersum
2020 1505 2260 1569 vidisset,
2307 1507 2388 1560 ira
2420 1526 2501 1561 ac-

1466 1603 1682 1648 census,
1722 1585 1923 1640 flumen
1957 1585 2013 1638 in
2048 1597 2311 1639 trecentos
2352 1606 2498 1640 sexa-

1463 1665 1611 1735 ginta
1632 1665 1777 1718 rivos
1802 1663 2030 1718 diduxit.
2056 1665 2315 1721 Herodot.
2331 1704 2349 1732 ‚
2378 1667 2416 1719 l.
2448 1685 2500 1734 1,

1465 1745 1649 1798 Senee.
1669 1781 1688 1810 ,
1710 1745 1773 1797 de
1795 1746 1904 1808 lm,
1935 1746 2029 1799 lib.
2057 1763 2156 1813 111,
2180 1765 2227 1800 c.
2262 1765 2353 1800 ιιι.
2380 1745 2500 1801 Hoc

1467 1837 1643 1878 autem
1661 1826 1880 1879 Caesaris
1902 1837 2213 1897 stratagema
2226 1845 2500 1880 commen-

1466 1902 1561 1956 dat
1582 1905 1801 1976 Veget.,
1827 1905 1864 1958 l.
1886 1907 1996 1970 III,
2024 1925 2069 1958 c.
2098 1925 2153 1976 7,
2179 1907 2265 1959 his
2288 1907 2499 1961 verbis:

1471 1984 1634 2053 Quum
1658 1985 1808 2035 altior·
1822 1985 2009 2056 fluctus
2038 2005 2124 2036 nec
2154 1990 2381 2058 equitem,
2416 2005 2503 2039 nec

346 2061 699 2126 tetenderint,
735 2061 884 2133 quod
922 2061 1140 2133 quidem
1183 2063 1380 2132 proba-
1459 2065 1671 2133 peditem
1702 2066 1924 2134 patitur,
1980 2068 2025 2116 .ςὶ
2068 2083 2163 2137 per
2199 2065 2359 2136 plana
2416 2066 2503 2118 de-

345 2141 449 2194 hile
493 2155 590 2195 est.
634 2141 918 2196 Guisclzard
943 2137 963 2204 (
990 2139 1141 2194 Mem·
1185 2146 1290 2195 crit.
1333 2153 1385 2193 et

1467 2155 1653 2210 currat,
1691 2144 1849 2195 ductis
1896 2145 2211 2212 multffariam
2256 2147 2506 2216 spargitur

348 2221 454 2275 hist.
469 2242 556 2274 sur
559 2222 802 2292 plusieurs
809 2226 976 2293 points
989 2221 1201 2294 d’antiq.
1219 2222 1380 2288 milit„
1455 2224 1609 2290 fossis
1629 2261 1645 2288 ,
1676 2224 1945 2295 divisusque
1958 2225 2113 2291 facile
2140 2229 2387 2278 transitur.
2421 2255 2504 2270 ο·-

353 2312 389 2354 t.
423 2319 496 2367 11,
525 2298 578 2364 S.
620 2297 741 2365 5.),
765 2301 924 2356 finxit
947 2319 1038 2355 sex
1065 2302 1255 2367 fossas,
1277 2319 1381 2354 xxx

347 2380 467 2452 ped.
515 2381 574 2434 in
619 2379 961 2434 latitudinem
1014 2380 1244 2434 directas
1264 2419 1283 2447 ,
1328 2394 1383 2434 et

347 2461 464 2532 pari
502 2461 786 2515 intervallo
823 2461 965 2515 inter
1007 2479 1063 2515 se
1101 2459 1382 2528 distantes,

351 2560 578 2613 quarum
609 2540 810 2607 undas,
841 2543 986 2595 lacus
1019 2542 1191 2595 forma
1221 2554 1382 2595 tetra-

351 2637 544 2692 gonus,
586 2635 640 2675 et
675 2634 794 2675 arte
837 2618 1056 2675 effossus
1091 2621 1384 2693 reciperet,

352 2702 522 2768 unde,
543 2722 644 2774 per
663 2703 900 2755 canalem
923 2720 1011 2755 sex
1033 2701 1186 2755 fossis
1211 2702 1384 2753 multo

351 2782 594 2838 latiorem
636 2783 955 2835 transmissae
993 2780 1061 2833 ad
1101 2780 1386 2835 fluviolum

354 2860 702 2915 decurrerent
718 2900 734 2927 ,
767 2861 972 2915 dictum
1003 2862 1083 2913 La
1120 2862 1354 2931 Noguera
1366 2899 1383 2927 ,

354 2942 445 3013 qui
475 2960 591 2995 sese
613 2942 674 2993 in
691 2942 945 3006 Sicorim,
958 2960 998 2994 >v
1015 2941 1149 2994 mill.
1173 2941 1386 2993 circiter

353 3040 490 3093 pass.
529 3022 722 3096 procul
763 3024 829 3074 ab
869 3019 1073 3085 Ilerda,
1115 3032 1382 3074 exonerat.

355 3102 478 3155 Non
495 3102 636 3155 male
652 3114 820 3167 certe,
838 3100 933 3154 sed
949 3102 1150 3173 majore
1168 3100 1384 3171 ingenio

357 3193 408 3233 et
421 3180 650 3235 artificio
668 3200 830 3253 quam
848 3200 933 3234 res
949 3191 1214 3252 posceret,
1239 3179 1394 3233 Gais-

359 3262 511 3313 ehard
522 3262 730 3315 invenit
746 3278 760 3313 ε
777 3278 945 3333 quum
961 3278 1060 3313 nec
1074 3260 1270 3325 lacum,
1287 3278 1389 3313 nec

359 3343 594 3395 canalem
626 3340 829 3413 fingere
865 3355 1077 3396 necesse
1113 3333 1388 3405 2videatur,

363 3420 449 3475 sed
478 3434 588 3475 tres
620 3433 830 3474 tantum
856 3421 944 3474 vel
979 3420 1160 3492 plures
1193 3420 1356 3473 fossas
1372 3458 1388 3487 ,

362 3518 458 3555 nec
487 3502 603 3554 illas
626 3499 846 3572 quidem
875 3498 1130 3565 directae,
1161 3499 1254 3553 sed
1277 3500 1389 3551 val·

362 3582 491 3633 lium
509 3580 736 3634 flexibus
759 3578 1181 3633 accommodatas
1201 3592 1254 3633 et
1277 3590 1393 3633 ten-

364 3660 546 3715 dentes
567 3660 637 3713 ad
654 3660 934 3713 fluviolum
955 3660 1203 3730 aliquem,
1223 3658 1394 3712 Sicori

310 3758 315 3767 '
365 3742 504 3794 infra
543 3739 780 3794 Ilerdam
813 3739 1190 3793 confluentem.
1224 3740 1394 3793 Caete·

365 3840 514 3886 rum,
541 3819 690 3893 quod
727 3821 902 3875 Coesar
936 3820 1042 3873 hoc
1069 3820 1218 3886 loce,
1245 3834 1395 3873 com·

365 3902 550 3973 pendii
577 3918 762 3966 causa,
790 3900 941 3966 facit,
971 3900 1028 3952 in
1060 3897 1396 3952 extenuando

368 3981 555 4048 Sicori,
571 3980 720 4034 idem
745 3980 874 4032 fecit
887 3974 952 4043 (si
975 3978 1240 4032 Herodoti
1257 3988 1400 4033 coma

1468 2304 1531 2356 In
1562 2303 1879 2356 latitudinem.
1908 2304 1989 2356 Ita
2014 2304 2209 2374 optimi
2236 2303 2425 2371 codd.,
2449 2317 2505 2358 et

1467 2383 1640 2436 nostri
1670 2383 1785 2434 RR.
1818 2382 1991 2448 MSS,
2017 2385 2081 2435 R.
2107 2385 2292 2454 Angl.,
2326 2387 2516 2450 Voss„

1469 2475 1523 2516 et
1560 2461 1713 2517 editt.
1756 2463 1946 2535 prisc„
1988 2467 2040 2515 in
2074 2464 2391 2517 altitudinem.
2436 2465 2509 2517 At

1467 2556 1663 2619 praeter
1702 2542 2076 2595 difficultatem
2120 2544 2256 2596 tanti
2294 2544 2473 2615 operis
2487 2583 2510 2611 ‚

1469 2623 1743 2674 latitudinis
1756 2622 2069 2694 priusquam
2086 2623 2357 2676 altitudinis
2368 2622 2508 2676 ratio

1471 2699 1718 2755 habenda
1771 2714 1881 2767 est,
1931 2720 2101 2773 quum
2156 2700 2225 2755 de
2280 2701 2507 2755 flumine

1470 2780 1761 2835 avertendo
1792 2780 1981 2853 agitur.
2016 2782 2163 2835 Bene
2192 2782 2357 2853 igitur
2390 2782 2506 2835 On-

1470 2859 1633 2915 dend.
1668 2861 1919 2915 restituit.
1944 2894 2027 2903 —
2056 2862 2257 2913 Partem
2296 2863 2508 2935 aliquam

1469 2942 1670 2995 Sicoris.
1700 2941 1962 2995 Nonnulli
1990 2953 2135 3013 parte
2174 2944 2341 3014 aliqua
2378 2942 2513 2995 Sico-

1472 3026 1579 3074 rim.
1597 3022 1817 3075 Praestat
1832 3032 2014 3075 nostra
2033 3022 2209 3076 lectio.
2226 3020 2357 3076 vid.
2373 3022 2505 3076 Luc.

1471 3102 1656 3155 Phars.
1644 3137 1685 3167 .,
1712 3101 1751 3155 l.
1782 3120 1867 3169 ιν,
1902 3103 2039 3156 138:

1937 3188 2071 3228 .nrlv
2048 3188 2338 3243 viiqueefroci

1473 3251 1655 3291 lueet-en
1654 3252 1907 3349 ἔιιιιίιιιοιιι,
1884 3217 2091 3305 Πιιιιοιιιι
2078 3252 2211 3292 imisr
2188 3251 2449 3305 rboornrips

1472 3312 1636 3364 Imposu
1689 3312 1869 3351 zemdim
1852 3325 1970 3365 spon
1946 3312 2173 3351 neitmtlste
2174 3312 2325 3354 uditin
2344 3324 2473 3364 agros.

1473 3375 1533 3414 Ac
1580 3322 1691 3425 οςιιιι
1650 3372 1717 3411 uid
1741 3372 1807 3413 sic
1810 3374 1887 3413 oris
1902 3388 1995 3427 repe
1974 3374 2080 3413 οιίιίο
2095 3374 2278 3413 ιιᾶειιιιι
2280 3374 2368 3412 nida

1473 3434 1553 3490 spa
1555 3436 1738 3489 τςίιιῖιίιι
1758 3434 1867 3476 euml
2006 3436 2107 3476 cion
2123 3448 2197 3488 gur
2197 3436 2300 3487 gite,
2316 3435 2411 3474 rivio

1475 3498 1557 3538 Dat
1574 3510 1711 3551 poenn
1727 3450 1887 3551 ιιῖιῇοιίζ
1899 3444 2024 3550 aqna:-

1564 3580 1615 3633 3.
1648 3580 1753 3649 Ipsi
1779 3580 1911 3632 Ιοσιζι.
1956 3578 2186 3649 Vulgata
2222 3581 2335 3648 ipsis
2370 3578 2515 3642 loc-1⁹55

1479 3660 1730 3716 Ciaccon.
1748 3694 1763 3717 ‚
1796 3675 1863 3712 ex
1893 3660 2199 3729 conjectura
2214 3695 2230 3722 ,
2268 3661 2329 3709 iis
2366 3657 2511 3721 locis,

1482 3736 1632 3811 quod
1654 3737 1845 3791 eodem
1868 3736 2027 3795 redit.
2056 3732 2229 3791 Codd.
2254 3754 2439 3790 omnes
2462 3748 2517 3792 et

1481 3817 1639 3885 edd„
1677 3821 1772 3889 qm·
1809 3818 1948 3879 locis,
1994 3814 2140 3887 quod
2178 3818 2423 3889 ineptum
2464 3826 2519 3876 et

1481 3896 1798 3971 languidum
1836 3896 2055 3951 Clarkio
2096 3896 2311 3951 videtur
2349 3916 2363 3951 z
2394 3916 2521 3969 per·

1483 3993 1698 4051 peram,
1728 3994 1853 4029 nam
1875 3978 2125 4049 frequens
2151 3980 2209 4031 in
2230 3972 2439 4032 Caesare
2465 3988 2521 4031 et

363 4062 557 4115 mentis
571 4059 708 4115 fides
721 4058 1256 4132 adhiheatur)·Cyrus
1272 4096 1289 4126 ,
1306 4076 1401 4111 rex
1486 4058 1647 4111 Livio
1672 4056 1771 4111 ista
1795 4058 2038 4112 locutio:
2064 4062 2157 4129 ipsi
2178 4062 2413 4112 exercitus
2438 4058 2526 4110 dt.

364 4142 674 4207 Persarum,
699 4138 770 4194 de
791 4138 988 4213 Gynde
1010 4140 1193 4193 fluvio.
1219 4141 1404 4207 Quum
1489 4142 1717 4203 mirmur,-
1748 4140 1846 4210 ipse
1887 4138 2142 4193 damittam.
2174 4136 2317 4193 Vide
2346 4138 2518 4191 Gron.

367 4221 508 4276 enim
533 4236 738 4294 equum
759 4220 862 4275 sibi
885 4220 1216 4276 carissimum
1236 4220 1400 4292 ipsius

1489 4218 2151 4367 ιιι11..ἱι’.1ὶ1ι.·τ,ι>.4ἓ.4
