3025 5025
620 504 768 574 228
907 503 984 572 C.
1041 503 1329 571 JULII
1387 499 1861 570 CAESARIS
1916 493 2473 568 COMMENT.

613 635 1086 704 remittendum
1133 633 1380 727 aliquid
1421 646 1862 728 putaverunt3
1911 630 2056 718 sed,
2110 629 2473 699 tractandis
2526 602 2761 698 condi-

613 743 902 811 tionibus
959 757 1026 810 et
1082 738 1498 809 simulatione
1543 737 1895 808 deditionis
1931 751 2233 806 extracto
2276 738 2498 832 primo
2550 737 2764 805 noctis

611 863 913 968 ternpore
935 901 953 936 ,
994 847 1511 942 gubernatorem
1546 847 1615 912 in
1650 859 2171 913 terramnavem
2198 843 2437 936 ejicere
2476 856 2765 936 cog-unt,

611 955 775 1049 ipsi,
826 954 1140 1022 idoneum
1184 952 1406 1022 locum
1463 952 1685 1039 nacti,
1728 949 2049 1070 reliquam
2100 951 2315 1018 noctis
2374 965 2638 1044 partem
2678 948 2768 1015 ibi

610 1060 1083 1147 confecerunt,
1139 1074 1208 1128 et
1262 1057 1410 1128 luce
1476 1059 1731 1152 prima,
1792 1058 2006 1126 missis
2054 1055 2141 1124 ad
2188 1080 2301 1124 eos
2355 1055 2441 1123 ab
2480 1051 2763 1124 Otacilio

611 1166 974 1261 equitibus,
1025 1167 1138 1259 qui
1193 1189 1340 1234 eam
1385 1178 1645 1260 partem
1673 1187 1823 1231 orae
1881 1163 2227 1232 maritimae
2282 1146 2743 1232 asservabant⁵
2748 1215 2771 1248 ,

609 1274 874 1342 circiter
917 1275 1080 1358 CD,
1111 1273 1382 1367 quique
1422 1295 1535 1340 eos
1580 1271 1819 1338 armati
1858 1293 1940 1338 ex
1983 1268 2289 1363 praesidio
2326 1270 2538 1337 secuti
2582 1282 2765 1354 sunt,

607 1403 679 1446 se
707 1377 1149 1449 defenderunt
1169 1432 1188 1465 ,
1221 1392 1290 1446 et
1322 1374 1661 1448 nonnullis
1692 1400 1927 1446 eorum
1964 1375 2359 1459 interfectis,
2400 1373 2763 1443 incolumes

609 1509 680 1553 se
716 1484 802 1552 ad
845 1498 1114 1553 nostros
1150 1497 1570 1578 receperunt.

609 1645 614 1651 .
713 1593 975 1660 XXIX.
1025 1592 1183 1679 Quo
1214 1590 1392 1660 facto
1415 1643 1437 1679 ,
1465 1603 1835 1660 conventus
1856 1588 2105 1658 civium
2128 1589 2626 1676 Romanorum,
2656 1590 2765 1682 qui

605 1697 868 1766 Lissum
910 1697 1303 1784 obtinebant
1317 1750 1336 1784 ,
1380 1695 1561 1790 quod
1596 1694 1919 1791 oppidum
1956 1696 2033 1763 iis
2076 1709 2271 1774 antea
2314 1698 2539 1765 Caesar
2582 1696 2763 1763 attri-

605 1803 844 1872 buerat
869 1855 887 1888 ‚
934 1803 1504 1897 muniendumque
1547 1816 1921 1871 curaverat
1949 1855 1968 1889 ,
2034 1802 2399 1870 Antonium
2460 1802 2715 1896 recepit
2739 1851 2763 1886 ,

602 1909 1050 2004 omnibusque
1081 1909 1280 1977 rebus
1309 1908 1506 2002 juvit.
1546 1907 1905 1995 Otacilius,
1932 1909 2056 1977 sibi
2082 1910 2355 1995 timenS,
2386 1907 2636 2002 oppido
2666 1907 2762 1975 fu·

605 2017 704 2108 git
717 2068 736 2102 ,
755 2030 822 2085 et
841 2016 923 2085 ad
943 2017 1336 2109 Pompeium
1356 2016 1683 2110 pervenit.
1706 2016 2045 2110 Expositis
2062 2014 2373 2082 omnihus
2389 2013 2626 2108 copiis¹
2640 2016 2762 2082 An-

605 2123 828 2190 tonius
844 2175 865 2209 ,
885 2146 1168 2215 quarum
1201 2135 1348 2190 erat
1375 2147 1636 2192 summa
1660 2135 2125 2190 veteranarum
2153 2122 2356 2189 trium
2383 2119 2721 2215 leg-ionum
2742 2175 2759 2209 ,

608 2228 937 2321 uniusque
966 2229 1289 2316 tironum,
1327 2243 1399 2296 et
1435 2230 1732 2321 equitum
1762 2228 2011 2298 DCCC
2029 2282 2049 2316 ,
2085 2226 2432 2322 plerasque
2467 2251 2673 2296 naves
2698 2229 2763 2296 in

608 2332 872 2402 Italiam
903 2335 1180 2403 remittit
1205 2334 1290 2402 ad
1319 2333 1607 2429 reliquos
1639 2333 1879 2404 milites
1904 2335 2287 2429 equitesque
2316 2349 2765 2428 transportan-

611 2439 768 2509 dos:
812 2438 1199 2536 pontones²,
1235 2441 1416 2535 quod
1453 2456 1555 2513 est
1580 2460 1789 2537 genus
1819 2442 2093 2511 navium
2124 2439 2529 2511 Gallicarum
2550 2494 2568 2530 ,
2598 2441 2760 2511 Lissi

611 2545 954 2642 relinquit,
977 2548 1108 2618 hoc
1131 2546 1406 2619 consilio
1421 2602 1441 2637 ,
1457 2565 1536 2619 ut
1559 2551 1615 2621 si
1638 2549 1812 2622 forte
1830 2549 2184 2645 Pompeius
2198 2603 2217 2638 ,
2242 2572 2527 2619 vacuam
2558 2550 2764 2619 existi-

437 2201 466 2234 0

1817 2750 1949 2805 CAP.
1972 2751 2177 2804 XXIX.
2206 2768 2253 2802 1.
2275 2751 2531 2821 Eupo-titis
2550 2751 2758 2803 omnibus

615 2748 816 2810 bebant,
852 2748 940 2800 sed
975 2753 1120 2800 etz'am
1153 2754 1404 2811 timorem‚·
1432 2754 1647 2822 quamvis

619 2832 830 2880 timorem
856 2829 1028 2880 habere
1060 2832 1110 2880 in
1147 2830 1312 2901 aliquo
1345 2848 1550 2882 novum
1581 2829 1650 2884 sit

620 2921 780 2979 atque
802 2906 1124 2960 inauditum.
1151 2909 1289 2961 Item
1313 2909 1502 2962 Florus
1520 2950 1537 2978 ,
1552 2910 1648 2965 lib.

618 3005 716 3053 ιιι,
737 3006 784 3040 c.
807 3006 835 3039 2
849 3006 872 3041 1
891 3026 908 3054 ,
926 2988 1076 3039 oculis
1089 3026 1104 3049 ‚
1134 2989 1350 3040 manibus
1360 3027 1378 3051 „
1411 2990 1650 3041 cruribus-

620 3088 712 3139 que
731 3067 947 3133 defossis.
967 3069 1037 3119 At
1059 3081 1322 3121 eruuntur
1347 3070 1515 3136 oculi,
1537 3089 1649 3123 non

621 3144 999 3212 defodiuntur3
1014 3165 1176 3217 quam
1187 3150 1258 3201 ob
1274 3167 1486 3201 causam
1502 3150 1650 3202 hunc

617 3226 800 3280 locum
837 3224 1022 3279 mendi
1063 3242 1367 3299 suspectum
1413 3230 1649 3283 habuere

621 3306 834 3379 Lipsius
843 3344 860 3371 ,
876 3306 1226 3373 Freinshem.,
1241 3322 1293 3361 et
1307 3308 1395 3361 alii
1413 3327 1428 3362 :
1443 3308 1537 3361 sed
1554 3309 1653 3361 im·

623 3385 843 3452 merito,
869 3398 932 3439 ut
970 3385 1204 3439 ostendit
1235 3388 1322 3442 vir
1357 3386 1647 3442 doctissim.

624 3467 676 3518 J.
711 3466 779 3518 G.
818 3466 1078 3519 Graevius.
1118 3468 1200 3519 De
1239 3468 1340 3525 hac
1377 3468 1651 3521 locutione

625 3544 751 3599 vide
775 3544 1019 3599 doctrina
1047 3546 1430 3599 nobilissimam
1447 3560 1653 3601 nostra-

1734 2835 1901 2903 copiis.
1932 2830 2063 2883 'Haec
2098 2843 2176 2883 est
2202 2828 2505 2883 emendatio
2538 2830 2723 2883 Faerni
2739 2868 2757 2894 ,

1735 2926 1897 2982 quum
1942 2911 2116 2964 critici
2162 2922 2495 2982 receperunt.
2538 2908 2756 2963 Codices

1735 3009 1919 3044 omnes
1930 3030 1946 3056 ,
1964 3012 2024 3045 ex
2040 2990 2255 3043 omnibus
2274 2992 2445 3060 copiis,
2469 3008 2627 3043 sensu
2649 2990 2757 3043 nu}-

1734 3070 1807 3124 lo.
1844 3069 2005 3124 Unde
2044 3069 2397 3141 Oudendorp.
2440 3068 2646 3141 aliquid
2673 3070 2755 3122 hie

1732 3148 1917 3205 deesse
1954 3151 2188 3223 conjicit.
2235 3150 2293 3204 Si
2335 3147 2468 3221 quid
2507 3151 2613 3203 hoc
2641 3152 2753 3203 100⁰

1737 3228 1901 3297 desit,
1922 3250 2047 3284 sane
2070 3230 2173 3283 erit
2202 3248 2325 3301 pars
2351 3230 2499 3281 vocis
2524 3231 2753 3302 integi-w,

1736 3310 1847 3364 scil.
1864 3315 2063 3381 positis,
2084 3329 2204 3381 quse
2224 3311 2363 3364 forte
2380 3309 2589 3363 incuria
2603 3311 2751 3364 libra-

1736 3390 1941 3443 riorum
1972 3390 2171 3444 excidit
2186 3410 2219 3443 e
2242 3402 2513 3443 contextu.

1736 3492 1743 3499 ·
1822 3490 1873 3523 2.
1904 3472 2167 3523 Pontones.
2200 3470 2452 3523 Meminit
2487 3468 2749 3536 Isidorus,

1735 3549 1830 3603 lib.
1848 3568 2016 3617 xvm,
2034 3571 2080 3604 c.
2110 3570 2133 3603 1
2161 3569 2175 3603 ε
2203 3552 2497 3603 Pontom'um
2517 3554 2751 3620 navigium

624 3638 736 3679 tem
766 3638 1091 3690 matronam,
1110 3626 1313 3690 Dacier,
1340 3625 1410 3679 ad
1433 3627 1653 3699 Dictym
1722 3631 1982 3701 fluminale
2010 3631 2198 3682 tardum
2228 3642 2279 3682 et
2302 3648 2475 3699 grave,
2508 3632 2643 3703 quod
2664 3648 2750 3680 mn

629 3704 1014 3771 Cretensem,l.
1038 3724 1085 3764 ι,
1106 3724 1152 3757 c.
1177 3706 1495 3777 9.—-Neque.
1510 3707 1651 3760 Vul-

624 3799 744 3856 gata
788 3804 900 3838 non.
944 3785 1015 3837 At
1053 3790 1202 3857 ne'que
1233 3798 1479 3856 praestat3
1504 3786 1649 3841 idem

623 3864 888 3936 significat
911 3877 1069 3936 atque
1094 3884 1154 3915 ne
1179 3866 1385 3937 quidem.

709 3944 764 3997 5.
793 3944 1140 3997 Asservabant.
1179 3944 1314 3998 cod.
1362 3958 1545 4000 noster
1580 3948 1646 4001 R.

629 4023 803 4093 5768,
821 4035 880 4075 et
899 4024 990 4075 alii
1010 4024 1297 4094 permulti.
1317 4026 1454 4077 obser
1443 4027 1644 4085 vehant

621 4182 792 4241 multa
821 4184 980 4253 hujus
1006 4183 1154 4239 vocis
1177 4185 1418 4254 exempla
1441 4186 1643 4241 retulit.

1736 3713 1835 3761 nisi
1880 3713 2079 3780 remigio
2124 3710 2359 3781 progredi
2398 3720 2576 3781 potest.
2619 3706 2749 3762 Vide

1711 3804 1951 3861 ‘quoque
1973 3792 2042 3843 A.
2064 3790 2204 3843 Gen.
2236 3790 2273 3842 1.
2302 3810 2361 3857 x,
2396 3808 2445 3843 c.
2488 3790 2559 3843 25
2583 3808 2598 3842 ε
2622 3788 2747 3843 Sunt

1736 3887 1951 3940 quoque
1978 3888 2139 3923 naves
2180 3868 2506 3941 trajiciendis
2532 3870 2679 3941 equis
2700 3879 2748 3920 et

1734 3950 1993 4003 vehiculis
2008 3949 2214 4003 idoneae
2229 3968 2243 4003 :
2260 3948 2425 4021 hodie
2444 3968 2531 4022 ap.
2546 3962 2745 4002 nostros

1708 4044 1713 4051 ·
1735 4026 1993 4083 dicuntur
2011 4042 2236 4100 pontons.
2246 4030 2590 4102 —Relinquit.
2617 4026 2744 4091 Alii,

1735 4110 1945 4181 reliq-uit.
1983 4110 2203 4163 Praestat
2230 4110 2461 4179 relinquit
2468 4130 2490 4173 ,·
2521 4128 2643 4162 nam
2668 4124 2744 4158 res

1735 4189 2002 4258 praeterita
2036 4190 2203 4247 veluti
2234 4207 2467 4262 praem
2492 4198 2741 4245 narratur.
