3025 5025
639 524 786 612 548
1432 530 1571 607 DE
1636 530 1975 597 BELLo

633 657 785 727 culo
814 659 958 752 quis
1001 656 1399 727 incenderet.
1447 649 1631 727 Itan
1657 658 1951 727 facturus
1986 656 2068 725 de
2104 644 2345 753 ligno⁶,
2377 683 2584 752 quum
2610 682 2769 752 pro-

633 766 780 857 pius
821 766 1235 850 accessisset,
1287 765 1372 832 ab
1425 764 1769 859 oppidanis
1812 780 1912 833 est
1952 766 2227 833 occisus.
2274 764 2524 832 Eadem
2567 780 2769 833 nocte

629 870 973 964 transfuga
996 872 1356 958 nuntiavit,
1375 872 1765 964 Pompeium
1784 886 1851 939 et
1869 871 2239 939 Labienum
2258 870 2341 939 de
2353 869 2769 965 jugulatione

625 975 1110 1069 oppidanorum
1152 976 1525 1070 indignatos
1563 988 1756 1045 esse.⁴

735 1085 927 1151 XIX.
983 1081 1226 1177 vigilia
1271 1082 1562 1151 secunda
1606 1097 1881 1177 propter
1946 1080 2435 1151 multitudinem
2479 1080 2767 1151 telorum

626 1190 825 1257 turris
870 1187 1084 1281 lignea
1113 1241 1133 1275 ,
1157 1203 1328 1282 'quae
1382 1202 1611 1257 nostra
1657 1188 1919 1275 fuisset,
1977 1188 2063 1255 ab
2112 1188 2246 1256 imo
2290 1188 2525 1255 vitium
2568 1188 2723 1257 fecit
2744 1243 2766 1275 ,

623 1318 830 1388 usque
858 1293 942 1361 ad
971 1292 1339 1361 tabulatum
1368 1292 1735 1363 secundum
1765 1307 1834 1362 et
1857 1294 2144 1362 tertium.
2174 1292 2429 1363 Eodem
2461 1307 2765 1387 tempore

621 1425 745 1493 pro
769 1406 780 1435 ”
801 1424 996 1469 muro
1044 1414 1414 1495 pugnatum
1465 1401 1787 1469 acerrime
1818 1453 1837 1485 ,
1886 1415 1955 1469 et
1996 1402 2233 1469 turrim
2296 1414 2589 1467 nostram
2615 1454 2637 1486 ,
2686 1416 2767 1468 ut

622 1508 1030 1599 superiorem
1051 1504 1096 1593 ¹,
1130 1506 1595 1595 incenderunt,
1622 1504 1870 1574 idcirco
1888 1559 1907 1591 ,
1930 1505 2113 1599 quod
2140 1519 2413 1573 ventum
2444 1506 2764 1599 oppidani

621 1611 986 1680 secundum
1003 1612 1399 1680 habuerunt.
1420 1613 1803 1705 Insequenti
1821 1610 1967 1680 luce
1981 1610 2473 1680 materfamilias
2495 1612 2579 1679 de
2602 1638 2761 1681 mu-

619 1742 696 1785 ro
721 1742 789 1785 se
817 1717 1169 1811 dejecit,et
1197 1718 1283 1786 ad
1305 1743 1426 1787 nos
1455 1716 1790 1800 transiliit,
1810 1717 2135 1812 dixitque,
2159 1742 2227 1785 se
2264 1742 2419 1786 cum
2451 1716 2700 1786 familia
2716 1718 2763 1806 ²,

617 1824 1051 1892 constitutum
1080 1822 1420 1906 habuisse,
1449 1838 1525 1891 ut
1554 1848 1686 1891 una
1719 1822 2212 1919 transfugerent
2245 1823 2331 1891 ad
2370 1825 2702 1893 Caesarem
2738 1852 2761 1913 3

587 1920 798 1997 ‘illam
835 1953 1222 2024 oppressam
1263 1938 1329 1996 et
1359 1928 1750 2023 jugulatam.
1785 1933 1934 1997 Hoc
1971 1944 2289 2023 praeterea
2326 1943 2629 2024 tempore
2658 1945 2760 1999 ta-

616 2032 802 2103 hellae
825 2034 912 2103 de
941 2060 1136 2103 muro
1165 2050 1319 2102 sunt
1349 2034 1653 2127 dejectae,
1682 2037 1750 2102 in
1777 2035 2014 2128 quibus
2052 2036 2370 2127 scriptum
2396 2048 2499 2103 est
2524 2037 2761 2105 inven-

617 2154 806 2208 tum’:
853 2170 886 2204 «
919 2142 996 2209 L.
1039 2129 1357 2209 Minatius
1377 2126 1398 2164 ³
1446 2142 1710 2209 Caesari.
1738 2143 1805 2209 Si
1844 2140 2009 2208 mihi
2044 2142 2249 2209 vitam
2290 2139 2573 2229 tribueS,
2596 2167 2759 2237 quo-

616 2246 794 2314 niam
824 2246 910 2314 ab
947 2249 1075 2315 Cn.
1120 2248 1437 2339 Pompeio
1473 2272 1620 2315 sum
1664 2246 1999 2333 desertus,
2030 2244 2288 2340 qualem
2333 2271 2440 2313 me
2468 2245 2560 2315 illi
2586 2273 2759 2341 prae-

615 2353 781 2435 stiti,
797 2350 912 2420 tali
929 2353 1176 2419 virtute
1200 2365 1269 2420 et
1287 2354 1659 2421 constantia
1686 2352 1983 2421 futurum
2014 2376 2119 2419 me
2146 2353 2216 2418 in
2239 2366 2303 2419 te
2327 2354 2675 2446 praestabo.
2712 2386 2751 2420 ι)

615 2458 870 2528 Eodem
914 2472 1214 2552 tempore
1248 2458 1737 2553 oppidanorum
1776 2456 2011 2553 legati,
2040 2459 2153 2552 qui
2192 2470 2387 2527 antea
2426 2460 2756 2550 exierant,

699 2663 751 2713 6.
764 2659 846 2712 Ita
855 2651 904 2676 *⁴
915 2661 1141 2726 facturus
1153 2658 1213 2710 de
1227 2659 1377 2727 ligno.
1401 2659 1506 2709 Res
1520 2658 1639 2728 qui·

616 2738 740 2791 dem
772 2751 1061 2808 utcumque
1083 2749 1257 2808 potest
1279 2736 1529 2807 intelligi,
1543 2737 1640 2788 ali·

613 2836 773 2889 quem
812 2819 884 2870 ita
921 2818 1091 2869 facere
1105 2855 1122 2881 ,
1158 2816 1263 2868 hoc
1293 2828 1370 2868 est
1408 2816 1638 2886 lig-neam

616 2910 817 2952 turrem
845 2893 1130 2950 incendere
1154 2895 1408 2960 voluisse3
1423 2893 1518 2947 sed
1539 2913 1639 2948 nec

614 2978 824 3046 vulgata
843 2977 1000 3028 lectio
1028 2975 1193 3026 latina
1206 3011 1224 3039 ,
1246 2993 1347 3026 nec
1376 2975 1638 3044 scriptura

614 3055 794 3120 codd„
812 3060 882 3106 ita
900 3057 1024 3122 sune
1058 3074 1194 3106 crure
1230 3054 1290 3106 de
1324 3054 1481 3122 ligno,
1513 3071 1639 3106 sana

616 3148 709 3188 est.
731 3135 808 3186 M.
842 3135 1018 3186 Davis.
1050 3133 1269 3204 conjicit
1287 3150 1301 3184 ε
1321 3136 1395 3183 ita
1405 3135 1638 3200 facturus

615 3219 740 3266 turri
752 3215 924 3282 ligneoe
937 3233 1078 3284 quum
1086 3214 1286 3283 propius
1299 3232 1472 3264 acoess.
1488 3213 1634 3281 Lips.

613 3291 823 3346 delebat
849 3293 909 3344 de
939 3293 1089 3361 ligno.
1123 3291 1240 3344 Hoc
1273 3291 1406 3343 mihi
1444 3292 1633 3362 placet.

615 3372 718 3425 On.
738 3371 922 3424 Nostri
945 3390 1158 3442 quoque
1185 3369 1342 3422 codd.
1371 3383 1424 3422 et
1453 3359 1635 3422 Thua-

614 3452 701 3504 nei
729 3452 956 3516 habent,
977 3454 1046 3500 ica
1058 3451 1181 3517 sune
1207 3469 1342 3501 crure
1371 3451 1432 3501 de
1467 3449 1631 3518 ligno,

611 3549 711 3602 pro
749 3550 855 3602 quo
891 3531 1018 3601 legit
1059 3528 1344 3582 Goduinus
1383 3529 1598 3597 deligato
1612 3551 1633 3592 ;

609 3611 766 3681 quia,
793 3629 861 3664 ne
885 3609 941 3660 in
974 3609 1161 3661 urbem
1197 3605 1429 3678 fugeret,
1463 3607 1633 3661 Caesa-

575 3731 581 3736 .
609 3691 743 3742 r'iani
767 3707 888 3741 crus
906 3691 1018 3757 ejus
1035 3689 1330 3740 vinxerant.

690 3770 819 3821 Car.
837 3767 984 3820 XIX.
999 3787 1020 3820 1
1035 3769 1125 3820 ,Ut
1136 3771 1437 3838 superiorem.
1454 3769 1560 3832 An,
1572 3780 1633 3818 ut

609 3867 726 3900 eam
743 3887 758 3915 ,
781 3847 849 3900 de
879 3866 982 3918 qua
1011 3859 1131 3900 ante
1161 3844 1366 3899 dictum
1390 3845 1506 3899 est?
1529 3845 1633 3898 Sed

610 3947 670 3980 ea
699 3947 810 3979 non
837 3928 1052 3980 'incensa
1084 3938 1177 3979 est.
1199 3927 1322 3992 Quo
1353 3944 1509 3978 sensu
1540 3926 1634 3998 igi-

607 4019 700 4059 tur
725 4011 942 4076 superior
971 4005 1168 4059 dicitur
1181 4005 1204 4056 Ρ
1219 4006 1297 4057 Μ.

691 4106 740 4138 2.
760 4086 882 4138 Cum
885 4086 1101 4153 famiIia.
1119 4085 1262 4156 Lege
1268 4085 1486 4152 sandala,
1507 4085 1629 4154 quia

606 4165 666 4220 in
681 4165 790 4221 Jul.
817 4166 999 4233 Celso,
1021 4166 1148 4218 Vol.
1174 4183 1341 4236 111,p.
1374 4170 1636 4229 24o,est,

1726 2676 1832 2708 cum
1872 2658 2067 2710 ancilla.
2114 2657 2328 2711 Monuit
2366 2660 2627 2714 Davisius.
2668 2662 2752 2716 M.

1726 2735 1982 2788 Phaedrus
2010 2749 2186 2789 tamen
2210 2737 2369 2790 etiam
2405 2739 2657 2795 familiam
2680 2741 2755 2794 de

1726 2833 1837 2867 uno
1854 2835 2005 2868 servo
2019 2817 2184 2868 :libro
2199 2835 2295 2884 111,
2311 2818 2491 2871 fabula
2518 2837 2605 2888 19,
2620 2841 2671 2874 v.
2696 2839 2747 2874 1.

1810 2896 1861 2948 3.
1873 2895 2126 2951 Minatius.
2141 2895 2300 2949 Hune
2316 2897 2603 2969 Pompeius
2618 2919 2753 2971 prae-

1724 2974 1920 3027 fecerat
1949 2975 2138 3028 urbico
2161 2974 2427 3046 prasidio.
2448 2979 2553 3030 Dio
2582 2980 2747 3046 Cass„

1725 3071 1866 3106 xuu
1882 3091 1898 3118 ,
1922 3055 2013 3106 33.
2038 3051 2179 3106 Add.
2203 3056 2384 3108 Valer.
2415 3056 2561 3109 Max.
2596 3079 2657 3127 9,
2674 3079 2705 3112 ι
2728 3098 2745 3126 ,

1726 3138 1795 3198 43
1828 3133 1936 3185 ubi¹
1951 3133 2107 3204 culpa
2137 3133 2311 3186 omnis
2341 3153 2463 3207 erga
2489 3137 2745 3208 Ateguam

1724 3211 2077 3277 crudelitatis,
2090 3214 2241 3284 cujus
2258 3216 2495 3294 exempla
2518 3219 2745 3290 scriptor

1721 3305 1903 3344 noster
1941 3291 2195 3344 hactenus
2236 3293 2430 3364 passim
2472 3299 2745 3367 exposuit,

1721 3371 1780 3422 in
1797 3371 1940 3422 hunc
1966 3371 2253 3424 Minatium
2270 3373 2519 3426 Flaccum
2534 3379 2743 3432 confer-

1723 3455 1829 3502 tur.
1862 3450 1991 3502 Aliis
2037 3452 2167 3503 falso
2198 3451 2451 3507 Minucius.
2488 3455 2565 3508 Μ.
2611 3458 2741 3510 Aliis

1722 3529 1988 3582 Munatius.
2013 3527 2115 3582 Sed
2154 3528 2279 3583 vide
2318 3532 2585 3587 Perizonii
2628 3538 2741 3606 epi-

1720 3609 1909 3662 stolam
1935 3608 1992 3660 in
2012 3608 2227 3680 Sylloge
2254 3611 2581 3678 Burmanni,
2608 3628 2737 3668 tom.

1720 3706 1778 3740 1v
1794 3727 1812 3754 ,
1846 3707 1964 3759 pag.
2007 3691 2139 3758 788.
2175 3689 2298 3741 Non
2339 3691 2483 3744 idem
2524 3706 2605 3746 est
2646 3685 2737 3766 qui

1719 3787 1880 3838 supra
1920 3781 2246 3820 memoratur
2288 3771 2419 3824 Bell.
2468 3772 2607 3838 civ„
2644 3776 2737 3827 lib.

1728 3865 1749 3898 1
1774 3867 1850 3912 ,c.
1884 3854 1987 3911 4ο,
2010 3860 2064 3899 et
2085 3849 2199 3900 Afr.
2221 3867 2266 3900 c.
2295 3856 2346 3912 4.
2387 3851 2525 3904 Nam
2543 3853 2589 3905 is
2610 3871 2735 3906 con-

1718 3939 1917 3979 stanter
1930 3927 2237 3980 Caesarianis
2250 3931 2490 3998 partibus
2505 3931 2733 3986 adhesit.

1718 4037 1799 4048 -—
1818 4007 2033 4058 Tribues.
2054 4006 2137 4058 Sic
2156 4005 2311 4059 codd.
2332 4009 2511 4080 Vulgo
2526 4029 2540 4063 ε
2554 4012 2733 4065 tribuis.

1723 4117 1803 4126 --
1812 4085 2068 4138 Futurum.
2086 4087 2297 4139 Poterat
2307 4090 2500 4143 abesse.
2516 4091 2593 4144 Μ.
2604 4091 2734 4142 Vul-

1720 4183 1790 4234 go
1814 4163 2030 4220 additur
2058 4186 2173 4218 esse.
