3025 5025
600 463 688 544 ῐίι

880 460 957 528 C.
1013 459 1301 532 JULH
1357 457 1829 530 CAESARIS
1884 458 2447 532 COMMENT.

585 593 880 687 cogitare
909 605 1244 687 coguntur
1265 574 1332 678 ⁶3
1365 589 1548 684 quod
1574 587 1669 662 illi
1703 587 2251 666 turbulentissimi
2286 593 2741 686 superioribus

585 698 998 794 temporibus
1038 698 1317 770 Tribuni
1347 695 1557 792 plebis
1596 710 1839 770 octavo
1876 695 2161 790 denique
2196 721 2425 770 mense
2466 723 2740 772 sumum

584 807 924 875 actionum
945 805 970 843 ⁷
1007 806 1336 900 respicere
1387 828 1467 873 ac
1527 805 1761 872 timere
1813 818 2232 876 consuerant.
2292 807 2697 878 Decurritur
2718 793 2741 831 ⁸

583 911 672 984 ad
712 909 877 986 illud
915 925 1292 986 extremum
1331 925 1534 1004 atque
1568 908 1878 984 ultimum
1914 913 1979 985 S.
2018 912 2097 982 C.
2124 963 2145 998 ‚
2178 935 2315 1005 quo
2328 965 2349 1000 ‚
2385 915 2511 984 nisi
2552 938 2745 1006 paene

579 1021 828 1112 inipso
863 1018 1046 1092 urbis
1073 1017 1380 1092 incendio
1415 1032 1617 1112 atque
1650 1017 2113 1116 desperatione
2142 1019 2443 1090 onmium
2482 1018 2711 1090 salutis
2726 1074 2745 1109 ‚

581 1124 872 1199 latorum
893 1124 1173 1200 audacia
1192 1123 1218 1162 ⁹
1253 1149 1599 1218 nunquam
1626 1139 1783 1196 ante
1808 1124 2173 1196 discessum
2194 1140 2334 1195 esti
2362 1150 2553 1222 »ΒΜ
2582 1149 2747 1196 οη-

583 1255 744 1306 ium
774 1253 1163 1321 οωτεπιιε,
1195 1254 1602 1320 rumonim
1629 1255 1923 1304 ramum
1956 1251 2235 1319 nutus,
2264 1249 2543 1314 QUIQUE
2568 1256 2744 1305 cou-

582 1419 747 1490 petit,
777 1437 905 1483 cur,
929 1419 1017 1470 οὐκ
1041 1418 1178 1479 ἔτους
1210 1417 1363 1488 ἀρχῇ,
1395 1418 1616 1488 καθάπερ

583 1499 624 1550 οἱ
651 1498 811 1551 λοιποὶ
835 1498 1020 1559 πάντες
1037 1537 1051 1562 ,
1081 1498 1310 1568 ἄρχοντες
1332 1499 1447 1550 εἰσιν
1466 1499 1508 1550 οἱ
1532 1495 1621 1554 δή·

581 1591 790 1649 μαηοιε
1363 1585 1370 1592 '

666 1662 720 1710 6.
759 1656 995 1726 Cogitat-e
1025 1669 1277 1727 coguntur.
1300 1656 1376 1708 ni
1409 1657 1620 1709 tribuni

581 1737 755 1808 plebis
791 1749 946 1788 erant
985 1738 1250 1789 Antonius
1280 1748 1334 1788 et
1371 1737 1582 1791 Cassius
1601 1755 1618 1803 3

583 1835 720 1888 quos
734 1855 750 1881 ‚
775 1827 1062 1888 propterea
1077 1815 1227 1887 quod
1242 1817 1370 1868 huic
1384 1815 1439 1868 S.
1459 1818 1522 1869 C.
1540 1817 1620 1868 in·

583 1909 962 1960 tex-cesserant,
987 1897 1166 1952 hostes
1207 1915 1318 1949 esse
1363 1915 1392 1948 a
1432 1909 1620 1972 senntu

579 1975 848 2048 judicatos
877 1977 1042 2028 refert
1067 1977 1289 2041 Cicero,
1309 1977 1368 2027 in
1400 1994 1448 2028 11
1475 1976 1616 2028 Phil.

589 2075 663 2109 πο
680 2094 697 2122 ,
727 2069 780 2109 et
797 2075 973 2127 seqq.;
997 2056 1301 2127 prohibitos
1321 2057 1440 2107 foro
1463 2069 1519 2108 et
1530 2075 1621 2109 cn·

581 2138 662 2188 ria
703 2137 1012 2207 Appianus3
1039 2147 1226 2188 senatu
1270 2147 1444 2188 motos
1457 2175 1474 2201 ,
1503 2147 1559 2188 et
1588 2155 1619 2189 a

582 2217 800 2269 consule
821 2217 1052 2269 Lentulo
1075 2217 1324 2292 expulsos
1348 2217 1454 2268 Dio
1467 2255 1483 2281 ‚
1497 2216 1618 2270 Loco

584 2296 778 2365 εἰκαῖος
811 2309 969 2368 atque
991 2294 1114 2349 ideo
1131 2295 1201 2349 de
1222 2297 1390 2351 salute
1413 2316 1510 2350 sun
1526 2315 1619 2348 co-

585 2376 751 2446 gitare
769 2389 979 2430 coactos
997 2376 1176 2429 fuisse.

665 2475 719 2527 7.
744 2456 932 2508 Octavo
953 2472 1110 2508 mense
1137 2475 1330 2512 suarum
1357 2459 1617 2535 actionum.

582 2532 604 2598 (
631 2538 713 2589 sui
755 2539 994 2589 muneris
1018 2534 1072 2604 ),
1097 2538 1153 2588 h.
1195 2556 1243 2591 e.
1292 2555 1473 2589 mense
1517 2556 1618 2605 eo,

583 2636 694 2687 quo
731 2618 862 2673 novi
897 2618 1141 2671 consules
1178 2618 1496 2671 creabantur
1509 2655 1527 2684 ‚
1556 2636 1621 2669 ex

583 2716 692 2768 quo
713 2710 956 2773 tempore
972 2696 1179 2748 tribuni
1201 2697 1301 2749 hos
1317 2695 1620 2766 designatos

583 2778 826 2831 consules
881 2778 1070 2830 timere
1121 2790 1397 2847 coeperunt
1409 2813 1429 2844 ‚
1474 2774 1621 2847 apud

585 2876 719 2929 quos
749 2858 1015 2909 rationem
1042 2870 1283 2911 actorum
1304 2868 1478 2909 essent
1493 2854 1620 2908 red-

583 2935 768 2989 dituri.
825 2937 912 2991 Sic
956 2937 1212 2990 Cellarius
1251 2956 1316 2989 ex
1363 2936 1621 2989 Hotmnni

583 3018 727 3069 notis
750 3017 1031 3087 explicavit
1044 3017 1241 3068 locum.
1260 3018 1377 3070 Μ...
1389 3017 1622 3069 Tribuni

586 3110 764 3150 antem
792 3098 1160 3167 magistratum
1191 3097 1401 3151 inibant
1431 3115 1506 3149 iv.
1534 3096 1619 3150 Id.

587 3176 826 3230 decemb.
841 3216 858 3243 ,
876 3190 938 3230 ut
953 3176 1118 3229 modo
1139 3174 1401 3241 diximum
1429 3190 1621 3229 octavo

585 3272 711 3330 post
737 3277 917 3310 mense
932 3296 949 3322 ,
971 3257 1187 3311 comitia
1211 3258 1508 3311 consularia
1524 3257 1621 3309 ha-

585 3338 852 3390 bebantur
880 3356 894 3391 x
931 3351 1047 3390 tum
1062 3376 1079 3403 ,
1123 3338 1275 3390 novis
1315 3338 1621 3391 consulibus

585 3417 897 3490 designat-is,
927 3416 994 3471 de
1032 3418 1140 3471 suis
1178 3434 1277 3489 per
1321 3418 1621 3489 superiores

587 3510 710 3553 octo
723 3518 929 3552 menses
945 3498 1242 3553 actionibus
1254 3498 1485 3569 cogitare
1500 3516 1624 3550 con-

588 3592 885 3633 sueverant.
903 3580 1006 3631 Hic
1025 3598 1160 3631 vero
1181 3578 1418 3650 pericula
1445 3578 1621 3632 tribu·

587 3678 784 3713 norum
795 3660 977 3713 nonin
991 3672 1240 3713 octavum
1259 3678 1496 3711 mensem
1505 3678 1625 3711 eru·

586 3752 804 3810 pei-unt,
815 3738 907 3793 sed
917 3741 974 3792 in
984 3740 1273 3812 sept-imum
1287 3738 1428 3791 diem
1435 3780 1447 3792 .
1455 3736 1623 3811 Quod

591 3832 769 3872 autem
805 3820 878 3872 ait
892 3859 908 3885 ‚
939 3821 1015 3872 illi
1055 3820 1476 3882 turbulentissimi,
1507 3838 1622 3873 res·-

587 3900 766 3970 picere
787 3898 1006 3953 videtur
1027 3900 1092 3953 ad
1117 3900 1354 3973 pericula
1377 3901 1623 3953 omnium

587 3980 932 4033 tribunorum
961 4000 1060 4051 per
1083 3982 1252 4034 varias
1284 3982 1486 4051 agitatae
1513 3982 1621 4033 rei-

585 4060 815 4129 publicae
835 4073 1198 4132 tempestates,
1221 4062 1624 4133 praesertimque

589 4139 954 4195 Gracchorum
965 4180 982 4208 ,
1000 4142 1092 4212 qui
1105 4160 1215 4195 non
1227 4142 1330 4194 nisi
1341 4154 1463 4213 post
1474 4161 1621 4195 men·

1707 1437 1787 1470 ses
1808 1431 1931 1471 octo
1953 1418 2339 1488 perierunt.-·-
2356 1417 2543 1472 Oetam
2568 1439 2743 1472 mense.

1707 1497 1844 1551 Cod.
1888 1509 2070 1550 noster
2106 1511 2159 1550 et
2192 1497 2281 1549 alii
2320 1499 2576 1569 permulti
2618 1511 2745 1552 octo.

1707 1577 1931 1642 Vossius
1960 1577 2191 1630 malebat
2219 1595 2304 1629 χιι
2342 1577 2465 1632 loeo
2500 1583 2585 1631 τοῦ
2631 1597 2744 1646 nx,

1707 1657 1851 1710 facili
1888 1659 2201 1710 mutatione.

1790 1738 1844 1790 8.
1902 1739 2192 1790 Decurrieur
2240 1738 2312 1789 ad
2348 1736 2477 1790 illud
2528 1739 2749 1791 ultimum

1706 1818 1762 1871 S.
1777 1817 1838 1870 C.
1856 1819 1937 1869 De
1957 1818 2057 1870 hac
2076 1819 2324 1883 formula,
2333 1835 2439 1888 qun
2460 1817 2748 1871 dictatoria

1706 1897 1817 1949 fere
1852 1910 2085 1969 potestas
2116 1899 2267 1952 Coss.
2304 1899 2749 1968 permittebatur,

1706 1975 1828 2030 vide
1855 1979 1947 2030 liv.
1980 1979 2093 2043 111,
2117 1985 2181 2043 43
2213 1977 2423 2030 Sallust.
2446 1979 2604 2032 Catil.
2638 1997 2748 2048 29;

1707 2057 1821 2110 Cic.
1841 2057 1958 2112 Cat.
1982 2077 2032 2130 1,
2050 2059 2267 2119 Brisson,
2294 2055 2365 2110 de
2384 2059 2542 2111 form.
2557 2058 2653 2111 lib.
2672 2076 2749 2124 11,

1705 2155 1825 2208 pag.
1866 2155 1992 2190 211.
2026 2135 2128 2191 Ed.
2164 2139 2412 2191 Francof.

1791 2236 1843 2285 9.
1888 2219 2123 2269 Latorum
2159 2218 2387 2271 audacia.
2420 2218 2625 2288 Utique
2668 2219 2749 2270 le-

1706 2295 1943 2368 gendum
1958 2335 1975 2362 ‚
2009 2299 2249 2349 latronum
2274 2298 2483 2349 audacia
2496 2337 2510 2359 ‚
2544 2311 2606 2350 ut
2631 2296 2751 2350 Ma-

1706 2377 1891 2431 nutius
1922 2378 2150 2430 monnit.
2178 2379 2440 2430 Latrones
2469 2391 2595 2432 sunt
2630 2395 2751 2452 pes—

1707 2457 1829 2509 simi
1857 2459 1999 2511 eives
2024 2475 2037 2511 :
2067 2468 2121 2511 et
2146 2457 2259 2529 ipse
2286 2459 2465 2511 Caesar
2494 2458 2601 2511 hoc
2632 2459 2751 2531 ipso

1708 2551 1949 2615 tempore
1979 2540 2119 2591 latro
2146 2537 2325 2593 dictus
2354 2552 2407 2591 et
2428 2539 2647 2592 habitus
2671 2552 2753 2592 est

1708 2619 1775 2670 ab
1803 2619 2051 2672 inimicis.
2076 2619 2348 2671 Plutarch.
2378 2620 2568 2689 Pomp.
2584 2638 2630 2671 e.
2652 2619 2749 2671 83:

1707 2698 1995 2769 Μάρκελλος
2017 2701 2203 2768 λῃστὴν
2236 2699 2477 2753 ἀπεκάλει
2510 2701 2591 2751 τὸν
2619 2700 2751 2751 Καί-

1707 2796 1859 2848 σαρα.
1876 2778 1960 2831 Id.
1988 2780 2046 2831 in
2066 2780 2290 2841 Caesnre,
2310 2797 2357 2830 c.
2384 2779 2455 2847 39
2474 2796 2488 2830 t
2506 2780 2749 2839 Αέντυλος

1709 2854 1857 2916 ἕὸόα,
1882 2858 2045 2910 ὅπλων
2072 2853 2178 2910 δεῖν
2200 2859 2321 2928 πρὸς
2344 2853 2506 2927 ἄνδρα
2529 2860 2717 2925 λῃστὴν
2732 2897 2750 2924 ‚

1711 2939 1763 2990 οὐ
1790 2938 1975 3007 ψήφων.
2005 2938 2081 2989 Μ.
2112 2934 2260 2989 ond.
2288 2938 2517 3009 explicet
2540 2936 2749 2991 audacia

1708 3036 1869 3068 eorum
1887 3020 1972 3088 qui
1992 3018 2227 3078 tulerunt,
2258 3029 2312 3069 et
2338 3016 2404 3069 ad
2426 3016 2487 3069 id
2504 3056 2522 3083 ,
2544 3018 2655 3071 scil.
2687 3030 2751 3071 nt

1708 3097 1861 3149 fieret
1881 3097 1933 3149 S.
1960 3097 2026 3150 C.
2046 3136 2062 3161 ,
2086 3098 2438 3168 perpulerunt
2459 3111 2748 3151 senatores.

1710 3177 2019 3230 Gronovius
2032 3216 2047 3242 ,
2066 3175 2225 3229 distr.
2246 3178 2306 3228 in
2324 3178 2454 3249 Pap.
2476 3178 2608 3230 Stat.
2625 3196 2671 3229 e.
2695 3179 2750 3244 3,

1709 3277 1764 3329 p.
1798 3276 1891 3323 so,
1922 3259 2085 3310 verba
2124 3258 2241 3310 haec
2289 3258 2497 3309 latorum
2540 3258 2751 3309 audacia

1708 3338 1861 3391 uncis
1891 3336 2153 3403 includit,
2184 3348 2435 3408 tanquam
2469 3339 2753 3408 parenthe-

1708 3418 1791 3470 sin
1811 3457 1827 3482 .‚
1846 3432 1901 3471 et
1924 3430 2129 3488 puncto
2155 3416 2483 3471 exclaniandi
2510 3418 2747 3495 insignit.

1709 3499 1886 3551 Davis.
1902 3499 2135 3571 expungi
2146 3499 2359 3550 volebat
2371 3516 2389 3564 ς
2402 3509 2546 3550 recte
2564 3496 2748 3551 credo,

1710 3578 1887 3631 Onna.
1908 3580 2024 3649 Ego
2068 3598 2195 3632 vero
2240 3580 2448 3630 latorum
2485 3596 2639 3631 servo
2654 3617 2669 3643 ‚
2696 3592 2752 3631 et

1708 3660 2059 3730 interpretor:
2070 3658 2122 3711 S.
2134 3660 2199 3712 G.
2208 3678 2323 3744 quo
2334 3677 2614 3730 nunquam
2628 3671 2751 3711 ante

1710 3738 1998 3793 discessum
2012 3749 2093 3791 est
2105 3735 2347 3801 andacia(
2360 3740 2416 3791 in
2432 3750 2581 3791 sexto
2594 3736 2749 3802 casu)

1708 3820 1888 3890 legum
1916 3819 2178 3885 latarum3
2214 3816 2270 3871 id
2298 3833 2408 3893 est,
2440 3816 2506 3869 ad
2535 3818 2752 3871 nullum

1710 3918 1947 3976 unquam
1965 3900 2252 3953 violentius
2275 3898 2552 3951 decretum
2580 3898 2751 3949 feren-

1710 3979 1841 4033 dum
1854 4020 1871 4047 ,
1900 3981 2061 4033 etiam
2100 3982 2159 4031 in
2199 3978 2517 4049 gravissimis
2563 3978 2749 4048 reipu-

1707 4060 1861 4114 blicae
1892 4058 2173 4133 periculis,
2200 4056 2559 4113 discesserunt
2586 4058 2747 4109 auda—

1709 4145 1889 4193 cissimi
1916 4152 2197 4195 senatores.
2725 4142 2736 4166 ·‘
