3025 5025
575 560 580 564 .
617 504 772 591 406
1409 485 1555 573 DE
1608 502 1953 575 BELLo

615 639 816 707 venit.
858 638 966 706 Ibi
997 636 1228 707 habita
1264 640 1625 726 concione,
1670 636 1957 707 militum
1996 650 2211 706 tentat
2254 636 2556 704 animos:
2600 647 2767 725 ‘quos

615 747 993 841 cognoscit,
1021 770 1196 813 non
1223 770 1452 834 sua‚s
1423 745 1538 814 sed
1581 746 1861 817 Caesaris
1902 744 2194 813 absentis
2242 764 2488 828 causa,
2529 738 2661 807 sibi
2692 735 2767 805 fi·-

615 852 919 921 dissimos
963 876 1148 939 esse,
1184 850 1589 947 nullumque
1627 849 2019 947 periculum
2060 851 2579 944 deprecaturos,
2610 843 2767 913 dum

613 983 758 1053 per
773 974 887 1028 eos
904 959 1164 1028 Caesari
1200 960 1550 1053 provincia
1584 960 2067 1028 restitueretur.

614 1096 620 1103 ’
725 1066 976 1135 LVIII.
1019 1066 1297 1133 Interim
1333 1065 1623 1134 Thorius
1652 1065 1739 1133 ad
1771 1063 2161 1135 Cordubam
2186 1076 2447 1131 veteres
2476 1058 2770 1154 legiones

615 1170 887 1240 adducit
919 1198 933 1239 ε
979 1196 1059 1243 ac
1081 1226 1101 1261 ‚
1143 1196 1228 1240 ne
1267 1171 1691 1241 dissensionis
1724 1168 1986 1241 initium
2026 1158 2262 1239 natum
2301 1167 2617 1239 seditiosa
2652 1165 2769 1233 mi·

614 1275 807 1346 litum
835 1280 1091 1372 'suaque
1128 1270 1470 1348 videretur
1505 1293 1779 1368 natura,
1824 1275 2022 1348 simul
2059 1292 2139 1346 ut
2175 1288 2412 1346 contra
2468 1274 2579 1362 Q.
2604 1275 2770 1341 Cas-

615 1386 788 1453 sium
803 1438 823 1472 ‚
841 1386 954 1479 qui
977 1385 1257 1453 Caesaris
1281 1385 1551 1455 nomine
1573 1384 1939 1479 majoribus
1964 1384 2217 1453 viribus
2244 1384 2343 1453 uti
2359 1378 2719 1449 videbatur
2730 1375 2772 1464 ¹,

617 1516 806 1585 aeque
852 1505 1194 1586 potentem
1243 1506 1616 1587 opponeret
1670 1481 2059 1586 dignitatem
2078 1545 2102 1579 ‚
2152 1493 2278 1560 Cn.
2325 1486 2656 1582 Pompeio
2708 1506 2773 1552 se

616 1600 1033 1691 provinciam
1080 1622 1476 1693 recuperare
1513 1597 1685 1668 velle
1727 1597 1952 1692 palam
1984 1597 2375 1669 dictitabat:
2406 1608 2475 1664 et
2501 1594 2771 1663 forsitan

617 1706 821 1774 etiam
867 1705 1000 1775 hoc
1035 1705 1270 1776 fecerit
1303 1705 1458 1774 odio
1496 1706 1811 1794 Caesaris,
1840 1720 1909 1773 et
1938 1722 2168 1774 amore
2211 1701 2549 1797 Pompeii,
2588 1699 2769 1793 cujus

615 1834 865 1879 nomen
895 1810 1182 1881 multum
1210 1826 1488 1905 poterat·
1507 1812 1689 1906 apud
1710 1836 1821 1881 eas
1849 1810 2143 1905 legiones
2169 1863 2188 1898 ,
2220 1834 2385 1903 quas
2423 1811 2525 1877 M.-
2554 1810 2769 1877 Varro

617 1917 1031 2005 obtinuerat3
1073 1917 1186 1986 sed
1203 1972 1222 2006 ‚
1251 1917 1319 1986 id
1353 1942 1484 2013 qua
1522 1932 1745 1987 mente
1788 1932 2165 1987 commotus
2205 1916 2471 2004 fecerit,
2513 1914 2765 2007 conjec-

615 2036 770 2091 tura
807 2025 959 2092 sciri
997 2049 1133 2092 non
1173 2023 1474 2118 potest²t
1507 2040 1687 2094 certe
1720 2026 1854 2094 hoc
1879 2050 2016 2119 prae
2044 2050 2115 2095 se
2144 2023 2435 2093 Thorius
2475 2020 2763 2101 ferebat5

615 2128 857 2200 milites
894 2130 1062 2198 adeo
1106 2130 1528 2221 fatebantur,
1568 2144 1646 2199 ut
1678 2134 1802 2202 Cn.
1838 2133 2139 2226 Pompeii
2176 2154 2435 2200 nomen
2466 2129 2540 2196 in
2576 2126 2764 2197 scutis

613 2222 1049 2353 inscriptum³
1084 2237 1427 2306 haberent.
1465 2241 1805 2357 Frequens
1830 2228 2200 2333 legionibus
2236 2248 2613 2305 conventus
2646 2232 2764 2301 ob-

615 2342 796 2409 viam
848 2342 1104 2438 prodit3
1145 2353 1363 2437 neque
1393 2358 1658 2414 tantum
1690 2345 2027 2432 virorum,
2064 2344 2203 2413 sed
2218 2345 2442 2413 etiam
2452 2354 2761 2410 matrum·

617 2446 898 2518 familias
935 2474 1014 2518 ac
1045 2465 1638 2544 praetextatorum3
1674 2452 2235 2546 deprecaturque,
2276 2475 2363 2520 ne
2400 2447 2627 2518 hostili
2664 2443 2761 2515 ad-

613 2548 825 2624 ·ventu
865 2556 1256 2632 Cordubam
1285 2558 1653 2652 diriperent
1681 2584 1697 2626 :
1726 2581 1885 2626 nam
1912 2583 1983 2628 se
2027 2573 2265 2628 contra
2292 2558 2603 2626 Cassium
2624 2577 2755 2623 seu·

615 2663 742 2728 tire
781 2685 955 2731 cum·
975 2664 1328 2750 'omnibus3
1356 2679 1593 2734 contra
1623 2667 1957 2736 Caesarem
1986 2690 2072 2735 ne
2090 2665 2309 2744 facere
2331 2675 2721 2759 cogerentur
2738 2710 2757 2746 ‚

617 2791 830 2837 orare.
1609 2861 1611 2866 .

726 2877 909 2944 LIX.
948 2878 1180 2946 Tantae
1203 2875 1645 2949 multitudinis
1676 2880 1985 2975 precibus
2010 2893 2079 2948 et
2110 2877 2421 2972 lacrymis
2443 2876 2757 2946 exercitus

619 2995 995 3051 commotus
1026 3008 1234 3077 quum
1264 2985 1559 3076 videret,
1598 2986 1684 3055 ad
1715 2989 2020 3057 Cassium
2046 2984 2583 3081 persequendum
2608 2977 2758 3050 nihil

619 3110 791 3182 opus
825 3113 969 3158 esse
1006 3092 1132 3160 Cn.
1171 3093 1472 3186 Pompeii
1512 3095 1785 3162 nomine
1826 3108 1895 3162 et
1929 3093 2287 3176 memoria3
2324 3105 2596 3186 tamque
2632 3113 2760 3158 om·

703 3288 835 3342 Car.
849 3289 1060 3344 LVIII.
1084 3309 1132 3343 1.
1155 3291 1246 3343 Uti
1261 3291 1539 3344 videbatur.
1561 3294 1657 3346 Ju-

619 3368 726 3422 rin.
748 3369 878 3422 velit
899 3373 1020 3432 niti,
1050 3388 1178 3423 cum
1209 3371 1514 3434 ciacconio.

708 3469 760 3502 α.
793 3449 920 3511 Sed,
954 3449 1010 3502 id
1034 3470 1210 3522 quam.
1238 3463 1416 3522 potest.
1451 3452 1655 3506 Omnes

623 3527 786 3582 codd.
805 3529 985 3583 locum
1001 3529 1078 3582 sic
1095 3529 1351 3584 exhibent
1372 3531 1485 3585 :sed
1494 3533 1551 3584 id
1559 3551 1657 3606 qua

601 3621 777 3664 ,mente
787 3647 803 3671 ,
821 3614 1078 3662 communis
1099 3623 1207 3662 erat
1223 3613 1525 3681 conjecmra:
1538 3631 1657 3684 quoe

623 3707 792 3760 quum
842 3709 954 3742 non
1008 3689 1117 3748 sint
1157 3690 1364 3761 integra
1379 3730 1396 3757 ,
1423 3691 1655 3746 editores

602 3770 888 3840 ,vulgatam
932 3769 1216 3824 lectionem
1263 3771 1610 3826 efformarunt
1638 3791 1657 3838 ;

624 3847 768 3904 Oud.
803 3851 1102 3920 suspicatur
1131 3851 1238 3922 legi
1267 3869 1422 3924 posse
1447 3870 1462 3905 ε
1491 3852 1581 3906 sed
1604 3851 1661 3909 id

585 3937 602 3947 ”
623 3947 720 3999 qua
751 3941 932 3994 mente,
957 3949 1056 3982 non
1095 3949 1195 3984 una
1221 3943 1331 3982 erat
1361 3935 1655 4003 conjectata.

601 4007 700 4060 M.
727 4008 846 4062 Hoc
877 4009 1002 4062 satis
1032 4009 1221 4082 placet.
1245 4009 1386 4065 Edd.
1415 4025 1545 4066 vett.
1566 4013 1660 4067 ha-

621 4087 754 4141 hent
773 4091 1048 4159 conjectura
1073 4095 1192 4142 sciri
1213 4102 1404 4162 potest,
1431 4092 1531 4154 ubi
1560 4092 1654 4146 Al·-

623 4165 724 4222 dus
759 4167 1060 4242 interponit
1097 4190 1224 4240 non,
1251 4169 1401 4244 quod
1445 4184 1655 4246 secutus

1742 3292 1931 3364 Scalig.
1966 3311 2095 3347 cum
2122 3293 2255 3346 aliis.
2280 3293 2386 3346 ΟΒ.
2408 3292 2597 3346 Lectio
2613 3289 2757 3347 codd.

1732 3373 2048 3428 revocanda
2077 3373 2214 3428 mihi
2248 3371 2485 3428 videtur.
2522 3371 2759 3426 Vividior

1742 3453 1889 3506 enim
1918 3465 1998 3506 est
2026 3466 2082 3506 et
2110 3453 2445 3507 concinnior.
2470 3451 2583 3506 Sed
2596 3453 2653 3504 id
2674 3470 2757 3526 qua

1744 3545 1897 3586 mente
1928 3528 2186 3596 (subaud.
2226 3531 2433 3601 ficet-it)
2457 3541 2490 3584 Ρ
2516 3536 2757 3585 commis

1724 3625 1852 3664 -erat
1880 3615 2169 3685 conjectura.
2213 3613 2387 3682 Ouelle
2422 3618 2556 3666 avait
2584 3617 2659 3664 dte'
2680 3630 2757 3662 son

1744 3696 2019 3746 intention?
2042 3694 2181 3746 wila
2215 3713 2269 3744 ce
2313 3697 2401 3765 qui
2442 3693 2648 3745 domuit
2672 3693 2755 3743 lieu

1744 3792 1851 3825 aux·
1864 3775 2173 3843 conjectures.

1828 3854 1896 3906 3.·
1915 3853 2185 3908 Nonum...
2214 3857 2527 3923 zie-scriptum«
2550 3853 2629 3904 De
2662 3850 2756 3904 hoc

1743 3951 1895 3986 more
1922 3933 2089 4004 egisse
2117 3933 2365 4006 Lipsium
2388 3927 2581 3996 (milit.
2613 3933 2751 3984 Rom.

1744 4012 1804 4066 in
1829 4014 2048 4068 analect.
2069 4011 2139 4067 ad
2165 4015 2197 4068 3
2220 4019 2235 4080 ’,
2258 4011 2351 4080 ὠ),
2371 4013 2585 4066 monuit
2608 4008 2753 4064 Davi·

1744 4093 1853 4146 sius
1864 4093 2219 4165 :aliacollegit
2230 4093 2509 4148 Fabricius
2524 4089 2594 4148 ad
2608 4090 2751 4146 Dion.

1744 4173 1913 4241 Cass„
1934 4180 2007 4242 42
2026 4181 2061 4238 ,‘
2078 4193 2103 4228 1
2118 4174 2169 4229 5.
2196 4173 2273 4230 Μ.
