3025 5025
629 476 781 565 324
890 480 969 547 G.
1015 479 1312 546 JULII
1388 476 1859 545 CAESARIS
1923 478 2485 547 COMMENT.

620 614 968 708 signorum⁴
999 634 1202 679 sonus
1236 608 1582 678 exauditus
1620 622 1755 697 est,
1784 623 1861 676 ut
1898 610 1968 677 in
2000 609 2209 678 muris
2246 622 2501 679 armata
2530 608 2779 679 civitas

619 720 1036 788 discurreret.
1093 720 1242 784 Hoc
1300 714 1476 784 idem
1539 713 1956 784 Ptolemaide·
2016 715 2273 785 accidit.
2333 718 2654 810 Pergami
2705 718 2777 783 in

619 824 896 895 occultis
935 848 1014 891 ac
1057 823 1332 891 remotis
1374 820 1605 915 templi
1617 808 1665 909 ⁴,
1702 846 1835 916 quo
1878 836 2121 915 praeter
2163 807 2539 890 sacerdotes
2582 821 2791 890 adire-

614 926 712 1001 fas
748 956 886 999 non
915 943 1048 1017 est,
1075 954 1222 1021 quae
1259 928 1478 996 Graeci
1507 920 1717 995 ἄδυτα
1752 926 2121 1021 appellant,
2152 942 2467 1022 tympana
2522 952 2778 996 sonue-

614 1052 790 1106 runt.
832 1039 1004 1105 Item
1040 1032 1366 1102 Trallibus
1408 1036 1478 1100 in
1513 1034 1767 1128 templo
1793 1035 2139 1121 Victoriae,
2164 1035 2280 1102 ubi
2312 1036 2599 1103 Caesaris
2634 1048 2777 1103 sta-

612 1158 798 1212 tuam
844 1154 1437 1226 consecraverant,
1479 1140 1703 1233 palma
1741 1164 1875 1233 per·
1906 1164 2021 1208 eos
2061 1140 2202 1208 dies
2241 1142 2311 1209 in
2352 1154 2533 1209 tecto
2592 1142 2778 1209 inter

614 1262 1007 1343 coagmenta
1034 1246 1330 1342 lapidum
1358 1247 1425 1313 in
1453 1248 1837 1339 pavimento
1866 1247 2189 1315 exstitisse
2228 1233 2791 1342 ostendebatur&-

720 1358 901 1425 CVI.
960 1356 1218 1440 Caesar,
1244 1376 1494 1446 paucos
1530 1351 1671 1421 dies
1707 1354 1777 1419 in
1815 1353 1971 1420 Asia
2006 1366 2341 1440 moratuS,
2382 1378 2594 1446 quum
2647 1378 2775 1421 au-

613 1462 815 1530 disset
854 1460 1248 1553 Pompeium
1280 1460 1488 1553 Cypri
1518 1459 1765 1545 visum,
1805 1460 2222 1551 conjectam,
2258 1484 2412 1527 eum
2446 1461 2519 1526 in
2553 1461 2775 1553 AEgy-

613 1565 829 1661 ptum¹
851 1568 975 1634 iter
999 1565 1278 1651 habere,
1297 1580 1574 1659 propter
1597 1564 2113 1634 necessitudines
2132 1567 2320 1659 regni
2344 1562 2777 1660 reliquasque

613 1674 754 1765 ejus
793 1672 920 1741 loci
963 1672 1527 1766 opportunitates,
1564 1696 1719 1740 curn
1755 1670 2159 1767 legionibuS,
2206 1696 2376 1758 una,
2421 1696 2635 1764 quam
2694 1698 2776 1740 ex

697 1854 752 1911 4.
790 1848 1004 1898 Remotis
1033 1845 1208 1915 templi.
1249 1842 1425 1897 Codd.
1458 1864 1642 1898 omnes

617 1941 670 1981 et
693 1927 862 1979 nostri
883 1927 1081 1978 habent
1107 1925 1309 1994 templis,
1333 1925 1457 1976 Vox
1482 1926 1649 1995 templi

618 2020 696 2061 est
721 2003 1020 2059 emendatio
1047 2004 1323 2067 Lambini,
1343 2002 1410 2055 ad
1432 2004 1645 2055 Horatii

619 2084 708 2139 od.
739 2102 824 2151 IV,
851 2092 882 2149 4
897 2123 912 2148 ,
941 2088 1012 2153 76
1033 2124 1049 2151 ,
1065 2102 1226 2155 quam
1246 2084 1545 2155 probarunt
1565 2103 1648 2136 re-

619 2164 879 2220 centiores
901 2164 1090 2217 critici.
1107 2193 1189 2205 --
1211 2164 1338 2232 Quae
1368 2162 1536 2215 (ἲν-ωσι·
1555 2182 1644 2233 ap-

613 2246 803 2318 pellant
843 2240 1028 2296 ἄδυτσι.
1073 2243 1198 2295 Haec
1227 2244 1388 2295 verba
1420 2243 1645 2313 glossam

620 2316 900 2388 redolent}
929 2341 1054 2375 nam
1069 2361 1084 2389 ‚
1111 2334 1172 2374 ut
1196 2322 1440 2374 observat
1471 2322 1646 2376 Ober-

622 2406 798 2469 linus,
828 2402 1084 2455 Romanis
1113 2402 1363 2453 omnibus
1387 2413 1515 2453 tunc
1546 2420 1649 2453 no-

624 2496 740 2538 tum
766 2494 904 2549 erat,
923 2480 1070 2536 illam
1090 2480 1276 2552 templi
1300 2493 1505 2551 partem
1539 2479 1647 2534 dici

625 2566 841 2636 adytum.
885 2565 952 2615 In
987 2561 1170 2632 multis
1199 2558 1357 2614 codd.
1393 2561 1507 2612 haec
1542 2580 1648 2614 vox

625 2644 860 2698 romanis
890 2643 1082 2695 litteris
1107 2641 1358 2693 scribitur
1393 2641 1533 2692 adita
1551 2660 1571 2692 .·
1588 2641 1647 2693 in

630 2725 746 2777 aliis
758 2763 773 2786 ‚
795 2722 963 2774 abdita
975 2742 996 2783 ;
1011 2721 1166 2772 male.

715 2804 766 2856 5.
785 2803 965 2854 Palma
986 2804 1036 2852 in
1055 2812 1178 2850 tecto
1199 2803 1324 2852 inter
1341 2817 1527 2868 cong-m.
1548 2801 1645 2870 lap.

625 2885 679 2936 in*
695 2885 966 2952 pavimento
985 2883 1146 2932 exstit.
1163 2879 1508 2931 ostendebatur.
1530 2879 1655 2931 Plu-

628 2962 797 3015 tarch.
829 2961 887 3012 in
915 2961 1066 3024 Caes.,
1086 2977 1132 3011 e.
1164 2965 1269 3028 47,
1296 2959 1369 3011 ait
1397 2959 1538 3030 παρὰ
1560 2961 1655 3016 τὴν

630 3039 777 3094 δάσιν
797 3046 880 3092 τοῦ
897 3035 1184 3109 ἀνδριάντος
1199 3038 1428 3091 extitisse
1440 3039 1648 3108 φοίνικα.

629 3121 812 3172 Valer.
835 3119 1054 3172 Maxim.
1080 3118 1429 3188 quoque,lib.
1453 3136 1474 3169 1
1489 3155 1506 3182 ‚
1526 3137 1571 3170 c.
1594 3122 1649 3186 6,

631 3199 862 3253 affirmat
875 3199 1088 3269 palmam
1109 3197 1315 3248 ‘viridem
1325 3195 1583 3259 Trallibus,
1600 3201 1651 3248 in

635 3281 736 3332 cede
755 3281 999 3340 victor-ite,
1016 3277 1104 3328 sub
1121 3289 1286 3328 statua
1300 3276 1510 3328 Coesan's
1528 3281 1653 3328 inter

630 3370 911 3429 coagmenta
927 3357 1139 3427 lapidum
1142 3360 1293 3426 justae
1307 3356 1655 3424 magnitudinis·

632 3452 839 3493 enatam.
888 3438 1027 3490 Item
1075 3435 1108 3487 J
1112 3436 1184 3488 ul.
1227 3435 1539 3506 obsequens
1580 3434 1655 3490 de

628 3517 805 3590 prod„
836 3535 951 3589 cap.
983 3517 1055 3570 63
1080 3513 1258 3568 :unde
1273 3514 1445 3567 critici
1460 3512 1529 3568 de
1544 3515 1650 3568 hoc

629 3599 770 3651 facto
799 3599 1057 3660 multum,
1076 3607 1128 3647 et
1153 3594 1314 3645 nimis
1343 3594 1506 3659 forte,
1538 3593 1651 3648 dis·

626 3689 902 3749 putarunt.
923 3673 1084 3741 Quod
1103 3673 1278 3727 Caesar
1293 3674 1368 3726 ait
1393 3676 1444 3724 in
1466 3685 1643 3728 tecto„-

627 3762 680 3809 in
702 3759 1002 3828 pavimento,
1033 3751 1334 3806 absurdum
1371 3754 1645 3807 nonnullis

625 3836 867 3901 videtur,
899 3835 992 3905 qui
1032 3835 1279 3906 ignorant
1305 3846 1444 3886 tecta
1469 3834 1647 3905 paviri

621 3915 788 3968 etiam
832 3933 985 3986 posse
1027 3909 1050 3975 (
1080 3911 1204 3968 vide
1250 3913 1465 3965 initium
1510 3913 1641 3966 Bell.

627 3994 931 4059 Alexandr„
943 4011 990 4048 e.
1015 3990 1069 4056 1)
1085 4011 1101 4057 3
1120 3991 1348 4062 ideoque
1371 3993 1643 4064 pavimen·

625 4086 742 4127 tum
779 4071 848 4126 de
892 4085 1030 4126 tecto
1055 4072 1300 4143 usurpari
1327 4090 1482 4142 posse
1499 4109 1519 4137 ‚
1549 4073 1643 4144 qui

623 4171 740 4207 mon
767 4151 930 4206 hodie
947 4154 1090 4223 viget
1113 4149 1256 4223 apud
1284 4151 1519 4206 Orientis
1545 4171 1644 4223 po-

1728 1845 1901 1917 pulos.
1930 1843 2091 1910 Quod
2130 1864 2260 1898 vero
2292 1843 2359 1897 ad
2396 1846 2689 1899 Plutarchi
2720 1859 2773 1899 et

1731 1925 1935 1978 Valerii
1978 1925 2203 1977 Maximi
2247 1924 2362 1977 loca
2408 1924 2607 1978 attinet
2626 1966 2642 1992 ,
2676 1927 2772 1998 qui

1729 2023 1841 2056 non
1889 2003 2217 2057 concordant
2276 2024 2399 2057 eum
2448 2007 2773 2059 narratione

1731 2084 1977 2142 Caesaris,
2005 2085 2083 2136 nil
2111 2084 2310 2136 mirum
2337 2102 2353 2136 ε
2384 2104 2513 2136 nam
2550 2085 2625 2137 ab
2654 2086 2775 2139 aliis

1731 2163 1908 2217 edocti
1950 2165 2128 2216 forsan
2180 2164 2430 2227 fuer-unu
2460 2177 2549 2228 et,
2574 2158 2769 2236 {quum

1731 2244 1831 2296 ista
1848 2243 2069 2295 historia
2096 2244 2331 2295 fabulosa
2348 2243 2578 2296 omnino
2601 2258 2769 2311 esset,

1732 2335 1889 2395 atque
1914 2342 1979 2375 ex
2010 2334 2394 2376 assentatorum
2427 2324 2661 2378 Caesaris
2684 2326 2771 2376 in-

1730 2404 1887 2473 genio
1898 2404 2153 2473 profecta,
2168 2404 2299 2455 alius
2316 2403 2421 2455 alio
2437 2402 2611 2455 modo
2626 2423 2767 2472 rem,

1732 2494 1787 2534 et
1798 2483 2011 2548 Caesari,
2028 2496 2081 2536 et
2096 2484 2209 2536 aliis
2226 2483 2481 2536 narravit.
2504 2484 2765 2537 Ceterum

1732 2564 1901 2634 majus
1930 2575 2041 2628 est,
2079 2577 2140 2616 ut
2180 2565 2427 2616 observat
2474 2565 2765 2622 Davisius,

1732 2643 2049 2694 miraculum
2070 2641 2302 2713 palmam
2328 2644 2506 2695 enasci
2530 2645 2589 2695 in
2620 2656 2769 2697 tecto

1732 2713 1872 2773 inter
1886 2723 2253 2793 pavimentum
2262 2760 2277 2787 ‚
2290 2723 2387 2774 ubi
2402 2723 2554 2776 nulla
2568 2737 2651 2776 est
2664 2725 2773 2776 te'r-

1732 2813 1793 2853 ra
1810 2799 1877 2852 ad
1900 2801 2309 2872 producendum
2322 2803 2576 2874 propria,
2600 2823 2767 2875 quam

1734 2881 1873 2933 infra
1910 2881 1967 2932 in
1999 2883 2115 2934 solo
2146 2883 2325 2953 pleno·
2358 2881 2559 2935 Sensus
2595 2883 2767 2954 igitur

1700 2973 1707 2982 ·
1735 2974 1788 3013 et
1800 2960 1935 3012 ordo
1958 2962 2166 3031 phrasis
2188 2974 2311 3014 sunt
2330 2961 2460 3014 clari
2474 3000 2492 3027 ,
2507 2975 2561 3014 et
2578 2982 2766 3016 emen-

1734 3037 1950 3092 datione
1982 3042 2165 3092 Ursini
2192 3042 2397 3112 ingrata
2427 3060 2541 3094 non
2576 3057 2765 3113 egent,

1735 3122 1829 3189 qui
1868 3139 1969 3190 pro
2004 3125 2053 3171 in
2088 3133 2209 3172 tecto
2248 3123 2530 3191 proposuit
2562 3127 2767 3174 chteeto.

1734 3231 1817 3240 --
1840 3199 2139 3269 Coagmenta
2158 3200 2369 3270 lapidum
2382 3240 2398 3262 ,
2426 3214 2554 3252 sunt
2580 3204 2769 3255 tessel-

1733 3277 1799 3330 lae
1833 3297 2142 3332 marmoreae
2182 3293 2557 3350 coagmentatae
2574 3319 2592 3345 .,
2621 3282 2771 3334 inter

1734 3375 1865 3428 quas
1894 3356 2069 3412 media
2096 3360 2271 3431 palma
2308 3359 2487 3412 subito
2522 3361 2763 3414 emicuit.

1815 3439 1944 3490 Cir.
1955 3439 2099 3490 CVI.
2112 3440 2172 3490 In
2180 3439 2477 3509 AEgyptum.
2495 3439 2766 3493 Nonnulli

1734 3515 1890 3569 codd.
1930 3519 2364 3590 praepositionem
2402 3537 2514 3570 non
2567 3539 2763 3592 agnos·

1734 3609 1891 3661 cunt,
1920 3610 1981 3649 ut
2002 3597 2130 3650 alibi
2158 3599 2355 3669 passim
2384 3599 2673 3652 observare
2694 3601 2761 3652 li-

1732 3676 1859 3728 cuit.
1879 3707 1961 3717 —
1978 3678 2187 3747 Propter
2212 3677 2573 3729 necessitudines
2595 3683 2757 3748 manni.

1732 3756 1863 3807 Duae
1892 3768 2042 3808 erant
2062 3774 2075 3808 :
2097 3757 2388 3828 Pompeius
2410 3777 2438 3808 a
2464 3769 2651 3810 senatu
2672 3771 2762 3811 tu-

1732 3847 1817 3887 tor
1839 3835 2123 3888 Ptolemaeo
2149 3837 2261 3908 regi
2278 3857 2447 3908 puero
2468 3835 2622 3890 datus
2644 3839 2763 3891 fue-

1730 3929 1843 3979 rat;
1873 3928 2129 3985 praeterea
2157 3935 2281 3969 eum
2308 3931 2460 3989 patre
2496 3917 2638 3986 regis
2668 3921 2759 3988 jus

1728 3993 1949 4066 hospitii
2000 3995 2274 4048 habuerat.
2320 4027 2401 4039 --
2442 3997 2757 4066 Legionibus.

1732 4074 1859 4140 Alii,
1875 4074 2256 4144 legionariorum,
2276 4073 2427 4148 quod
2439 4077 2762 4148 placetVos·

1733 4153 1831 4207 siu.
1860 4156 2109 4208 Attamen
2129 4156 2478 4227 perspicuitas
2499 4156 2673 4225 major
2692 4175 2759 4208 ex
