<?xml version="1.0" encoding="UTF-8"?>
<!DOCTYPE html PUBLIC "-//W3C//DTD XHTML 1.0 Transitional//EN"
    "http://www.w3.org/TR/xhtml1/DTD/xhtml1-transitional.dtd">
<html xmlns="http://www.w3.org/1999/xhtml" xml:lang="en" lang="en">
 <head>
  <title>
</title>
<meta http-equiv="Content-Type" content="text/html;charset=utf-8" />
  <meta name='ocr-system' content='tesseract 3.04.00' />
  <meta name='ocr-capabilities' content='ocr_page ocr_carea ocr_par ocr_line ocrx_word'/>
</head>
<body>
  <div class='ocr_page' id='page_1' title='image "./caiusjuliuscsar00plutgoog_0303.png"; bbox 0 0 3025 5025; ppageno 0'>
   <div class='ocr_carea' id='block_1_1' title="bbox 679 421 2585 575">
    <p class='ocr_par' dir='ltr' id='par_1_1' title="bbox 679 421 2585 575">
     <span class='ocr_line' id='line_1_1' title="bbox 679 421 2585 575; baseline -0.003 -35"><span class='ocrx_word' id='word_1_1' title='bbox 679 467 828 541; x_wconf 77' lang='lat'><strong>286</strong></span> <span class='ocrx_word' id='word_1_2' title='bbox 962 470 1038 538; x_wconf 86' lang='lat' dir='ltr'><strong>c.</strong></span> <span class='ocrx_word' id='word_1_3' title='bbox 1095 421 1379 538; x_wconf 55' lang='lat' dir='ltr'><strong>JUL&#39;H</strong></span> <span class='ocrx_word' id='word_1_4' title='bbox 1435 468 1904 537; x_wconf 76' lang='lat' dir='ltr'><strong>cAEsAius</strong></span> <span class='ocrx_word' id='word_1_5' title='bbox 1962 452 2520 539; x_wconf 82' lang='lat' dir='ltr'><strong>COMMENT.</strong></span> <span class='ocrx_word' id='word_1_6' title='bbox 2562 557 2585 575; x_wconf 65' lang='lat'>,</span> 
     </span>
    </p>
   </div>
   <div class='ocr_carea' id='block_1_2' title="bbox 671 600 2823 2726">
    <p class='ocr_par' dir='ltr' id='par_1_2' title="bbox 673 600 2823 1445">
     <span class='ocr_line' id='line_1_2' title="bbox 673 600 2819 699; baseline -0 -28"><span class='ocrx_word' id='word_1_7' title='bbox 673 603 1207 699; x_wconf 85' lang='lat' dir='ltr'><strong>pedimentorum</strong></span> <span class='ocrx_word' id='word_1_8' title='bbox 1261 614 1328 669; x_wconf 90' lang='lat' dir='ltr'><strong>et</strong></span> <span class='ocrx_word' id='word_1_9' title='bbox 1382 602 1790 670; x_wconf 83' lang='lat' dir='ltr'><strong>sarcinarum</strong></span> <span class='ocrx_word' id='word_1_10' title='bbox 1834 600 2059 669; x_wconf 87' lang='lat' dir='ltr'><strong>relicta</strong></span> <span class='ocrx_word' id='word_1_11' title='bbox 2079 654 2098 685; x_wconf 87' lang='lat'>‚</span> <span class='ocrx_word' id='word_1_12' title='bbox 2148 600 2232 667; x_wconf 91' lang='lat' dir='ltr'><strong>ad</strong></span> <span class='ocrx_word' id='word_1_13' title='bbox 2276 600 2419 670; x_wconf 89' lang='lat' dir='ltr'><strong>haec</strong></span> <span class='ocrx_word' id='word_1_14' title='bbox 2464 601 2819 694; x_wconf 84' lang='lat' dir='ltr'><strong>repetenda</strong></span> 
     </span>
     <span class='ocr_line' id='line_1_3' title="bbox 674 707 2823 805; baseline -0 -28"><span class='ocrx_word' id='word_1_15' title='bbox 674 711 936 779; x_wconf 88' lang='lat' dir='ltr'><strong>invitati</strong></span> <span class='ocrx_word' id='word_1_16' title='bbox 970 709 1466 805; x_wconf 86' lang='lat' dir='ltr'><strong>propinquitate</strong></span> <span class='ocrx_word' id='word_1_17' title='bbox 1501 708 1921 802; x_wconf 77' lang='lat' dir='ltr'><strong>superiorum</strong></span> <span class='ocrx_word' id='word_1_18' title='bbox 1960 721 2365 793; x_wconf 85' lang='lat' dir='ltr'><strong>castrorum,</strong></span> <span class='ocrx_word' id='word_1_19' title='bbox 2408 707 2731 802; x_wconf 89' lang='lat' dir='ltr'><strong>depositis</strong></span> <span class='ocrx_word' id='word_1_20' title='bbox 2761 710 2823 776; x_wconf 89' lang='lat' dir='ltr'><strong>in</strong></span> 
     </span>
     <span class='ocr_line' id='line_1_4' title="bbox 676 812 2823 907; baseline -0.001 -22"><span class='ocrx_word' id='word_1_21' title='bbox 676 817 1117 885; x_wconf 86' lang='lat' dir='ltr'><strong>contubernio</strong></span> <span class='ocrx_word' id='word_1_22' title='bbox 1160 817 1359 884; x_wconf 91' lang='lat' dir='ltr'><strong>armis</strong></span> <span class='ocrx_word' id='word_1_23' title='bbox 1373 813 1422 902; x_wconf 81' lang='lat'><strong>²,</strong></span> <span class='ocrx_word' id='word_1_24' title='bbox 1463 812 1713 882; x_wconf 88' lang='lat' dir='ltr'><strong>vallum</strong></span> <span class='ocrx_word' id='word_1_25' title='bbox 1756 813 2235 907; x_wconf 82' lang='lat' dir='ltr'><strong>relinquebant.</strong></span> <span class='ocrx_word' id='word_1_26' title='bbox 2300 814 2567 902; x_wconf 86' lang='lat' dir='ltr'><strong>Quibus</strong></span> <span class='ocrx_word' id='word_1_27' title='bbox 2614 814 2702 882; x_wconf 91' lang='lat' dir='ltr'><strong>ad</strong></span> <span class='ocrx_word' id='word_1_28' title='bbox 2736 840 2823 883; x_wconf 89' lang='lat' dir='ltr'><strong>se-</strong></span> 
     </span>
     <span class='ocr_line' id='line_1_5' title="bbox 680 920 2823 1017; baseline -0.001 -26"><span class='ocrx_word' id='word_1_29' title='bbox 680 923 1019 1017; x_wconf 88' lang='lat' dir='ltr'><strong>quendum</strong></span> <span class='ocrx_word' id='word_1_30' title='bbox 1043 922 1376 1017; x_wconf 89' lang='lat' dir='ltr'><strong>impeditis</strong></span> <span class='ocrx_word' id='word_1_31' title='bbox 1387 974 1407 1009; x_wconf 86' lang='lat'>‚</span> <span class='ocrx_word' id='word_1_32' title='bbox 1423 923 1669 1006; x_wconf 83' lang='lat' dir='ltr'><strong>Caesar,</strong></span> <span class='ocrx_word' id='word_1_33' title='bbox 1686 920 1867 1015; x_wconf 91' lang='lat' dir='ltr'><strong>quod</strong></span> <span class='ocrx_word' id='word_1_34' title='bbox 1881 921 2025 990; x_wconf 88' lang='lat' dir='ltr'><strong>fore</strong></span> <span class='ocrx_word' id='word_1_35' title='bbox 2042 920 2449 1015; x_wconf 83' lang='lat' dir='ltr'><strong>providerat,</strong></span> <span class='ocrx_word' id='word_1_36' title='bbox 2463 921 2823 990; x_wconf 86' lang='lat' dir='ltr'><strong>meridiano</strong></span> 
     </span>
     <span class='ocr_line' id='line_1_6' title="bbox 675 1027 2822 1124; baseline -0.001 -26"><span class='ocrx_word' id='word_1_37' title='bbox 675 1029 814 1098; x_wconf 85' lang='lat' dir='ltr'><strong>fere</strong></span> <span class='ocrx_word' id='word_1_38' title='bbox 851 1045 1185 1123; x_wconf 84' lang='lat' dir='ltr'><strong>tempore,</strong></span> <span class='ocrx_word' id='word_1_39' title='bbox 1229 1030 1420 1124; x_wconf 84' lang='lat' dir='ltr'><strong>signo</strong></span> <span class='ocrx_word' id='word_1_40' title='bbox 1461 1028 1893 1122; x_wconf 88' lang='lat' dir='ltr'><strong>profectionis</strong></span> <span class='ocrx_word' id='word_1_41' title='bbox 1938 1027 2097 1097; x_wconf 90' lang='lat' dir='ltr'><strong>dato</strong></span> <span class='ocrx_word' id='word_1_42' title='bbox 2118 1081 2137 1116; x_wconf 84' lang='lat'>‚</span> <span class='ocrx_word' id='word_1_43' title='bbox 2168 1028 2533 1096; x_wconf 85' lang='lat' dir='ltr'><strong>exercitum</strong></span> <span class='ocrx_word' id='word_1_44' title='bbox 2581 1028 2822 1115; x_wconf 86' lang='lat' dir='ltr'><strong>educit,</strong></span> 
     </span>
     <span class='ocr_line' id='line_1_7' title="bbox 675 1121 2822 1230; baseline 0 -27"><span class='ocrx_word' id='word_1_45' title='bbox 675 1134 1146 1230; x_wconf 87' lang='lat' dir='ltr'><strong>duplicatoque</strong></span> <span class='ocrx_word' id='word_1_46' title='bbox 1189 1136 1329 1228; x_wconf 89' lang='lat' dir='ltr'><strong>ejus</strong></span> <span class='ocrx_word' id='word_1_47' title='bbox 1389 1135 1519 1204; x_wconf 91' lang='lat' dir='ltr'><strong>diei</strong></span> <span class='ocrx_word' id='word_1_48' title='bbox 1580 1136 1850 1221; x_wconf 87' lang='lat' dir='ltr'><strong>itinere,</strong></span> <span class='ocrx_word' id='word_1_49' title='bbox 1892 1148 2046 1203; x_wconf 89' lang='lat' dir='ltr'><strong>octo</strong></span> <span class='ocrx_word' id='word_1_50' title='bbox 2095 1131 2301 1202; x_wconf 88' lang='lat' dir='ltr'><strong>millia</strong></span> <span class='ocrx_word' id='word_1_51' title='bbox 2346 1121 2711 1227; x_wconf 74' lang='lat' dir='ltr'><strong>passuum³</strong></span> <span class='ocrx_word' id='word_1_52' title='bbox 2752 1160 2822 1203; x_wconf 86' lang='lat' dir='ltr'><strong>ex</strong></span> 
     </span>
     <span class='ocr_line' id='line_1_8' title="bbox 673 1239 2819 1339; baseline 0 -28"><span class='ocrx_word' id='word_1_53' title='bbox 673 1267 755 1311; x_wconf 89' lang='lat' dir='ltr'><strong>eo</strong></span> <span class='ocrx_word' id='word_1_54' title='bbox 797 1242 946 1312; x_wconf 89' lang='lat' dir='ltr'><strong>loco</strong></span> <span class='ocrx_word' id='word_1_55' title='bbox 989 1241 1266 1312; x_wconf 88' lang='lat' dir='ltr'><strong>discedit</strong></span> <span class='ocrx_word' id='word_1_56' title='bbox 1297 1266 1312 1311; x_wconf 74' lang='grc' dir='ltr'><strong><em>ε</em></strong></span> <span class='ocrx_word' id='word_1_57' title='bbox 1343 1242 1527 1339; x_wconf 88' lang='lat' dir='ltr'><strong>quod</strong></span> <span class='ocrx_word' id='word_1_58' title='bbox 1560 1240 1777 1311; x_wconf 89' lang='lat' dir='ltr'><strong>facere</strong></span> <span class='ocrx_word' id='word_1_59' title='bbox 1814 1242 2171 1335; x_wconf 89' lang='lat' dir='ltr'><strong>Pompeius</strong></span> <span class='ocrx_word' id='word_1_60' title='bbox 2207 1239 2501 1311; x_wconf 83' lang='lat' dir='ltr'><strong>discessu</strong></span> <span class='ocrx_word' id='word_1_61' title='bbox 2544 1240 2819 1312; x_wconf 89' lang='lat' dir='ltr'><strong>militum</strong></span> 
     </span>
     <span class='ocr_line' id='line_1_9' title="bbox 676 1351 1096 1445; baseline -0.002 -27"><span class='ocrx_word' id='word_1_62' title='bbox 676 1375 814 1419; x_wconf 92' lang='lat' dir='ltr'><strong>non</strong></span> <span class='ocrx_word' id='word_1_63' title='bbox 858 1351 1096 1445; x_wconf 87' lang='lat' dir='ltr'><strong>potuit.</strong></span> 
     </span>
    </p>

    <p class='ocr_par' dir='ltr' id='par_1_3' title="bbox 671 1452 2818 2598">
     <span class='ocr_line' id='line_1_10' title="bbox 781 1452 2818 1549; baseline -0.001 -24"><span class='ocrx_word' id='word_1_64' title='bbox 781 1458 1132 1527; x_wconf 78' lang='lat' dir='ltr'><strong>LXXVII.</strong></span> <span class='ocrx_word' id='word_1_65' title='bbox 1178 1459 1454 1525; x_wconf 90' lang='lat' dir='ltr'><strong>Postero</strong></span> <span class='ocrx_word' id='word_1_66' title='bbox 1483 1455 1591 1524; x_wconf 91' lang='lat' dir='ltr'><strong>die</strong></span> <span class='ocrx_word' id='word_1_67' title='bbox 1623 1456 1880 1542; x_wconf 70' lang='lat' dir='ltr'><strong>Caesar,</strong></span> <span class='ocrx_word' id='word_1_68' title='bbox 1909 1452 2205 1523; x_wconf 81' lang='lat' dir='ltr'><strong>similiter</strong></span> <span class='ocrx_word' id='word_1_69' title='bbox 2231 1454 2586 1548; x_wconf 85' lang='lat' dir='ltr'><strong>praemissis</strong></span> <span class='ocrx_word' id='word_1_70' title='bbox 2614 1456 2818 1549; x_wconf 86' lang='lat' dir='ltr'><strong>prima</strong></span> 
     </span>
     <span class='ocr_line' id='line_1_11' title="bbox 674 1560 2815 1657; baseline 0.001 -29"><span class='ocrx_word' id='word_1_71' title='bbox 674 1577 874 1632; x_wconf 90' lang='lat' dir='ltr'><strong>nocte</strong></span> <span class='ocrx_word' id='word_1_72' title='bbox 911 1563 1428 1657; x_wconf 76' lang='lat' dir='ltr'><strong>impedimenti8‚</strong></span> <span class='ocrx_word' id='word_1_73' title='bbox 1472 1562 1556 1631; x_wconf 92' lang='lat' dir='ltr'><strong>de</strong></span> <span class='ocrx_word' id='word_1_74' title='bbox 1600 1577 1839 1657; x_wconf 85' lang='lat' dir='ltr'><strong>quarta</strong></span> <span class='ocrx_word' id='word_1_75' title='bbox 1874 1560 2098 1656; x_wconf 84' lang='lat' dir='ltr'><strong>vigilia</strong></span> <span class='ocrx_word' id='word_1_76' title='bbox 2137 1562 2276 1655; x_wconf 89' lang='lat' dir='ltr'><strong>ipse</strong></span> <span class='ocrx_word' id='word_1_77' title='bbox 2320 1560 2697 1655; x_wconf 85' lang='lat' dir='ltr'><strong>egreditur,</strong></span> <span class='ocrx_word' id='word_1_78' title='bbox 2728 1578 2815 1648; x_wconf 89' lang='lat' dir='ltr'><strong>ut,</strong></span> 
     </span>
     <span class='ocr_line' id='line_1_12' title="bbox 673 1668 2815 1764; baseline 0 -27"><span class='ocrx_word' id='word_1_79' title='bbox 673 1670 726 1737; x_wconf 91' lang='lat' dir='ltr'><strong>si</strong></span> <span class='ocrx_word' id='word_1_80' title='bbox 756 1694 886 1764; x_wconf 88' lang='lat' dir='ltr'><strong>qua</strong></span> <span class='ocrx_word' id='word_1_81' title='bbox 918 1671 1224 1764; x_wconf 87' lang='lat' dir='ltr'><strong>imposita</strong></span> <span class='ocrx_word' id='word_1_82' title='bbox 1261 1684 1434 1739; x_wconf 91' lang='lat' dir='ltr'><strong>esset</strong></span> <span class='ocrx_word' id='word_1_83' title='bbox 1463 1668 1823 1737; x_wconf 90' lang='lat' dir='ltr'><strong>dimicandi</strong></span> <span class='ocrx_word' id='word_1_84' title='bbox 1858 1668 2246 1752; x_wconf 80' lang='lat' dir='ltr'><strong>necessitas,</strong></span> <span class='ocrx_word' id='word_1_85' title='bbox 2270 1668 2568 1736; x_wconf 88' lang='lat' dir='ltr'><strong>subitum</strong></span> <span class='ocrx_word' id='word_1_86' title='bbox 2600 1693 2815 1737; x_wconf 89' lang='lat' dir='ltr'><strong>casum</strong></span> 
     </span>
     <span class='ocr_line' id='line_1_13' title="bbox 672 1774 2811 1870; baseline 0 -27"><span class='ocrx_word' id='word_1_87' title='bbox 672 1775 980 1870; x_wconf 84' lang='lat' dir='ltr'><strong>expedito</strong></span> <span class='ocrx_word' id='word_1_88' title='bbox 1018 1778 1314 1845; x_wconf 84' lang='lat' dir='ltr'><strong>exercitu</strong></span> <span class='ocrx_word' id='word_1_89' title='bbox 1359 1776 1627 1850; x_wconf 86' lang='lat' dir='ltr'><strong>subiret.</strong></span> <span class='ocrx_word' id='word_1_90' title='bbox 1668 1778 1816 1844; x_wconf 90' lang='lat' dir='ltr'><strong>Hoc</strong></span> <span class='ocrx_word' id='word_1_91' title='bbox 1854 1774 2030 1844; x_wconf 88' lang='lat' dir='ltr'><strong>idem</strong></span> <span class='ocrx_word' id='word_1_92' title='bbox 2069 1774 2339 1868; x_wconf 84' lang='lat' dir='ltr'><strong>reliquis</strong></span> <span class='ocrx_word' id='word_1_93' title='bbox 2378 1774 2538 1843; x_wconf 88' lang='lat' dir='ltr'><strong>fecit</strong></span> <span class='ocrx_word' id='word_1_94' title='bbox 2572 1774 2811 1845; x_wconf 80' lang='lat' dir='ltr'><strong>diebus,</strong></span> 
     </span>
     <span class='ocr_line' id='line_1_14' title="bbox 674 1880 2815 1977; baseline -0 -27"><span class='ocrx_word' id='word_1_95' title='bbox 674 1882 936 1969; x_wconf 76' lang='lat' dir='ltr'><strong>Quibus</strong></span> <span class='ocrx_word' id='word_1_96' title='bbox 967 1882 1164 1951; x_wconf 89' lang='lat' dir='ltr'><strong>rebus</strong></span> <span class='ocrx_word' id='word_1_97' title='bbox 1191 1882 1566 1977; x_wconf 84' lang='lat' dir='ltr'><strong>perfectum</strong></span> <span class='ocrx_word' id='word_1_98' title='bbox 1594 1895 1722 1969; x_wconf 83' lang='lat' dir='ltr'><strong>est,</strong></span> <span class='ocrx_word' id='word_1_99' title='bbox 1752 1895 1828 1951; x_wconf 88' lang='lat' dir='ltr'><strong>ut</strong></span> <span class='ocrx_word' id='word_1_100' title='bbox 1857 1881 2185 1951; x_wconf 85' lang='lat' dir='ltr'><strong>altissimis</strong></span> <span class='ocrx_word' id='word_1_101' title='bbox 2215 1880 2605 1951; x_wconf 83' lang='lat' dir='ltr'><strong>fluminibus</strong></span> <span class='ocrx_word' id='word_1_102' title='bbox 2633 1896 2815 1977; x_wconf 84' lang='lat' dir='ltr'><strong>atque</strong></span> 
     </span>
     <span class='ocr_line' id='line_1_15' title="bbox 673 1987 2813 2083; baseline 0.001 -30"><span class='ocrx_word' id='word_1_103' title='bbox 673 1989 1186 2083; x_wconf 87' lang='lat' dir='ltr'><strong>impeditissimis</strong></span> <span class='ocrx_word' id='word_1_104' title='bbox 1225 1989 1581 2057; x_wconf 68' lang='lat' dir='ltr'><strong>itineribus*</strong></span> <span class='ocrx_word' id='word_1_105' title='bbox 1629 1987 1887 2058; x_wconf 89' lang='lat' dir='ltr'><strong>nullum</strong></span> <span class='ocrx_word' id='word_1_106' title='bbox 1932 1990 2265 2083; x_wconf 87' lang='lat' dir='ltr'><strong>acciperet</strong></span> <span class='ocrx_word' id='word_1_107' title='bbox 2305 1988 2813 2057; x_wconf 86' lang='lat' dir='ltr'><strong>incommodum.</strong></span> 
     </span>
     <span class='ocr_line' id='line_1_16' title="bbox 673 2094 2813 2190; baseline 0.001 -30"><span class='ocrx_word' id='word_1_108' title='bbox 673 2094 1029 2190; x_wconf 88' lang='lat' dir='ltr'><strong>Pompeius</strong></span> <span class='ocrx_word' id='word_1_109' title='bbox 1055 2097 1264 2184; x_wconf 86' lang='lat' dir='ltr'><strong>enim,</strong></span> <span class='ocrx_word' id='word_1_110' title='bbox 1291 2097 1488 2190; x_wconf 89' lang='lat' dir='ltr'><strong>primi</strong></span> <span class='ocrx_word' id='word_1_111' title='bbox 1518 2096 1647 2163; x_wconf 89' lang='lat' dir='ltr'><strong>diei</strong></span> <span class='ocrx_word' id='word_1_112' title='bbox 1674 2120 1863 2165; x_wconf 91' lang='lat' dir='ltr'><strong>mora</strong></span> <span class='ocrx_word' id='word_1_113' title='bbox 1889 2094 2103 2183; x_wconf 86' lang='lat' dir='ltr'><strong>illata,</strong></span> <span class='ocrx_word' id='word_1_114' title='bbox 2134 2110 2202 2164; x_wconf 90' lang='lat' dir='ltr'><strong>et</strong></span> <span class='ocrx_word' id='word_1_115' title='bbox 2232 2094 2644 2188; x_wconf 88' lang='lat' dir='ltr'><strong>reliquorum</strong></span> <span class='ocrx_word' id='word_1_116' title='bbox 2689 2095 2813 2163; x_wconf 85' lang='lat' dir='ltr'><strong>die·</strong></span> 
     </span>
     <span class='ocr_line' id='line_1_17' title="bbox 676 2201 2815 2297; baseline 0.001 -31"><span class='ocrx_word' id='word_1_117' title='bbox 676 2225 824 2269; x_wconf 91' lang='lat' dir='ltr'><strong>rum</strong></span> <span class='ocrx_word' id='word_1_118' title='bbox 867 2202 1113 2271; x_wconf 86' lang='lat' dir='ltr'><strong>frustra</strong></span> <span class='ocrx_word' id='word_1_119' title='bbox 1150 2201 1376 2271; x_wconf 88' lang='lat' dir='ltr'><strong>labore</strong></span> <span class='ocrx_word' id='word_1_120' title='bbox 1427 2216 1771 2297; x_wconf 76' lang='lat' dir='ltr'><strong>suscepte,</strong></span> <span class='ocrx_word' id='word_1_121' title='bbox 1809 2227 2016 2297; x_wconf 89' lang='lat' dir='ltr'><strong>quum</strong></span> <span class='ocrx_word' id='word_1_122' title='bbox 2063 2227 2131 2270; x_wconf 89' lang='lat' dir='ltr'><strong>se</strong></span> <span class='ocrx_word' id='word_1_123' title='bbox 2172 2206 2431 2296; x_wconf 83' lang='lat' dir='ltr'><strong>magnis</strong></span> <span class='ocrx_word' id='word_1_124' title='bbox 2486 2204 2815 2287; x_wconf 72' lang='lat' dir='ltr'><strong>itineribus</strong></span> 
     </span>
     <span class='ocr_line' id='line_1_18' title="bbox 675 2307 2813 2403; baseline -0.002 -22"><span class='ocrx_word' id='word_1_125' title='bbox 675 2309 1093 2397; x_wconf 86' lang='lat' dir='ltr'><strong>extenderet,</strong></span> <span class='ocrx_word' id='word_1_126' title='bbox 1126 2324 1194 2379; x_wconf 89' lang='lat' dir='ltr'><strong>et</strong></span> <span class='ocrx_word' id='word_1_127' title='bbox 1236 2307 1669 2403; x_wconf 66' lang='lat' dir='ltr'><strong>praegressos*</strong></span> <span class='ocrx_word' id='word_1_128' title='bbox 1716 2309 2032 2403; x_wconf 88' lang='lat' dir='ltr'><strong>consequi</strong></span> <span class='ocrx_word' id='word_1_129' title='bbox 2075 2323 2384 2403; x_wconf 83' lang='lat' dir='ltr'><strong>cuperet,</strong></span> <span class='ocrx_word' id='word_1_130' title='bbox 2429 2324 2669 2403; x_wconf 86' lang='lat' dir='ltr'><strong>quarto</strong></span> <span class='ocrx_word' id='word_1_131' title='bbox 2722 2308 2813 2376; x_wconf 87' lang='lat' dir='ltr'><strong>die</strong></span> 
     </span>
     <span class='ocr_line' id='line_1_19' title="bbox 671 2414 2809 2512; baseline -0.003 -25"><span class='ocrx_word' id='word_1_132' title='bbox 671 2418 875 2487; x_wconf 88' lang='lat' dir='ltr'><strong>finem</strong></span> <span class='ocrx_word' id='word_1_133' title='bbox 928 2416 1246 2512; x_wconf 85' lang='lat' dir='ltr'><strong>sequendi</strong></span> <span class='ocrx_word' id='word_1_134' title='bbox 1290 2416 1478 2504; x_wconf 87' lang='lat' dir='ltr'><strong>fecit,</strong></span> <span class='ocrx_word' id='word_1_135' title='bbox 1535 2430 1734 2511; x_wconf 88' lang='lat' dir='ltr'><strong>atque</strong></span> <span class='ocrx_word' id='word_1_136' title='bbox 1780 2415 1958 2484; x_wconf 91' lang='lat' dir='ltr'><strong>aliud</strong></span> <span class='ocrx_word' id='word_1_137' title='bbox 2004 2414 2133 2484; x_wconf 83' lang='lat' dir='ltr'><strong>&#39;sibi</strong></span> <span class='ocrx_word' id='word_1_138' title='bbox 2174 2414 2527 2485; x_wconf 90' lang='lat' dir='ltr'><strong>consilium</strong></span> <span class='ocrx_word' id='word_1_139' title='bbox 2568 2417 2809 2511; x_wconf 81' lang='lat' dir='ltr'><strong>capien-</strong></span> 
     </span>
     <span class='ocr_line' id='line_1_20' title="bbox 673 2506 1333 2598; baseline -0.003 -2"><span class='ocrx_word' id='word_1_140' title='bbox 673 2527 835 2598; x_wconf 92' lang='lat' dir='ltr'><strong>dum</strong></span> <span class='ocrx_word' id='word_1_141' title='bbox 871 2525 1288 2598; x_wconf 80' lang='lat' dir='ltr'><strong>existimavit.</strong></span> <span class='ocrx_word' id='word_1_142' title='bbox 1313 2506 1333 2523; x_wconf 27' lang='grc' dir='ltr'>κ</span> 
     </span>
    </p>

    <p class='ocr_par' dir='ltr' id='par_1_4' title="bbox 781 2629 2809 2726">
     <span class='ocr_line' id='line_1_21' title="bbox 781 2629 2809 2726; baseline -0.003 -23"><span class='ocrx_word' id='word_1_143' title='bbox 781 2633 1170 2710; x_wconf 75' lang='lat' dir='ltr'><strong>LXXVIII,</strong></span> <span class='ocrx_word' id='word_1_144' title='bbox 1209 2632 1487 2718; x_wconf 77' lang='lat' dir='ltr'><strong>Caesari,</strong></span> <span class='ocrx_word' id='word_1_145' title='bbox 1515 2630 1602 2698; x_wconf 89' lang='lat' dir='ltr'><strong>ad</strong></span> <span class='ocrx_word' id='word_1_146' title='bbox 1635 2632 1892 2712; x_wconf 83' lang='lat' dir='ltr'><strong>saucios</strong></span> <span class='ocrx_word' id='word_1_147' title='bbox 1921 2629 2388 2725; x_wconf 79' lang='lat' dir='ltr'><strong>deponendOS‚</strong></span> <span class='ocrx_word' id='word_1_148' title='bbox 2424 2631 2809 2726; x_wconf 88' lang='lat' dir='ltr'><strong>stipendium</strong></span> 
     </span>
    </p>
   </div>
   <div class='ocr_carea' id='block_1_3' title="bbox 667 2831 1710 4180">
    <p class='ocr_par' dir='ltr' id='par_1_5' title="bbox 672 2831 1710 3849">
     <span class='ocr_line' id='line_1_22' title="bbox 757 2831 1706 2904; baseline -0.002 -18"><span class='ocrx_word' id='word_1_149' title='bbox 757 2854 806 2886; x_wconf 81' lang='lat'><strong>2.</strong></span> <span class='ocrx_word' id='word_1_150' title='bbox 850 2833 1096 2904; x_wconf 73' lang='lat' dir='ltr'><strong>Depositis</strong></span> <span class='ocrx_word' id='word_1_151' title='bbox 1127 2835 1178 2884; x_wconf 78' lang='grc' dir='ltr'><strong>ἰιι</strong></span> <span class='ocrx_word' id='word_1_152' title='bbox 1206 2831 1514 2887; x_wconf 77' lang='lat' dir='ltr'><strong>contubernio</strong></span> <span class='ocrx_word' id='word_1_153' title='bbox 1542 2837 1706 2890; x_wconf 74' lang='lat' dir='ltr'><strong>armis.</strong></span> 
     </span>
     <span class='ocr_line' id='line_1_23' title="bbox 675 2911 1709 2985; baseline -0.003 -18"><span class='ocrx_word' id='word_1_154' title='bbox 675 2914 746 2967; x_wconf 87' lang='lat' dir='ltr'><strong>Et</strong></span> <span class='ocrx_word' id='word_1_155' title='bbox 763 2911 821 2965; x_wconf 91' lang='lat' dir='ltr'><strong>id</strong></span> <span class='ocrx_word' id='word_1_156' title='bbox 845 2913 1179 2985; x_wconf 66' lang='lat' dir='ltr'><strong>negligentia</strong></span> <span class='ocrx_word' id='word_1_157' title='bbox 1201 2912 1447 2984; x_wconf 89' lang='lat' dir='ltr'><strong>Pompeii</strong></span> <span class='ocrx_word' id='word_1_158' title='bbox 1471 2912 1709 2964; x_wconf 87' lang='lat' dir='ltr'><strong>tribuen-</strong></span> 
     </span>
     <span class='ocr_line' id='line_1_24' title="bbox 676 2990 1707 3065; baseline -0.003 -18"><span class='ocrx_word' id='word_1_159' title='bbox 676 2993 806 3048; x_wconf 89' lang='lat' dir='ltr'><strong>dum</strong></span> <span class='ocrx_word' id='word_1_160' title='bbox 826 3031 843 3058; x_wconf 90' lang='lat'>,</span> <span class='ocrx_word' id='word_1_161' title='bbox 874 3006 1032 3065; x_wconf 86' lang='lat' dir='ltr'><strong>atque</strong></span> <span class='ocrx_word' id='word_1_162' title='bbox 1057 2990 1439 3045; x_wconf 84' lang='lat' dir='ltr'><strong>damnandum.</strong></span> <span class='ocrx_word' id='word_1_163' title='bbox 1479 2993 1707 3049; x_wconf 70' lang='lat' dir='ltr'><strong>Praeter-</strong></span> 
     </span>
     <span class='ocr_line' id='line_1_25' title="bbox 675 3073 1708 3147; baseline -0.002 -21"><span class='ocrx_word' id='word_1_164' title='bbox 675 3093 835 3147; x_wconf 87' lang='lat' dir='ltr'><strong>quam</strong></span> <span class='ocrx_word' id='word_1_165' title='bbox 862 3073 1009 3145; x_wconf 89' lang='lat' dir='ltr'><strong>quod</strong></span> <span class='ocrx_word' id='word_1_166' title='bbox 1039 3073 1185 3126; x_wconf 89' lang='lat' dir='ltr'><strong>enim</strong></span> <span class='ocrx_word' id='word_1_167' title='bbox 1201 3111 1218 3138; x_wconf 92' lang='lat'>,</span> <span class='ocrx_word' id='word_1_168' title='bbox 1245 3085 1399 3144; x_wconf 87' lang='lat' dir='ltr'><strong>parte</strong></span> <span class='ocrx_word' id='word_1_169' title='bbox 1430 3074 1708 3144; x_wconf 85' lang='lat' dir='ltr'><strong>copiarum</strong></span> 
     </span>
     <span class='ocr_line' id='line_1_26' title="bbox 674 3153 1710 3224; baseline -0.004 -16"><span class='ocrx_word' id='word_1_170' title='bbox 674 3171 893 3208; x_wconf 88' lang='lat' dir='ltr'><strong>suarum</strong></span> <span class='ocrx_word' id='word_1_171' title='bbox 917 3155 1081 3206; x_wconf 86' lang='lat' dir='ltr'><strong>orbus</strong></span> <span class='ocrx_word' id='word_1_172' title='bbox 1095 3191 1112 3218; x_wconf 92' lang='lat'>,</span> <span class='ocrx_word' id='word_1_173' title='bbox 1142 3153 1404 3224; x_wconf 65' lang='lat' dir='ltr'><strong>Caesarem</strong></span> <span class='ocrx_word' id='word_1_174' title='bbox 1426 3171 1598 3224; x_wconf 83' lang='lat' dir='ltr'><strong>prope</strong></span> <span class='ocrx_word' id='word_1_175' title='bbox 1627 3153 1710 3204; x_wconf 85' lang='lat' dir='ltr'><strong>fu-</strong></span> 
     </span>
     <span class='ocr_line' id='line_1_27' title="bbox 672 3233 1707 3310; baseline -0.003 -23"><span class='ocrx_word' id='word_1_176' title='bbox 672 3235 905 3310; x_wconf 77' lang='lat' dir='ltr'><strong>gientem</strong></span> <span class='ocrx_word' id='word_1_177' title='bbox 956 3234 1165 3305; x_wconf 87' lang='lat' dir='ltr'><strong>insequi</strong></span> <span class='ocrx_word' id='word_1_178' title='bbox 1221 3251 1332 3285; x_wconf 90' lang='lat' dir='ltr'><strong>non</strong></span> <span class='ocrx_word' id='word_1_179' title='bbox 1386 3233 1556 3287; x_wconf 85' lang='lat' dir='ltr'><strong>valuit</strong></span> <span class='ocrx_word' id='word_1_180' title='bbox 1582 3271 1600 3298; x_wconf 93' lang='lat'>‚</span> <span class='ocrx_word' id='word_1_181' title='bbox 1643 3251 1707 3285; x_wconf 90' lang='lat' dir='ltr'><strong>eo</strong></span> 
     </span>
     <span class='ocr_line' id='line_1_28' title="bbox 673 3313 1708 3387; baseline -0.003 -19"><span class='ocrx_word' id='word_1_182' title='bbox 673 3313 933 3387; x_wconf 86' lang='lat' dir='ltr'><strong>perducta</strong></span> <span class='ocrx_word' id='word_1_183' title='bbox 975 3333 1061 3368; x_wconf 86' lang='lat' dir='ltr'><strong>res</strong></span> <span class='ocrx_word' id='word_1_184' title='bbox 1105 3325 1218 3367; x_wconf 82' lang='lat' dir='ltr'><strong>erat</strong></span> <span class='ocrx_word' id='word_1_185' title='bbox 1232 3352 1249 3379; x_wconf 88' lang='lat'><strong><em>‚</em></strong></span> <span class='ocrx_word' id='word_1_186' title='bbox 1302 3325 1365 3366; x_wconf 89' lang='lat' dir='ltr'><strong>ut</strong></span> <span class='ocrx_word' id='word_1_187' title='bbox 1381 3354 1397 3382; x_wconf 86' lang='lat'>,</span> <span class='ocrx_word' id='word_1_188' title='bbox 1441 3313 1485 3365; x_wconf 90' lang='lat' dir='ltr'><strong>si</strong></span> <span class='ocrx_word' id='word_1_189' title='bbox 1532 3313 1708 3366; x_wconf 85' lang='lat' dir='ltr'><strong>Caesar</strong></span> 
     </span>
     <span class='ocr_line' id='line_1_29' title="bbox 677 3393 1707 3465; baseline -0.002 -17"><span class='ocrx_word' id='word_1_190' title='bbox 677 3413 801 3448; x_wconf 90' lang='lat' dir='ltr'><strong>eum</strong></span> <span class='ocrx_word' id='word_1_191' title='bbox 827 3393 1075 3461; x_wconf 68' lang='lat' dir='ltr'><strong>obsidere</strong></span> <span class='ocrx_word' id='word_1_192' title='bbox 1105 3394 1356 3448; x_wconf 80' lang='lat' dir='ltr'><strong>voluisset</strong></span> <span class='ocrx_word' id='word_1_193' title='bbox 1370 3433 1386 3459; x_wconf 93' lang='lat'>‚</span> <span class='ocrx_word' id='word_1_194' title='bbox 1419 3393 1558 3445; x_wconf 85' lang='lat' dir='ltr'><strong>forte</strong></span> <span class='ocrx_word' id='word_1_195' title='bbox 1583 3411 1707 3465; x_wconf 88' lang='lat' dir='ltr'><strong>per·</strong></span> 
     </span>
     <span class='ocr_line' id='line_1_30' title="bbox 675 3471 1706 3548; baseline -0.003 -20"><span class='ocrx_word' id='word_1_196' title='bbox 675 3475 904 3548; x_wconf 80' lang='lat' dir='ltr'><strong>rupisset</strong></span> <span class='ocrx_word' id='word_1_197' title='bbox 940 3488 1110 3529; x_wconf 86' lang='lat' dir='ltr'><strong>castra</strong></span> <span class='ocrx_word' id='word_1_198' title='bbox 1151 3477 1280 3545; x_wconf 84' lang='lat' dir='ltr'><strong>ejus.</strong></span> <span class='ocrx_word' id='word_1_199' title='bbox 1315 3474 1386 3533; x_wconf 73' lang='lat' dir='ltr'><strong>At</strong></span> <span class='ocrx_word' id='word_1_200' title='bbox 1427 3473 1603 3526; x_wconf 82' lang='lat' dir='ltr'><strong>Caesar</strong></span> <span class='ocrx_word' id='word_1_201' title='bbox 1638 3471 1706 3525; x_wconf 88' lang='lat' dir='ltr'><strong>ad</strong></span> 
     </span>
     <span class='ocr_line' id='line_1_31' title="bbox 676 3551 1703 3628; baseline -0.002 -19"><span class='ocrx_word' id='word_1_202' title='bbox 676 3557 777 3610; x_wconf 84' lang='lat' dir='ltr'><strong>alia</strong></span> <span class='ocrx_word' id='word_1_203' title='bbox 796 3556 1064 3628; x_wconf 83' lang='lat' dir='ltr'><strong>spectabat</strong></span> <span class='ocrx_word' id='word_1_204' title='bbox 1079 3594 1095 3621; x_wconf 90' lang='lat'>‚</span> <span class='ocrx_word' id='word_1_205' title='bbox 1107 3565 1168 3607; x_wconf 86' lang='lat' dir='ltr'><strong>ut</strong></span> <span class='ocrx_word' id='word_1_206' title='bbox 1177 3554 1316 3606; x_wconf 84' lang='lat' dir='ltr'><strong>infra</strong></span> <span class='ocrx_word' id='word_1_207' title='bbox 1323 3551 1508 3609; x_wconf 82' lang='lat' dir='ltr'><strong>videre</strong></span> <span class='ocrx_word' id='word_1_208' title='bbox 1518 3555 1593 3606; x_wconf 84' lang='lat' dir='ltr'><strong>fas</strong></span> <span class='ocrx_word' id='word_1_209' title='bbox 1608 3563 1703 3608; x_wconf 84' lang='lat' dir='ltr'><strong>est.</strong></span> 
     </span>
     <span class='ocr_line' id='line_1_32' title="bbox 674 3635 1709 3704; baseline -0.003 -15"><span class='ocrx_word' id='word_1_210' title='bbox 674 3669 755 3679; x_wconf 93' lang='lat'><strong>—-</strong></span> <span class='ocrx_word' id='word_1_211' title='bbox 785 3636 1157 3689; x_wconf 80' lang='lat' dir='ltr'><strong>Contuberm‘um</strong></span> <span class='ocrx_word' id='word_1_212' title='bbox 1181 3647 1258 3687; x_wconf 87' lang='lat' dir='ltr'><strong>est</strong></span> <span class='ocrx_word' id='word_1_213' title='bbox 1289 3635 1547 3704; x_wconf 85' lang='lat' dir='ltr'><strong>cujusque</strong></span> <span class='ocrx_word' id='word_1_214' title='bbox 1568 3635 1709 3686; x_wconf 87' lang='lat' dir='ltr'><strong>mili-</strong></span> 
     </span>
     <span class='ocr_line' id='line_1_33' title="bbox 676 3715 1705 3788; baseline -0.001 -19"><span class='ocrx_word' id='word_1_215' title='bbox 676 3716 744 3769; x_wconf 83' lang='lat' dir='ltr'><strong>tis</strong></span> <span class='ocrx_word' id='word_1_216' title='bbox 786 3729 840 3768; x_wconf 88' lang='lat' dir='ltr'><strong>et</strong></span> <span class='ocrx_word' id='word_1_217' title='bbox 884 3717 1051 3788; x_wconf 90' lang='lat' dir='ltr'><strong>ipsius</strong></span> <span class='ocrx_word' id='word_1_218' title='bbox 1088 3715 1556 3773; x_wconf 81' lang='lat' dir='ltr'><strong>contubernalium</strong></span> <span class='ocrx_word' id='word_1_219' title='bbox 1588 3727 1705 3768; x_wconf 86' lang='lat' dir='ltr'><strong>ten-</strong></span> 
     </span>
     <span class='ocr_line' id='line_1_34' title="bbox 678 3796 897 3849; baseline 0.005 -1"><span class='ocrx_word' id='word_1_220' title='bbox 678 3796 897 3849; x_wconf 87' lang='lat' dir='ltr'><strong>torium.</strong></span> 
     </span>
    </p>

    <p class='ocr_par' dir='ltr' id='par_1_6' title="bbox 667 3873 1706 4180">
     <span class='ocr_line' id='line_1_35' title="bbox 759 3873 1706 3947; baseline 0 -18"><span class='ocrx_word' id='word_1_221' title='bbox 759 3877 810 3929; x_wconf 89' lang='grc'><strong>3.</strong></span> <span class='ocrx_word' id='word_1_222' title='bbox 844 3875 972 3929; x_wconf 79' lang='lat' dir='ltr'><strong>Octo</strong></span> <span class='ocrx_word' id='word_1_223' title='bbox 994 3873 1148 3926; x_wconf 77' lang='lat' dir='ltr'><strong>millia</strong></span> <span class='ocrx_word' id='word_1_224' title='bbox 1161 3894 1294 3945; x_wconf 81' lang='lat' dir='ltr'><strong>pass.</strong></span> <span class='ocrx_word' id='word_1_225' title='bbox 1320 3875 1566 3947; x_wconf 85' lang='lat' dir='ltr'><strong>Intellige</strong></span> <span class='ocrx_word' id='word_1_226' title='bbox 1589 3875 1706 3929; x_wconf 79' lang='lat' dir='ltr'><strong>Cae-</strong></span> 
     </span>
     <span class='ocr_line' id='line_1_36' title="bbox 674 3952 1701 4028; baseline 0.001 -20"><span class='ocrx_word' id='word_1_227' title='bbox 674 3972 845 4008; x_wconf 76' lang='lat' dir='ltr'><strong>sarem</strong></span> <span class='ocrx_word' id='word_1_228' title='bbox 876 3957 988 4026; x_wconf 87' lang='lat' dir='ltr'><strong>jam</strong></span> <span class='ocrx_word' id='word_1_229' title='bbox 1018 3952 1146 4008; x_wconf 87' lang='lat' dir='ltr'><strong>inde</strong></span> <span class='ocrx_word' id='word_1_230' title='bbox 1179 3973 1335 4008; x_wconf 86' lang='lat' dir='ltr'><strong>mane</strong></span> <span class='ocrx_word' id='word_1_231' title='bbox 1373 3957 1535 4028; x_wconf 86' lang='lat' dir='ltr'><strong>hujus</strong></span> <span class='ocrx_word' id='word_1_232' title='bbox 1565 3955 1701 4022; x_wconf 88' lang='lat' dir='ltr'><strong>diei,</strong></span> 
     </span>
     <span class='ocr_line' id='line_1_37' title="bbox 675 4035 1701 4108; baseline 0.004 -23"><span class='ocrx_word' id='word_1_233' title='bbox 675 4038 769 4096; x_wconf 69' lang='lat' dir='ltr'><strong>iter</strong></span> <span class='ocrx_word' id='word_1_234' title='bbox 793 4038 1009 4104; x_wconf 80' lang='lat' dir='ltr'><strong>justum,</strong></span> <span class='ocrx_word' id='word_1_235' title='bbox 1039 4035 1120 4088; x_wconf 87' lang='lat' dir='ltr'><strong>uti</strong></span> <span class='ocrx_word' id='word_1_236' title='bbox 1155 4054 1314 4108; x_wconf 85' lang='lat' dir='ltr'><strong>supra</strong></span> <span class='ocrx_word' id='word_1_237' title='bbox 1344 4035 1553 4090; x_wconf 89' lang='lat' dir='ltr'><strong>dictum</strong></span> <span class='ocrx_word' id='word_1_238' title='bbox 1582 4049 1659 4090; x_wconf 88' lang='lat' dir='ltr'><strong>est</strong></span> <span class='ocrx_word' id='word_1_239' title='bbox 1684 4074 1701 4102; x_wconf 92' lang='lat'><strong>,</strong></span> 
     </span>
     <span class='ocr_line' id='line_1_38' title="bbox 667 4114 1705 4180; baseline 0.002 -14"><span class='ocrx_word' id='word_1_240' title='bbox 667 4117 865 4180; x_wconf 74' lang='lat' dir='ltr'><strong>secisse,</strong></span> <span class='ocrx_word' id='word_1_241' title='bbox 900 4127 960 4168; x_wconf 87' lang='lat' dir='ltr'><strong>ut</strong></span> <span class='ocrx_word' id='word_1_242' title='bbox 997 4115 1056 4172; x_wconf 84' lang='lat' dir='ltr'><strong>in</strong></span> <span class='ocrx_word' id='word_1_243' title='bbox 1088 4114 1194 4170; x_wconf 81' lang='lat' dir='ltr'><strong>suis</strong></span> <span class='ocrx_word' id='word_1_244' title='bbox 1222 4117 1494 4171; x_wconf 79' lang='lat' dir='ltr'><strong>veteribus</strong></span> <span class='ocrx_word' id='word_1_245' title='bbox 1520 4117 1705 4172; x_wconf 82' lang='lat' dir='ltr'><strong>castris</strong></span> 
     </span>
    </p>
   </div>
   <div class='ocr_carea' id='block_1_4' title="bbox 1779 2830 2810 4189">
    <p class='ocr_par' dir='ltr' id='par_1_7' title="bbox 1792 2830 2810 3626">
     <span class='ocr_line' id='line_1_39' title="bbox 1794 2830 2809 2905; baseline -0.002 -21"><span class='ocrx_word' id='word_1_246' title='bbox 1794 2830 1865 2885; x_wconf 88' lang='lat' dir='ltr'><strong>ad</strong></span> <span class='ocrx_word' id='word_1_247' title='bbox 1892 2830 2241 2904; x_wconf 82' lang='lat' dir='ltr'><strong>Asparagium</strong></span> <span class='ocrx_word' id='word_1_248' title='bbox 2279 2833 2526 2898; x_wconf 79' lang='lat' dir='ltr'><strong>veniret3</strong></span> <span class='ocrx_word' id='word_1_249' title='bbox 2559 2851 2809 2905; x_wconf 86' lang='lat' dir='ltr'><strong>quumque</strong></span> 
     </span>
     <span class='ocr_line' id='line_1_40' title="bbox 1794 2911 2806 2983; baseline 0 -19"><span class='ocrx_word' id='word_1_250' title='bbox 1794 2913 1872 2964; x_wconf 88' lang='lat' dir='ltr'><strong>ibi</strong></span> <span class='ocrx_word' id='word_1_251' title='bbox 1902 2913 2106 2983; x_wconf 84' lang='lat' dir='ltr'><strong>aliquot</strong></span> <span class='ocrx_word' id='word_1_252' title='bbox 2128 2911 2278 2964; x_wconf 82' lang='lat' dir='ltr'><strong>horis</strong></span> <span class='ocrx_word' id='word_1_253' title='bbox 2300 2911 2652 2981; x_wconf 82' lang='lat' dir='ltr'><strong>consedisset,</strong></span> <span class='ocrx_word' id='word_1_254' title='bbox 2670 2915 2806 2966; x_wconf 89' lang='lat' dir='ltr'><strong>Pom·</strong></span> 
     </span>
     <span class='ocr_line' id='line_1_41' title="bbox 1792 2991 2807 3064; baseline -0.001 -20"><span class='ocrx_word' id='word_1_255' title='bbox 1792 2993 2012 3064; x_wconf 84' lang='lat' dir='ltr'><strong>peianos</strong></span> <span class='ocrx_word' id='word_1_256' title='bbox 2054 2991 2321 3064; x_wconf 85' lang='lat' dir='ltr'><strong>dispersos</strong></span> <span class='ocrx_word' id='word_1_257' title='bbox 2362 2993 2774 3046; x_wconf 72' lang='lat' dir='ltr'><strong>animadvertens</strong></span> <span class='ocrx_word' id='word_1_258' title='bbox 2792 3032 2807 3056; x_wconf 88' lang='lat'>‚</span> 
     </span>
     <span class='ocr_line' id='line_1_42' title="bbox 1795 3071 2810 3143; baseline 0.001 -17"><span class='ocrx_word' id='word_1_259' title='bbox 1795 3074 2005 3143; x_wconf 82' lang='lat' dir='ltr'><strong>signum</strong></span> <span class='ocrx_word' id='word_1_260' title='bbox 2022 3072 2369 3143; x_wconf 80' lang='lat' dir='ltr'><strong>profectionis</strong></span> <span class='ocrx_word' id='word_1_261' title='bbox 2384 3071 2625 3138; x_wconf 76' lang='lat' dir='ltr'><strong>dedisse,</strong></span> <span class='ocrx_word' id='word_1_262' title='bbox 2638 3087 2689 3127; x_wconf 90' lang='lat' dir='ltr'><strong>et</strong></span> <span class='ocrx_word' id='word_1_263' title='bbox 2709 3073 2810 3143; x_wconf 79' lang='lat' dir='ltr'><strong>qui·-</strong></span> 
     </span>
     <span class='ocr_line' id='line_1_43' title="bbox 1794 3151 2805 3224; baseline -0.004 -19"><span class='ocrx_word' id='word_1_264' title='bbox 1794 3151 1919 3205; x_wconf 87' lang='lat' dir='ltr'><strong>dem</strong></span> <span class='ocrx_word' id='word_1_265' title='bbox 1938 3191 1954 3218; x_wconf 93' lang='lat'>,</span> <span class='ocrx_word' id='word_1_266' title='bbox 1987 3152 2250 3204; x_wconf 62' lang='lat' dir='ltr'><strong>meridiano</strong></span> <span class='ocrx_word' id='word_1_267' title='bbox 2276 3164 2482 3224; x_wconf 80' lang='lat' dir='ltr'><strong>tempore</strong></span> <span class='ocrx_word' id='word_1_268' title='bbox 2496 3194 2511 3216; x_wconf 89' lang='lat'><strong>,</strong></span> <span class='ocrx_word' id='word_1_269' title='bbox 2540 3153 2685 3206; x_wconf 87' lang='lat' dir='ltr'><strong>unde</strong></span> <span class='ocrx_word' id='word_1_270' title='bbox 2710 3151 2805 3204; x_wconf 88' lang='lat' dir='ltr'><strong>duo</strong></span> 
     </span>
     <span class='ocr_line' id='line_1_44' title="bbox 1794 3231 2806 3299; baseline -0.002 -14"><span class='ocrx_word' id='word_1_271' title='bbox 1794 3234 1987 3286; x_wconf 84' lang='lat' dir='ltr'><strong>itinera</strong></span> <span class='ocrx_word' id='word_1_272' title='bbox 1999 3233 2057 3284; x_wconf 90' lang='lat' dir='ltr'><strong>in</strong></span> <span class='ocrx_word' id='word_1_273' title='bbox 2080 3231 2270 3288; x_wconf 83' lang='lat' dir='ltr'><strong>eodem</strong></span> <span class='ocrx_word' id='word_1_274' title='bbox 2288 3232 2377 3286; x_wconf 86' lang='lat' dir='ltr'><strong>die</strong></span> <span class='ocrx_word' id='word_1_275' title='bbox 2395 3234 2669 3299; x_wconf 79' lang='lat' dir='ltr'><strong>confecta3</strong></span> <span class='ocrx_word' id='word_1_276' title='bbox 2686 3235 2806 3286; x_wconf 82' lang='lat' dir='ltr'><strong>bene</strong></span> 
     </span>
     <span class='ocr_line' id='line_1_45' title="bbox 1796 3313 2800 3386; baseline -0.002 -22"><span class='ocrx_word' id='word_1_277' title='bbox 1796 3313 1960 3384; x_wconf 86' lang='lat' dir='ltr'><strong>igitur</strong></span> <span class='ocrx_word' id='word_1_278' title='bbox 1987 3313 2325 3386; x_wconf 77' lang='lat' dir='ltr'><strong>duplicatoque</strong></span> <span class='ocrx_word' id='word_1_279' title='bbox 2359 3317 2461 3384; x_wconf 84' lang='lat' dir='ltr'><strong>ejus</strong></span> <span class='ocrx_word' id='word_1_280' title='bbox 2494 3315 2597 3367; x_wconf 78' lang='lat' dir='ltr'><strong>diei</strong></span> <span class='ocrx_word' id='word_1_281' title='bbox 2632 3318 2800 3372; x_wconf 76' lang='lat' dir='ltr'><strong>itinere,</strong></span> 
     </span>
     <span class='ocr_line' id='line_1_46' title="bbox 1794 3391 2805 3466; baseline 0.001 -22"><span class='ocrx_word' id='word_1_282' title='bbox 1794 3405 1883 3446; x_wconf 80' lang='lat' dir='ltr'><strong>etc.</strong></span> <span class='ocrx_word' id='word_1_283' title='bbox 1927 3391 1994 3446; x_wconf 84' lang='lat' dir='ltr'><strong>Id</strong></span> <span class='ocrx_word' id='word_1_284' title='bbox 2044 3412 2155 3446; x_wconf 90' lang='lat' dir='ltr'><strong>non</strong></span> <span class='ocrx_word' id='word_1_285' title='bbox 2211 3393 2473 3446; x_wconf 86' lang='lat' dir='ltr'><strong>intellexit</strong></span> <span class='ocrx_word' id='word_1_286' title='bbox 2530 3397 2711 3466; x_wconf 72' lang='lat' dir='ltr'><strong>Turpia</strong></span> <span class='ocrx_word' id='word_1_287' title='bbox 2751 3391 2805 3445; x_wconf 76' lang='lat' dir='ltr'><strong>de</strong></span> 
     </span>
     <span class='ocr_line' id='line_1_47' title="bbox 1797 3472 2803 3536; baseline -0.001 -10"><span class='ocrx_word' id='word_1_288' title='bbox 1797 3472 1964 3526; x_wconf 79' lang='lat' dir='ltr'><strong>Crisse&#39;</strong></span> <span class='ocrx_word' id='word_1_289' title='bbox 1982 3513 1999 3536; x_wconf 90' lang='lat'><strong><em>,</em></strong></span> <span class='ocrx_word' id='word_1_290' title='bbox 2049 3473 2106 3526; x_wconf 87' lang='lat' dir='ltr'><strong>in</strong></span> <span class='ocrx_word' id='word_1_291' title='bbox 2154 3493 2247 3528; x_wconf 88' lang='lat' dir='ltr'><strong>sua</strong></span> <span class='ocrx_word' id='word_1_292' title='bbox 2286 3475 2533 3528; x_wconf 79' lang='lat' dir='ltr'><strong>versione</strong></span> <span class='ocrx_word' id='word_1_293' title='bbox 2578 3474 2761 3528; x_wconf 80' lang='lat' dir='ltr'><strong>Gallica</strong></span> <span class='ocrx_word' id='word_1_294' title='bbox 2786 3509 2803 3534; x_wconf 87' lang='lat'>,</span> 
     </span>
     <span class='ocr_line' id='line_1_48' title="bbox 1794 3553 2327 3626; baseline 0.004 -20"><span class='ocrx_word' id='word_1_295' title='bbox 1794 3553 1860 3609; x_wconf 88' lang='grc' dir='ltr'><strong>Τ.</strong></span> <span class='ocrx_word' id='word_1_296' title='bbox 1890 3555 2008 3619; x_wconf 90' lang='lat'>111,</span> <span class='ocrx_word' id='word_1_297' title='bbox 2041 3573 2161 3626; x_wconf 81' lang='lat' dir='ltr'><strong>pag.</strong></span> <span class='ocrx_word' id='word_1_298' title='bbox 2199 3553 2327 3623; x_wconf 87' lang='lat'><strong>139.</strong></span> 
     </span>
    </p>

    <p class='ocr_par' dir='ltr' id='par_1_8' title="bbox 1779 3629 2803 4189">
     <span class='ocr_line' id='line_1_49' title="bbox 1885 3629 2799 3704; baseline -0.008 -16"><span class='ocrx_word' id='word_1_299' title='bbox 1885 3629 2015 3688; x_wconf 69' lang='lat' dir='ltr'>CAP.</span> <span class='ocrx_word' id='word_1_300' title='bbox 2065 3633 2347 3688; x_wconf 81' lang='lat' dir='ltr'><strong>LXXVII.</strong></span> <span class='ocrx_word' id='word_1_301' title='bbox 2404 3653 2452 3688; x_wconf 74' lang='grc' dir='ltr'><strong>ι.</strong></span> <span class='ocrx_word' id='word_1_302' title='bbox 2501 3636 2799 3704; x_wconf 70' lang='lat' dir='ltr'><strong>Proegmssos.</strong></span> 
     </span>
     <span class='ocr_line' id='line_1_50' title="bbox 1791 3712 2801 3787; baseline -0.005 -20"><span class='ocrx_word' id='word_1_303' title='bbox 1791 3715 1875 3768; x_wconf 87' lang='lat' dir='ltr'><strong>Ita</strong></span> <span class='ocrx_word' id='word_1_304' title='bbox 1916 3712 2269 3787; x_wconf 82' lang='lat' dir='ltr'><strong>Oudendorp.</strong></span> <span class='ocrx_word' id='word_1_305' title='bbox 2285 3753 2302 3781; x_wconf 89' lang='lat'><strong>,</strong></span> <span class='ocrx_word' id='word_1_306' title='bbox 2328 3733 2393 3768; x_wconf 90' lang='lat' dir='ltr'><strong>ex</strong></span> <span class='ocrx_word' id='word_1_307' title='bbox 2438 3714 2621 3768; x_wconf 82' lang='lat' dir='ltr'><strong>codice</strong></span> <span class='ocrx_word' id='word_1_308' title='bbox 2655 3715 2801 3766; x_wconf 80' lang='lat' dir='ltr'><strong>Leva-</strong></span> 
     </span>
     <span class='ocr_line' id='line_1_51' title="bbox 1792 3795 2801 3863; baseline 0 -17"><span class='ocrx_word' id='word_1_309' title='bbox 1792 3795 1983 3849; x_wconf 84' lang='lat' dir='ltr'><strong>niensi.</strong></span> <span class='ocrx_word' id='word_1_310' title='bbox 2034 3795 2139 3848; x_wconf 85' lang='lat' dir='ltr'><strong>Alii</strong></span> <span class='ocrx_word' id='word_1_311' title='bbox 2193 3807 2371 3850; x_wconf 81' lang='lat' dir='ltr'><strong>autem</strong></span> <span class='ocrx_word' id='word_1_312' title='bbox 2416 3795 2617 3849; x_wconf 84' lang='lat' dir='ltr'><strong>habent</strong></span> <span class='ocrx_word' id='word_1_313' title='bbox 2650 3813 2664 3846; x_wconf 93' lang='lat'>:</span> <span class='ocrx_word' id='word_1_314' title='bbox 2695 3811 2801 3863; x_wconf 81' lang='lat' dir='ltr'><strong>pm·</strong></span> 
     </span>
     <span class='ocr_line' id='line_1_52' title="bbox 1789 3872 2801 3947; baseline -0.003 -20"><span class='ocrx_word' id='word_1_315' title='bbox 1789 3893 1978 3946; x_wconf 77' lang='lat' dir='ltr'><strong>gressus</strong></span> <span class='ocrx_word' id='word_1_316' title='bbox 2000 3896 2019 3927; x_wconf 92' lang='lat'><em>:</em></span> <span class='ocrx_word' id='word_1_317' title='bbox 2050 3893 2231 3928; x_wconf 86' lang='lat' dir='ltr'><strong>sensus</strong></span> <span class='ocrx_word' id='word_1_318' title='bbox 2270 3876 2542 3947; x_wconf 82' lang='lat' dir='ltr'><strong>postulare</strong></span> <span class='ocrx_word' id='word_1_319' title='bbox 2579 3872 2801 3934; x_wconf 81' lang='lat' dir='ltr'><strong>videtur,</strong></span> 
     </span>
     <span class='ocr_line' id='line_1_53' title="bbox 1784 3954 2803 4027; baseline 0.002 -21"><span class='ocrx_word' id='word_1_320' title='bbox 1784 3973 2097 4027; x_wconf 69' lang='lat' dir='ltr'><strong>praegressos.</strong></span> <span class='ocrx_word' id='word_1_321' title='bbox 2133 3954 2237 4010; x_wconf 85' lang='lat' dir='ltr'><strong>Sed</strong></span> <span class='ocrx_word' id='word_1_322' title='bbox 2276 3957 2373 4008; x_wconf 83' lang='lat' dir='ltr'><strong>has</strong></span> <span class='ocrx_word' id='word_1_323' title='bbox 2410 3974 2568 4010; x_wconf 80' lang='lat' dir='ltr'><strong>voces</strong></span> <span class='ocrx_word' id='word_1_324' title='bbox 2589 3996 2603 4025; x_wconf 87' lang='lat'>‚</span> <span class='ocrx_word' id='word_1_325' title='bbox 2624 3973 2720 4026; x_wconf 70' lang='grc' dir='ltr'><strong>[ηπ</strong></span> <span class='ocrx_word' id='word_1_326' title='bbox 2750 3962 2803 4002; x_wconf 66' lang='lat' dir='ltr'><strong>et</strong></span> 
     </span>
     <span class='ocr_line' id='line_1_54' title="bbox 1779 4029 2802 4108; baseline 0 -21"><span class='ocrx_word' id='word_1_327' title='bbox 1779 4057 1909 4107; x_wconf 78' lang='lat' dir='ltr'><strong>pm,</strong></span> <span class='ocrx_word' id='word_1_328' title='bbox 1950 4037 2008 4088; x_wconf 91' lang='lat' dir='ltr'><strong>in</strong></span> <span class='ocrx_word' id='word_1_329' title='bbox 2064 4034 2223 4090; x_wconf 86' lang='lat' dir='ltr'><strong>codd.</strong></span> <span class='ocrx_word' id='word_1_330' title='bbox 2272 4036 2557 4108; x_wconf 66' lang='lat' dir='ltr'><strong>saepissime</strong></span> <span class='ocrx_word' id='word_1_331' title='bbox 2613 4029 2802 4088; x_wconf 78' lang='lat' dir='ltr'><strong>misceri</strong></span> 
     </span>
     <span class='ocr_line' id='line_1_55' title="bbox 1788 4115 2571 4189; baseline 0 -20"><span class='ocrx_word' id='word_1_332' title='bbox 1788 4118 1897 4187; x_wconf 84' lang='lat' dir='ltr'><strong>jam</strong></span> <span class='ocrx_word' id='word_1_333' title='bbox 1937 4115 2149 4189; x_wconf 87' lang='lat' dir='ltr'><strong>pridem</strong></span> <span class='ocrx_word' id='word_1_334' title='bbox 2185 4128 2431 4172; x_wconf 81' lang='lat' dir='ltr'><strong>notatum</strong></span> <span class='ocrx_word' id='word_1_335' title='bbox 2475 4129 2571 4170; x_wconf 82' lang='lat' dir='ltr'><strong>est.</strong></span> 
     </span>
    </p>
   </div>
  </div>
 </body>
</html>
