3025 5025
618 509 899 529 mmi
906 509 994 527 m
1001 506 1471 527 mssmmmm
1477 508 2523 530 mmmmmmffissssummm
2530 510 2766 533 mmo!

702 732 1353 824 OBERLINI
1451 730 2672 825 PRAEFATIUNCULA.

1191 1027 1270 1035 ω...-

610 1266 807 1384 JAM
855 1308 1154 1377 Suetonii
1191 1320 1384 1375 aetate
1418 1304 1669 1374 lectum
1712 1330 1854 1375 esse
1891 1304 2137 1375 librum
2171 1306 2257 1376 de
2296 1307 2477 1379 Bello
2522 1314 2759 1408 Hispa-

610 1418 856 1503 niensi,
890 1424 1148 1483 certum
1193 1427 1294 1482 est
1333 1404 1361 1502 (
1394 1415 1665 1482 Sueton.
1704 1410 1835 1481 Jul.
1869 1438 1925 1480 c.
1978 1410 2075 1483 56
2104 1406 2149 1503 ).
2194 1415 2532 1486 Credibile
2569 1422 2760 1489 etiam

607 1524 688 1592 fit
715 1548 751 1591 e
782 1522 930 1591 loco
957 1522 1396 1608 Suetoniano,
1414 1518 1615 1613 hujus
1644 1516 1797 1587 libri
1820 1520 2130 1588 eumdem
2167 1520 2368 1591 ffiisse
2392 1539 2763 1615 auctorem,

605 1632 722 1724 qui
759 1630 841 1698 de
889 1628 1073 1698 Bello
1117 1626 1605 1712 Alexandrino,
1658 1625 2013 1715 AfricanO,
2068 1643 2137 1696 et
2185 1627 2269 1696 de
2314 1628 2557 1699 Gallici
2610 1634 2769 1703 Belli

606 1738 920 1807 extremis
965 1737 1339 1830 scripserat.
1393 1732 1527 1802 Sed
1569 1729 1733 1800 illud
1786 1758 1926 1802 non
1970 1734 2283 1803 credibile
2337 1751 2479 1821 est,
2526 1736 2769 1811 librum

606 1843 692 1913 de
720 1840 904 1913 Bello
941 1842 1364 1937 Hispaniensi
1390 1862 1579 1927 eum,
1621 1840 1736 1933 qui
1773 1838 1973 1909 hodie
2007 1842 2514 1931 circumfertur,
2536 1848 2631 1915 sic
2652 1902 2673 1935 ,
2695 1862 2767 1916 ut

607 1949 1109 2036 circumfertur,
1145 1948 1230 2016 ab
1274 1961 1547 2015 auctore
1588 1961 1966 2015 ceterorum
2006 1945 2333 2016 librorum
2380 1951 2765 2023 confectum

606 2082 749 2126 esse
793 2082 806 2123 ε
851 2070 1040 2124 tanta
1080 2070 1181 2123 est
1221 2052 1683 2124 dissimilitudo
1728 2068 1795 2122 et
1839 2054 2157 2123 orationis
2180 2109 2200 2144 ,
2244 2070 2313 2124 et
2352 2056 2581 2148 modi,
2636 2086 2765 2155 quo

607 2161 868 2259 singula
914 2176 1290 2238 narrantur.
1339 2160 1620 2229 Etiamsi
1656 2162 1848 2229 enim'
1873 2161 2117 2255 passim
2158 2162 2570 2256 probabilior
2618 2192 2763 2236 ora-

607 2273 701 2339 tio
727 2284 863 2358 est,
890 2284 967 2337 ut
995 2295 1051 2338 c.
1097 2293 1122 2339 1
1146 2265 1186 2339 5
1213 2282 1282 2336 et
1315 2292 1342 2337 1
1363 2292 1401 2364 7
1439 2294 1453 2335 ε
1481 2282 1709 2337 tamen
1735 2265 2053 2363 pleraque
2085 2266 2253 2337 adeo
2294 2268 2546 2339 inculta
2578 2289 2764 2363 sunt,

605 2392 683 2446 ut
700 2391 1044 2446 auctorem
1065 2432 1085 2465 ,
1102 2400 1301 2471 quem
1331 2374 1506 2443 Oud.
1536 2373 1619 2441 ad
1648 2400 1704 2443 c.
1742 2400 1834 2443 22
1869 2374 2241 2469 ineptulum
2268 2377 2460 2463 dicit,
2484 2394 2607 2448 aut
2632 2406 2763 2451 non

604 2486 929 2580 potuisse,
975 2498 1090 2553 aut
1132 2481 1420 2552 noluisse
1462 2480 1635 2552 bene
1672 2480 1960 2552 scribere
1999 2494 2336 2579 appareat.
2378 2484 2479 2556 Ac
2516 2488 2757 2557 minui-

606 2608 718 2661 tur
749 2591 1016 2687 quidem
1041 2591 1330 2660 auctoris
1356 2588 1556 2684 culpa
1592 2614 1708 2677 eo,
1746 2589 1925 2684 quod
1952 2588 2119 2659 liber
2154 2589 2322 2661 adeo
2360 2591 2759 2688 depravatus

604 2713 744 2788 est,
782 2711 859 2766 ut
902 2697 1216 2794 permulti
1260 2695 1388 2765 loci
1438 2695 1636 2791 plane
1678 2722 1853 2785 non,
1899 2696 2277 2793 complures
2326 2701 2441 2768 vix
2485 2701 2759 2798 intelligi

555 2811 559 2815 ’
606 2807 902 2901 possint;
942 2805 1122 2874 haud
1160 2828 1531 2899 paucorum
1569 2803 1766 2873 lectio
1802 2805 2077 2874 omnino
2119 2805 2372 2874 incerta
2411 2809 2527 2894 sit,
2564 2823 2756 2904 atque

603 2911 815 2983 Julius
841 2911 1106 2998 CelsuS‚
1132 2912 1246 3004 qui
1277 2909 1361 2979 de
1387 2911 1527 2979 vita
1551 2912 1831 2980 Caesaris
1858 2912 2154 3005 scripsit,
2180 2914 2428 3006 passim
2450 2915 2757 3009 expedire

605 3045 674 3090 se
702 3045 840 3088 non
869 3020 1163 3115 potuerit
1195 3043 1209 3085 :
1240 3015 1449 3085 multa
1487 3019 1665 3087 enim
1708 3019 1871 3087 vitio
1913 3019 2313 3112 scriptorum
2350 3021 2633 3091 confusa
2653 3024 2759 3090 vix

605 3125 881 3221 intelligi
917 3150 1110 3220 posse
1142 3126 1477 3219 queritur,
1508 3122 1639 3192 vol.
1680 3126 1815 3212 ΠΙ,
1851 3150 1916 3219 p.
1966 3128 2116 3210 240
2144 3149 2164 3212 3
2195 3149 2405 3219 eaque
2440 3127 2527 3196 de
2565 3153 2756 3199 causa

601 3232 810 3302 multa
839 3233 924 3301 ab
953 3257 1020 3301 se
1048 3232 1383 3327 praeterita
1408 3255 1551 3300 esse
1580 3231 1855 3318 fatetur,
1884 3231 2015 3301 vol.
2044 3233 2185 3319 III,
2214 3258 2277 3327 p.
2310 3230 2483 3319 245.
2502 3238 2751 3305 Verum

603 3340 692 3409 ibi
721 3364 986 3434 quoque
1007 3393 1027 3427 ‚
1053 3337 1167 3406 uhi
1198 3339 1542 3432 corruptio
1584 3338 1767 3408 nulla
1795 3354 1897 3407 est
1916 3393 1935 3427 ‚
1960 3363 2099 3407 non
2135 3363 2383 3435 magna
2418 3343 2752 3437 scriptoris

604 3445 884 3517 facultas
923 3444 1157 3514 elucet.
1202 3447 1460 3513 Rursus
1501 3444 1742 3514 modus
1786 3445 2103 3514 narrandi
2154 3460 2255 3514 est
2299 3449 2387 3536 is,
2432 3462 2541 3538 ut,
2594 3474 2749 3545 gra-

601 3554 898 3623 vioribus
933 3553 1071 3622 fere
1093 3550 1411 3646 neglectis
1430 3605 1450 3640 ,
1485 3575 1565 3620 ea
1581 3606 1601 3639 ,
1628 3577 1774 3645 quae
1800 3553 1968 3621 scire
1992 3575 2365 3647 paucorum
2402 3556 2751 3645 intererat,

601 3663 992 3757 consignata
1039 3659 1461 3753 reperiantur
1503 3684 1519 3725 ε
1565 3674 1643 3727 ut
1683 3673 1921 3728 auctor
1963 3660 2368 3730 existimasse
2411 3662 2751 3752 videatur,

602 3793 750 3864 quae
789 3769 914 3862 ipsi
958 3781 1122 3835 nota
1149 3765 1429 3854 fuerint,
1456 3766 1686 3834 eadem
1719 3764 2126 3855 lectoribuS,
2150 3765 2257 3835 vel
2293 3769 2530 3862 procul
2564 3795 2751 3839 mon·

603 3889 811 3945 strata
833 3929 853 3964 ,
909 3873 1146 3944 eodem
1189 3871 1391 3942 modo
1434 3873 1789 3968 perspicua
1829 3872 1973 3943 fore
2017 3897 2033 3940 :
2088 3886 2164 3941 ut
2212 3873 2419 3969 digna
2468 3875 2751 3971 denique

601 3983 684 4053 sit
721 3983 938 4052 ora-tio
981 3995 1148 4050 teste
1192 3993 1261 4050 et
1303 3993 1677 4074 spectatore
1714 4003 1939 4048 rerum
1982 3995 2315 4074 occupato
2336 4035 2359 4069 ‚
2396 3984 2511 4074 qui
2556 3984 2624 4051 in
2666 3999 2751 4052 ta·

599 4089 790 4158 bulas
830 4113 982 4158 suas
1026 4085 1326 4157 retulerit
1362 4086 1662 4180 quotidie
1700 4111 1841 4174 res,
1878 4087 2003 4156 sibi
2036 4087 2503 4158 memorabiles
2542 4091 2749 4177 visas3
