3025 5025
970 447 1682 543 HISPANIENSI.
2240 444 2387 541 559

259 606 380 651 sua
421 584 608 651 secus
625 568 646 604 ³
669 578 1169 665 ⁴⁴admitteretur,
1193 602 1341 645 eum
1380 576 1601 645 locum
1632 576 1911 644 ‚definire
1940 580 2157 672 coepit.
2188 580 2391 667 Quod,

255 711 470 781 quum
506 687 850 755 hominum
880 683 1146 752 auribus
1175 698 1344 752 esset
1371 684 1705 776 objectum
1723 734 1742 769 ,
1764 681 2039 751 moleste
2060 698 2127 751 et.
2152 684 2391 753 acerbe

255 792 706 887 accipiebant,
751 816 819 860 se
875 790 1216 886 impediri,
1247 802 1394 883 'quo
1441 790 1658 857 minus
1712 788 2009 881 praelium
2064 790 2393 859 conficere

257 913 552 993 possent.
591 902 750 966 Haec
785 920 974 965 mora
1009 896 1416 981 adversarios
1461 892 1809 963 alacriores
1852 892 2218 977 efficiebat,
2248 899 2393 965 Gae-

261 1006 431 1075 saris
471 1005 692 1097 copias
735 1004 973 1071 timore
1003 1001 1316 1119 'impediri
1359 1001 1443 1069 ad
1485 998 2034 1069 committendum
2075 1000 2391 1097 praelium.

259 1113 370 1181 Ita
407 1133 476 1179 se
513 1109 678 1177 effe1
679 1123 897 1193 entes
925 1109 1154 1202 iniquo
1187 1107 1339 1175 loco
1365 1108 1463 1175 sui
1498 1120 1891 1201 potestatem
1933 1106 2295 1193 facie-bant,
2324 1122 2401 1183 ut

261 1240 514 1309 magno
565 1229 790 1283 tamen
833 1212 1131 1309 periculo
1185 1226 1484 1281 accessus
1530 1234 1771 1280 eorum
1811 1201 2224 1281 haberetur⁴.
2266 1215 2399 1283 Hie

265 1307 655 1391 decumani⁵
693 1338 884 1389 suum
921 1318 1180 1405 locum,
1209 1340 1438 1389 cornu
1439 1318 1793 1405 adextrum
1824 1318 2171 1405 tenebant,
2211 1320 2402 1387 sinis-

265 1442 456 1495 trum·
495 1429 599 1495 III
635 1441 706 1495 et
733 1428 800 1497 V
829 1424 1034 1519 legio,
1065 1427 1354 1518 itemque
1395 1438 1632 1493 caetera
1672 1423 1911 1491 auxilia
1934 1438 2013 1491 et
2051 1426 2395 1518 equitatus,

267 1532 574 1601 Praeuum
613 1531 904 1601 clamore
929 1530 1122 1599 facto
1159 1532 1612 1599 committitur.

381 1640 638 1707 XXXI.
684 1638 810 1705 Hic
840 1638 959 1705 etsi
985 1638 1230 1705 virtute
1263 1636 1473 1704 nostri
1509 1634 2017 1721 antecedebant,
2048 1580 2403 1705 adversa-rii
2475 1707 2480 1713 ,

271 1769 344 1813 se
381 1767 418 1810 e
453 1738 603 1815 loco
645 1745 988 1837 superiore
1023 1740 1500 1811 defendebant¹
1558 1742 1909 1827 acerrime,
1946 1756 2012 1809 et
2046 1742 2403 1811 vehemens

269 1849 475 1917 fiebat
511 1850 594 1917 ab
633 1850 926 1942 utrisque
969 1846 1220 1916 clamor
1241 1901 1263 1935 ,
1306 1846 1723 1943 telorumque
1764 1848 1969 1915 missu
2012 1863 2406 1936 concursus,

275 1956 370 2037 sic
386 2008 404 2041 ,
433 1966 510 2023 ut
547 1979 754 2049 prope
791 1956 1000 2023 nostri
1033 1953 1414 2023 diffiderent
1435 1954 1731 2022 victoriae
1766 1970 2209 2047 :congressus
2230 1956 2407 2023 enim

275 2075 346 2128 et
384 2058 668 2147 clamor,
708 2060 948 2153 quibus
983 2061 1186 2129 rebus
1219 2062 1502 2129 maxime
1545 2059 1767 2128 hostes
1802 2074 2299 2148 conterremur,
2339 2062 2407 2127 in

367 2268 418 2319 3.
459 2266 620 2319 Secu-5.
668 2270 744 2319 Ao
793 2266 1065 2330 voluerat,
1115 2278 1301 2317 cont-ra
1387 2278 1540 2319 tasse.
1563 2263 1707 2317 Vide
1736 2266 1875 2322 Vell.
1910 2257 2167 2321 Pate-reni·
2196 2285 2273 2332 11,
2304 2267 2375 2319 5.)
2347 2268 2372 2297 Γ
2390 2286 2407 2301 ·

280 2364 432 2418 spem
457 2358 510 2399 et
535 2344 964 2417 expectationem.
995 2344 1073 2397 Μ.
1113 2343 1300 2415 Scalig.
1391 2344 1613 2408 Florus,
1620 2362 1729 2407 π,
1761 2344 1869 2410 823
1890 2344 2106 2399 Sueten.
2143 2347 2174 2399 J
2179 2346 2273 2410 ul
2316 2347 2407 2399 36.

281 2428 485 2498 sequius.
507 2426 777 2476 ——Locum
795 2422 1004 2495 definire.
1025 2423 1144 2476 Erit
1159 2422 1312 2475 hunc
1392 2421 1593 2475 Eadem
1622 2423 1917 2493 leguntur‘
1901 2443 1957 2475 ιιι
1989 2424 2215 2495 Appian.
2250 2424 2405 2479 civil.

280 2506 460 2558 locum
492 2504 662 2558 facere
691 2515 742 2556 et
767 2504 1086 2558 constituere
1121 2502 1304 2556 ter-mi·
1393 2521 1529 2568 11,1
1542 2505 1641 2569 04,
1658 2523 1715 2574 p.
1753 2502 1897 2572 4933
1918 2502 2010 2559 sed
2036 2504 2181 2575 gravi
2232 2523 2411 2558 errore

282 2603 450 2647 num,
479 2583 546 2637 ad
572 2602 732 2656 quem
761 2601 928 2656 usque
958 2581 1304 2654 progredian-
1393 2581 1647 2635 dicuntur
1689 2581 1754 2634 ad
1793 2581 2099 2636 Cordubam
2130 2581 2406 2650 accidisse,

286 2678 394 2718 tur.
419 2663 499 2718 M.
1394 2680 1493 2735 pro
1520 2680 1629 2733 quo
1649 2701 1666 2728 ,
1695 2663 1752 2714 in
1784 2662 1988 2734 reliqua
2025 2664 2256 2736 Appiani
2290 2663 2417 2716 dili-

372 2738 740 2810 4.Utmagno...
754 2741 1310 2812 haberetur.Ut,quam·
1395 2741 1597 2812 gentia,
1610 2743 1729 2812 πρὸς
1746 2739 1981 2795 Μοῦνδαν
2006 2743 2296 2796 necessario
2316 2762 2417 2814 po-

289 2823 372 2874 vis
394 2821 463 2873 ad
486 2839 574 2874 eos
606 2821 888 2873 Caesariani
919 2818 1165 2873 accedere
1184 2839 1308 2894 pos·
1397 2819 1634 2873 nendum
1652 2833 1729 2873 est
1744 2839 1758 2872 :
1772 2839 1897 2874 nam
1914 2840 2025 2873 non
2044 2821 2205 2874 modo
2237 2823 2413 2875 caeteri

291 2913 446 2963 sent,
475 2912 530 2952 at
559 2917 750 2970 magno
781 2911 957 2951 tamen
981 2898 1040 2951 id
1065 2917 1187 2952 cum
1215 2918 1311 2971 pe·
1397 2917 1581 2953 ornnes
1614 2899 1689 2952 sic
1725 2901 1963 2954 referunt
1977 2939 1994 2966 ‚
2022 2914 2076 2954 et
2108 2911 2311 2954 constat
2356 2920 2421 2953 ex

293 2981 465 3034 riculo
486 2979 654 3035 fieret.
675 2979 881 3032 Cmnx..
903 2979 1079 3031 navis.
1100 2997 1129 3030 e
1151 2977 1308 3031 codd.
1399 2980 1547 3031 omni
1568 2979 1795 3032 'historia
1811 3017 1826 3044 ,
1854 2979 1947 3033 sed
1994 2980 2106 3050 ipse
2147 2981 2419 3051 Appianas

296 3059 518 3112 Nor-vic.
541 3077 714 3128 magno
731 3077 836 3110 cum
861 3058 1092 3129 periculo.
1399 3057 1533 3112 dicit
1548 3059 1651 3110 hoc
1666 3058 1909 3130 praelium
1926 3061 2264 3112 commissum
2281 3079 2391 3114 esse
2402 3102 2417 3128 ‚

383 3138 433 3190 5.
447 3139 733 3190 Decumi.
749 3137 911 3208 Legio
926 3133 1128 3190 decima
1132 3143 1314 3210 ,quam
1399 3139 1679 3208 postquam
1698 3138 1980 3210 Pompeius
2006 3140 2199 3192 Caesari
2222 3153 2425 3194 metum

299 3218 474 3272 Coesar
497 3217 714 3270 maximi
741 3217 993 3270 faciebat.
1006 3215 1116 3270 vid.
1124 3219 1200 3269 Β.
1227 3215 1316 3282 G„
1403 3227 1456 3269 et
1499 3217 1761 3288 ignaviam
1798 3220 2221 3290 exprobraverat.
2260 3219 2424 3289 Atqui

302 3299 445 3350 libro
475 3315 500 3348 1
521 3333 538 3362 ,
560 3315 678 3366 cap-
715 3300 808 3358 4ο.
1405 3297 1515 3350 hoc
1551 3297 1749 3349 factum
1798 3301 1878 3350 est'
1915 3317 2011 3369 per
2056 3299 2170 3351 illas
2211 3299 2421 3361 literaS,

383 3375 514 3428 Cn.
541 3375 742 3428 XXXI.
767 3393 817 3428 1.
839 3374 960 3427 Se.:.
985 3374 1314 3442 defendebant.
1407 3375 1475 3428 de
1505 3376 1699 3447 quibus
1746 3378 1907 3448 paulo
1944 3391 2065 3430 ante
2094 3373 2239 3450 (cap.
2279 3381 2349 3430 26
2370 3376 2426 3445 ),

301 3455 389 3508 sic
397 3453 556 3507 codd.
571 3455 736 3506 Nox-v.
747 3467 800 3506 et
812 3455 987 3506 PetaV.
1004 3453 1318 3522 ALdefende·
1407 3464 1462 3507 et
1501 3456 1696 3526 quibus
1734 3457 1959 3528 scriptor
1988 3469 2169 3508 noster
2200 3453 2284 3519 (c.
2316 3455 2427 3528 28)

305 3535 499 3586 ὖιιιιιιν.
511 3565 590 3578 --
603 3534 776 3586 Minu.
791 3535 970 3604 Vulgo
988 3534 1124 3586 male
1137 3538 1318 3585 missus.
1407 3534 1674 3586 irritatum
1692 3533 1760 3586 ad
1777 3536 2018 3606 praelium
2036 3555 2147 3589 esse
2168 3535 2429 3589 Caesarem

313 3645 370 3661 ..-
417 3612 718 3684 Diffidet-ene
743 3616 979 3666 victor-itt.
1009 3615 1089 3672 De
1116 3628 1322 3665 summa
1408 3615 1633 3666 monuit.
1650 3615 1791 3684 Ergo
1805 3616 2075 3686 Appianas
2092 3613 2159 3667 de
2168 3615 2446 3668 Mundenss

304 3693 558 3747 Coesaris·
543 3712 600 3744 ιιι
616 3692 720 3744 hoc
745 3692 970 3762 praelio
953 3693 1136 3762 inopia
1159 3705 1211 3744 et
1229 3691 1322 3744 de·
1408 3711 1586 3764 pugna
1638 3694 1759 3767 egit.
1790 3696 2048 3768 Copiosus
2086 3707 2164 3746 est
2208 3683 2279 3746 de
2323 3695 2429 3748 hoc

307 3773 608 3844 speratione
660 3769 974 3825 Pitumnus
1005 3767 1181 3833 (Caes.
1207 3787 1323 3842 cap.
1409 3773 1596 3844 praelio
1638 3773 1741 3825 Dio
1774 3773 2137 3840 Cass„x1.111‚
2182 3775 2285 3840 36,
2322 3775 2429 3844 37,

311 3843 426 3919 56)
450 3852 564 3904 hac
587 3861 801 3902 ximat.
822 3851 913 3903 vix
943 3851 1012 3902 ab
1035 3867 1100 3902 eo
1129 3849 1324 3902 militen
1417 3853 1505 3905 38.
1532 3852 1610 3904 M.
1627 3850 1768 3904 Vide
1781 3866 1999 3924 quoque
2021 3851 2433 3922 descriptionem

307 3931 560 4002 compelli
577 3931 840 4001 potuisse,
850 3942 916 3982 ut
929 3923 1328 4000 perseverarent
1413 3931 1571 4001 hujus
1591 3919 1905 3985 Mundensis
1942 3950 2129 4004 pugne.
2158 3947 2318 4001 quam
2344 3933 2431 3986 da-

309 4013 370 4064 in
403 4009 616 4081 prelio,
644 4010 922 4080 ipsumque
951 4007 1169 4066 dixisse,
1205 4009 1326 4063 alias
1422 4011 1628 4062 bimus‘
1612 4029 1668 4062 m
1686 4009 2085 4082 supplemento,
2101 4025 2139 4064 t.
2154 4027 2213 4063 ιν
2238 4025 2431 4066 nostra

309 4109 370 4144 oe
393 4088 464 4142 de
489 4089 736 4156 victoria,
757 4089 862 4146 hoo
881 4087 974 4142 die
995 4086 1065 4141 de
1081 4088 1192 4142 vita
1213 4105 1328 4141 oer-
1416 4087 1679 4143 editionis.
