3025 5025
635 502 780 577 556
1421 510 1557 577 DE
1618 510 1959 577 BELLO

627 652 1000 708 commeatu
1061 640 1298 735 privati
1321 694 1340 726 ‚
1401 642 1769 711 necessario
1827 639 1912 709 ad
1973 640 2421 709 dimicandum
2482 640 2747 708 descen·

627 744 802 813 dent.
844 774 878 809 >2
1220 749 1227 756 ’

735 852 1024 920 XXVII.
1080 853 1458 945 Insequenti
1520 866 1818 947 tempore
1880 876 2081 946 quum
2143 855 2351 921 nostri
2393 867 2647 920 temere
2686 852 2748 917 in

630 980 832 1049 opere
867 956 1132 1025 distenti
1165 972 1418 1043 essent,
1457 960 1708 1051 equites
1750 960 1818 1026 in
1862 958 2137 1044 olivete,
2180 957 2340 1025 dum
2384 957 2753 1051 lignatum,

628 1062 959 1131 interfecti
997 1078 1151 1131 sunt
1182 1062 1445 1157 aliquot.
1481 1066 1666 1133 Servi
1702 1063 2230 1157 transfugerunt,
2255 1066 2370 1157 qui
2396 1064 2752 1130 nuntiave-

629 1182 821 1251 runt,
872 1193 928 1236 a.
982 1169 1043 1237 d.
1085 1170 1209 1238 III.
1260 1194 1589 1237 nonarum
1642 1162 1858 1238 martii
1906 1169 2237 1264 praelium,
2275 1170 2359 1237 ad
2408 1166 2751 1237 Soritiam¹

631 1274 811 1366 quod
841 1274 1086 1343 factum
1115 1289 1248 1363 est,
1282 1301 1362 1343 ex
1393 1300 1473 1343 eo
1505 1290 1805 1369 tempore
1846 1290 2099 1343 metum
2134 1300 2275 1343 esse
2308 1299 2629 1369 magnum
2650 1326 2669 1357 ‚
2696 1288 2757 1341 et

632 1380 886 1448 Attium
913 1383 1170 1449 Varum
1207 1383 1457 1450 circum
1494 1380 1759 1451 castella
1792 1405 2089 1475 praeesse.
2120 1381 2374 1449 Eodem
2411 1380 2519 1448 die
2553 1382 2756 1448 Pom-

630 1487 816 1578 peius
873 1502 1087 1555 castra
1142 1489 1378 1575 movit,
1424 1502 1490 1555 et
1538 1502 1774 1555 contra
1816 1486 2133 1581 Hispalim
2182 1490 2250 1555 in
2300 1486 2548 1555 oliveto
2593 1512 2755 1554 con-

631 1590 850 1660 stitit².
886 1595 1108 1661 Caesar
1147 1594 1529 1687 priusquam
1566 1594 1801 1662 eodem
1836 1608 1936 1662 est
1972 1592 2308 1687 profectus
2330 1646 2349 1679 ‚
2390 1591 2549 1660 luna
2592 1592 2758 1659 hora

631 1698 892 1765 circiter
921 1701 1020 1767 VI
1039 1682 1062 1723 ³
1092 1701 1229 1768 visa
1268 1712 1382 1767 est.
1429 1702 1533 1767 Ita
1569 1702 1798 1769 castris
1832 1701 2029 1767 motis
2058 1699 2379 1786 Ucubim,
2404 1699 2760 1791 Pompeius

634 1802 1012 1896 praesidium
1031 1857 1049 1889 ,
1084 1805 1263 1898 quod
1307 1804 1569 1897 reliquit
1590 1860 1609 1890 ‚
1644 1808 1837 1898 jussit
1877 1805 2302 1873 incenderent
2324 1791 2372 1889 ⁴,
2418 1818 2487 1871 et
2528 1804 2761 1872 deusto

635 1910 883 2004 oppido
911 1913 978 1977 in
1009 1926 1223 1979 castra
1249 1913 1502 2005 majora
1534 1936 1601 1979 se
1634 1914 2019 2006 reciperent.
2049 1912 2431 2003 Insequenti
2460 1924 2763 2003 tempore

637 2018 1076 2109 Ventisponte
1093 2016 1410 2111 oppidum
1430 2039 1637 2111 quum
1664 2042 2052 2112 oppugnare
2072 2018 2373 2147 coepisset
2386 2070 2405 2103 ‚
2428 2014 2767 2083 deditione·

639 2120 812 2189 facta
835 2175 853 2208 ‚
891 2124 1015 2190 iter
1051 2122 1210 2191 fecit
1245 2124 1313 2190 in
1359 2126 1721 2192 Carrucam
1745 2178 1763 2211 ‚
1806 2137 2168 2216 contraque
2234 2123 2630 2216 Pompeium
2662 2146 2765 2189 ca-

639 2240 772 2295 stra
800 2230 1036 2322 posuit.
1070 2231 1422 2324 Pompeius
1451 2228 2010 2325 oppidum‚quod
2048 2239 2282 2296 contra
2308 2252 2428 2301 sua
2458 2227 2767 2321 praesidia

641 2346 868 2426 portas
906 2334 1241 2403 clausisset
1263 2389 1281 2422 ‚
1325 2337 1651 2422 incendit3
1694 2334 2013 2429 milesque
2034 2390 2054 2421 ,
2094 2336 2207 2427 qui
2250 2333 2527 2401 fratrem
2572 2359 2764 2402 suum

639 2440 706 2505 in
751 2442 982 2509 castris
1033 2440 1396 2536 jugulasset
1419 2492 1436 2526 ,
1485 2444 1889 2536 interceptus
1934 2456 2035 2509 est
2089 2462 2127 2508 a
2162 2442 2402 2533 nostris
2430 2493 2448 2527 ‚
2503 2455 2571 2508 et
2615 2440 2769 2507 fusti

639 2569 1008 2640 percussus.
1073 2551 1249 2617 Hinc
1291 2551 1523 2617 itinere
1578 2549 1755 2616 facto
1776 2577 1801 2635 ,·
1856 2550 1923 2615 in
1968 2555 2276 2640 campum
2322 2547 2767 2614 Mundensem

639 2676 844 2746 quum
881 2670 1052 2722 esset
1089 2670 1362 2723 ventum
1383 2709 1401 2741 ‚
1443 2668 1657 2725 castra
1702 2670 1936 2723 contra
1978 2655 2364 2747 Pompeium
2408 2654 2766 2721 constituit.

746 2763 1073 2829 XXVIII.
1107 2763 1419 2854 Sequenti
1449 2761 1555 2830 die
1586 2780 1791 2856 quum
1820 2763 1945 2829 iter
1972 2760 2191 2841 facere
2218 2759 2439 2827 Caesar
2470 2783 2627 2827 curn
2669 2785 2771 2827 co-

640 2867 765 2960 piis
793 2865 1018 2951 vellet,
1049 2869 1499 2934 renuntiatum
1530 2881 1630 2935 est
1663 2867 1747 2934 ab
1782 2864 2339 2960 speculatoribuS‚
2377 2867 2770 2958 Pompeium

641 2971 723 3038 de
769 2974 961 3041 tertia
999 2972 1218 3065 vigilia
1254 2975 1322 3039 in
1358 2975 1497 3040 acie
1534 2973 1804 3042 stetisse.
1834 2975 1981 3041 Hoc
2016 2968 2520 3057 nuntio’allat0‚
2556 2971 2771 3038 vexil-

643 3076 780 3145 lum
795 3075 813 3100 ¹
835 3081 1196 3172 proposuit.
1219 3079 1679 3147 Idcirco³enim
1698 3080 1925 3174 copias
1950 3077 2295 3162 eduxerat,
2314 3076 2496 3170 quod
2522 3079 2769 3146 Ursao-

641 3186 972 3252 nensium'
997 3187 1244 3253 civitati
1265 3185 1552 3254 -fuiss'ent
1580 3185 1879 3254 *fautores
1924 3211 1939 3252 τ
1974 3199 2168 3252 antea
2192 3183 2413 3251 literas
2459 3184 2733 3252 miserat
2754 3237 2772 3269 ‚

723 3389 854 3439 Cu’.
907 3387 1137 3440 XXVII.
1203 3405 1250 3438 1.
1306 3385 1561 3447 Pmlium,
1597 3388 1669 3437 ad

646 3467 794 3520 Sor-it.
819 3467 890 3518 V.
924 3485 970 3518 c.
996 3473 1094 3529 ⁷²4·
1121 3466 1262 3536 Ergo
1285 3465 1370 3518 vel
1389 3465 1658 3526 Soricaria,

645 3548 728 3600 vel
757 3547 938 3604 Sor-itia
962 3556 1190 3616 utroque
1213 3541 1332 3596 lo'co
1351 3544 1662 3616 ponendum

646 3627 846 3679 erit.--
863 3621 1108 3697 Synt'ax'is
1130 3626 1234 3676 loci
1257 3637 1335 3676 est
1354 3623 1558 3676 durior.
1582 3625 1662 3678 M.

645 3704 826 3777 Vulgo
847 3705 1036 3775 proelio.
1070 3704 1175 3759 Alii
1195 3705 1420 3774 proebit'em
1444 3706 1620 3770 asfiire.

731 3805 780 3838 2.
811 3784 1054 3840 Contra...
1077 3787 1303 3836 constitit.
1319 3779 1501 3854 Vulgo
1515 3775 1661 3838 &ir-ba.

643 3866 750 3917 Alii
779 3869 1042 3918 constituit.
1393 3879 1400 3888 '
1584 3887 1593 3904 ι
1620 3880 1645 3894 ··

641 3969 650 3976 ·
729 3947 779 3998 3.
815 3945 956 3994 Hor-a
991 3942 1084 3995 Vl.
1119 3944 1214 3994 Est
1249 3943 1590 4014 ipse·me·ridi
1648 3983 1661 3994 .

645 4025 929 4087 Narratur,
952 4035 1016 4074 ut
1043 4019 1364 4093 prodigium:
1387 4023 1462 4074 M.
1489 4042 1496 4055 ·
1588 4039 1600 4062 »

729 4111 782 4166 4.
803 4104 961 4154 Iussit
986 4101 1168 4154 inoend.
1187 4101 1285 4154 Sic
1315 4104 1454 4154 unus
1479 4099 1662 4156 codex.

647 4184 756 4235 Alii
763 4186 912 4254 jussit
925 4193 980 4232 ut
992 4181 1175 4233 incend.
1189 4181 1450 4250 Alii-§ussit
1458 4181 1662 4232 incudi.

1749 3386 1980 3440 Nomina
2012 3385 2227 3438 urbium
2246 3422 2262 3449 ,
2290 3401 2409 3455 quae
2440 3398 2768 3455 sequuntur,

1748 3477 2001 3535 corrupta
2014 3477 2157 3517 sunt.
2180 3464 2363 3517 Carula
2377 3464 2551 3534 placet
2558 3466 2774 3518 Wesse·

1747 3542 1913 3616 lingio
1940 3541 2007 3596 ad
2040 3543 2297 3596 Antonini
2318 3542 2513 3596 itiner.
2546 3563 2604 3614 p.
2636 3551 2767 3606 410.

1750 3623 1962 3678 Menos.

1834 3704 1885 3756 5.
1913 3703 2201 3774 Contraque.
2230 3701 2319 3754 Sic
2347 3693 2595 3756 Clau-kias
2622 3721 2651 3754 e
2682 3721 2769 3754 co-

1746 3781 1972 3835 dicibus
2036 3784 2215 3853 Vulgo
2262 3781 2451 3852 copula
2504 3779 2667 3833 deest.
2690 3813 2768 3823 —-—

1740 3863 1895 3915 Fasti
1918 3855 2183 3933 percussisse.
2231 3863 2311 3914 De
2354 3859 2616 3914 fustuario
2647 3859 2772 3913 vide

1750 3943 1941 4013 Polyb.
1971 3960 2056 4006 w,
2089 3942 2181 3996 35.

1744 4055 1752 4062 -
1776 4041 1795 4060 f
1828 4024 1962 4075 (ΖΑΒ.
1984 4013 2243 4074 XXVIII.
2271 4039 2318 4072 1.
2342 4020 2607 4072 Vexillum.
2630 4017 2771 4072 Vide

1750 4097 1945 4174 sup.B.
1970 4102 2037 4154 G.
2055 4097 2121 4163 ri,
2140 4119 2210 4154 πο
2228 4111 2307 4164 3et
2326 4101 2388 4150 B.
2404 4099 2467 4154 C.
2491 4117 2583 4163 ιιι,
2603 4099 2771 4165 89;et

1750 4182 1810 4234 B.
1827 4181 1909 4234 Al.
1933 4181 2023 4244 45.
2046 4181 2121 4234 Μ.
2138 4212 2219 4224 --
2236 4175 2387 4248 Quod
2404 4179 2769 4232 Ursaonensiu-
