3025 5025
632 477 774 548 DE
825 477 1174 548 BELLO
1229 477 1600 548 CIVILI.
1658 479 1849 548 LIB.
1907 480 2013 548 I‘I.

2257 477 2405 554 133

363 609 522 679 VII.
575 610 706 680 Sed
749 610 1130 680 Nasidianae
1171 635 1376 680 naves
1396 609 1415 633 ¹
1461 607 1629 680 nulli
1674 612 1825 680 usui
1876 609 2184 701 fuerunt,
2228 612 2410 686 cele-

257 715 546 810 riterque
583 741 830 812 pugna¹
859 731 1334 788 excesserunt:

1373 742 1512 786 non
1550 717 1722 786 enim
1760 717 1885 786 has
1922 734 2039 788 aut
2076 745 2407 817 conspec-

253 837 359 891 tus
383 820 406 846 ²
448 825 676 918 patriae
694 877 713 912 ‚
771 838 891 892 aut
943 827 1478 920 propinquorum
1538 837 1875 918 praecepta
1916 825 2003 894 ad
2038 841 2410 898 extremum

257 931 406 998 vitae
437 929 814 1025 periculum
858 929 1042 999 adire
1079 932 1429 1025 cogebant.
1473 933 1713 1025 Itaque
1748 954 1832 998 ex
1864 955 1944 1000 eo
1976 955 2261 1004 numero
2296 959 2411 1004 na-

257 1037 440 1106 vium
479 1036 659 1106 nulla
696 1037 1070 1108 desiderata
1085 1029 1198 1108 'est
1222 1063 1239 1104 ε
1266 1053 1350 1107 ex
1375 1035 1889 1108 Massiliensium
1931 1037 2135 1108 classe
2162 1043 2228 1112 V
2258 1055 2417 1112 sunt

257 1142 582 1238 depressae
601 1198 621 1233 ,
664 1146 768 1214 IV
802 1159 1015 1239 captae
1033 1199 1052 1232 ‚
1091 1169 1228 1212 una
1269 1170 1424 1215 cum
1463 1143 2220 1240 Nasidianisprofugit:
2266 1172 2415 1241 quae

259 1275 490 1320 omnes
533 1252 916 1321 citeriorem
966 1254 1358 1345 Hispaniam
1413 1253 1816 1370 petiverunt.
1874 1251 1965 1320 At
2017 1276 2099 1320 ex
2149 1251 2417 1348 reliquis

261 1381 390 1425 una
431 1359 775 1453 praemissa
819 1358 1186 1428 Massiliam
1237 1357 1436 1452 hujus
1481 1359 1699 1426 nuntii
1735 1356 2117 1452 perferendi
2159 1362 2373 1454 gratia
2397 1413 2417 1448 ‚

262 1487 466 1557 quum
495 1465 640 1557 jam
677 1467 1252 1596 appropinquaret
1279 1464 1472 1554 urbi,
1503 1465 1723 1532 omnis
1755 1487 1897 1532 sese
1928 1464 2287 1550 multitudo
2332 1465 2419 1536 ad

261 1556 848 1665 cognoscendum³
888 1571 1170 1641 effudit:
1203 1596 1317 1661 ac,
1349 1597 1422 1642 re
1455 1571 1761 1666 cognita,
1790 1584 2015 1642 tantus
2050 1571 2271 1642 luctus
2308 1597 2419 1642 ex-

337 1757 469 1811 CAP.
491 1759 624 1810 VII.
648 1775 695 1810 1.
713 1756 816 1810 Sed
835 1756 1126 1810 Nasidianae
1155 1777 1296 1810 naves

263 1837 381 1888 nulli
398 1841 510 1889 usui
523 1839 763 1905 suerunt,
791 1848 883 1889 etc.
907 1838 978 1889 Et
989 1837 1045 1890 h.
1063 1838 1128 1902 l.‚
1151 1836 1298 1889 idem

269 1917 316 1968 T
311 1921 450 1988 mpla
491 1917 554 1968 de
593 1917 761 1970 Crisaee'
786 1917 1062 1970 invehitur
1109 1915 1298 1970 adver·

264 2015 345 2050 sus
374 1998 659 2069 segnitiem
690 1996 897 2049 Nasidii
936 2016 1098 2068 quam
1134 1996 1300 2068 perfi-

267 2074 405 2129 diam
443 2090 619 2131 vocat.
651 2077 792 2128 Mihi
834 2075 1082 2148 quidem,
1105 2078 1300 2144 fateor,

267 2157 493 2228 primam
529 2175 717 2210 rerum
759 2157 947 2208 faciem
993 2157 1302 2228 aspicienti,

267 2238 406 2289 nulla
426 2238 560 2290 huic
584 2237 760 2307 legato
779 2238 1048 2289 excusatio
1066 2238 1305 2308 legitima

269 2316 476 2370 videtur
492 2336 506 2370 :
523 2330 672 2371 certe
685 2316 832 2368 enim
844 2317 1190 2370 Massiliensis
1212 2315 1304 2369 de-

269 2395 482 2450 ditionis
495 2397 770 2468 praecipua
787 2415 939 2449 causa
959 2397 1079 2449 fuit.
1095 2398 1165 2448 At
1183 2415 1306 2448 eum

270 2478 608 2531 imbellemne
645 2490 736 2530 aut
767 2476 1048 2549 ignavum,
1075 2497 1141 2530 an
1179 2495 1307 2549 pro-

271 2556 498 2611 ditorem
533 2558 882 2611 vocabimus?
914 2558 1181 2610 incertum
1211 2569 1308 2609 est.

272 2638 428 2705 Quod
460 2638 506 2691 si
534 2638 798 2709 ignaviter
825 2656 856 2689 e
881 2637 1068 2708 praelio
1099 2636 1314 2691 cesserit

273 2716 540 2783 Nasidius,
558 2736 654 2769 cur
664 2736 788 2769 eum
799 2716 1085 2788 Pompeius
1109 2718 1164 2769 in
1194 2736 1314 2787 pos·

272 2810 444 2852 terum
453 2798 611 2851 classi
627 2796 900 2869 praefecit?
909 2796 965 2849 Si
978 2796 1205 2868 perfide,
1215 2816 1313 2849 cur

271 2896 378 2932 non
403 2896 595 2951 poenas
623 2876 840 2947 exegit?
859 2895 985 2929 nam
1013 2875 1081 2929 de
1097 2896 1165 2929 eo
1187 2895 1314 2948 sup-

272 2960 494 3031 plicium
522 2976 736 3010 sumere
761 2954 1061 3023 debuissem
1089 2957 1175 3011 vel
1206 2957 1314 3009 Na-

273 3039 438 3093 sidius
475 3039 594 3109 ipse
612 3076 626 3102 ,
659 3038 735 3102 si,
781 3050 842 3088 ut
887 3037 1195 3090 Caesarianis
1238 3037 1316 3089 fa-

243 3132 418 3173 'vetet
434 3157 451 3185 ,
473 3137 512 3170 a
557 3117 746 3190 praelio
803 3114 1058 3170 abstinuit
1080 3156 1097 3184 ,
1125 3114 1318 3189 quidni

273 3199 452 3269 statim
483 3197 810 3249 Caesarianas
837 3210 1014 3267 partes
1047 3197 1320 3269 amplexus

273 3278 412 3333 fuit?
439 3279 515 3331 At
539 3289 796 3330 neutrum
821 3277 1022 3329 factum
1040 3278 1200 3330 fuisse
1225 3276 1318 3329 de-

275 3370 544 3412 monstrat
559 3368 782 3411 eventus
802 3375 816 3409 ε
836 3376 1024 3410 verum
1045 3357 1322 3410 enimvero

277 3453 326 3494 et
354 3438 740 3511 praefecturam
777 3437 954 3492 classis
980 3437 1238 3502 servavit,
1269 3449 1324 3489 et

276 3518 623 3591 Pompeianis
659 3518 904 3589 partibus
945 3536 1156 3589 semper
1198 3535 1323 3569 cum

279 3599 390 3652 filio
437 3617 540 3652 suo
586 3598 656 3662 Q.
700 3595 920 3650 Nasidio
967 3595 1186 3650 adhaesit
1201 3636 1216 3663 ‚
1254 3595 1324 3650 de

280 3680 480 3751 quibus
511 3675 640 3731 vide
681 3695 844 3749 supra
882 3696 997 3749 cap.
1039 3678 1070 3730 3
1087 3716 1106 3743 ,
1129 3690 1243 3730 not.
1272 3695 1322 3730 1.

281 3757 446 3813 Unde
469 3756 739 3829 suspicor,
765 3757 905 3809 inter
935 3754 1184 3810 mandata
1207 3776 1326 3829 quae

285 3838 578 3911 Pompeius
609 3837 862 3908 praefecto
885 3837 1060 3890 classis
1081 3835 1332 3903 dederat,

283 3916 342 3970 id
361 3919 527 3971 fuisse
544 3916 840 3988 imprimis,
858 3929 919 3969 ut
941 3916 1156 3971 classem
1179 3936 1330 3969 suam

291 4011 414 4052 ante
438 3997 624 4052 omnia
647 4009 909 4062 amaret,
927 4016 1028 4050 nec
1049 3998 1218 4051 aleam
1235 4016 1332 4068 pu-

292 4096 408 4147 gnae
444 4090 706 4142 tentaret,
736 4076 841 4131 nisi
860 4074 1018 4149 'prius
1053 4076 1332 4130 victoriam

292 4175 394 4233 pro
430 4170 582 4212 certo
619 4156 860 4213 haberet.
899 4156 1036 4226 Sane
1077 4158 1335 4222 intererat

1383 1754 1660 1826 Pompeii,
1692 1753 1982 1807 Massiliam
2027 1756 2307 1810 obsidione
2353 1757 2421 1809 li-

1383 1837 1601 1901 berare,
1640 1832 1732 1886 sed
1783 1835 1953 1886 multo
1997 1837 2165 1908 magis
2214 1855 2425 1890 servare

1385 1916 1633 1979 classem3
1664 1926 1718 1966 et
1761 1915 1912 1967 urbis
1942 1915 2055 1969 sitae
2100 1915 2167 1968 ad
2212 1917 2424 1974 ultimas

1387 1995 1603 2066 imperii
1630 1993 1840 2046 romani
1874 2006 2055 2066 partes
2096 1998 2233 2050 salus
2247 2034 2264 2063 ‚
2306 2015 2425 2068 quae

1390 2075 1543 2127 aliter
1557 2093 1585 2124 a
1602 2073 1911 2127 Caesarianis
1931 2077 2182 2152 occupari
2204 2077 2427 2130 ulterius

1389 2153 1656 2226 potuisset
1672 2193 1687 2220 ,
1714 2171 1825 2204 non
1849 2172 1909 2206 ea
1942 2168 2053 2207 erat
2076 2175 2193 2227 quae
2222 2158 2430 2228 jactura

1391 2252 1484 2288 xvx
1504 2234 1725 2288 navium
1745 2233 1853 2285 emi
1870 2232 2106 2288 deberet.
2132 2238 2305 2289 Porro
2326 2236 2431 2289 Na·

1393 2313 1594 2380 sidium,
1623 2327 1685 2368 ut
1714 2323 1828 2364 erat
1866 2313 2209 2380 mandatum,
2242 2315 2432 2368 Massi·

1391 2395 1585 2446 lienses
1628 2393 1911 2464 praesentia
1954 2413 2049 2446 sua
2094 2394 2313 2466 adjuvit.
2359 2396 2431 2446 At

1395 2493 1567 2547 quum
1621 2471 1689 2526 de
1740 2471 1967 2525 victoria
2013 2492 2115 2545 pro
2157 2474 2433 2546 imperitia

1395 2555 1667 2609 sociorum
1708 2570 1930 2603 suorum
1959 2552 2293 2624 desperaret,
2329 2554 2431 2606 im·

1395 2633 1551 2707 perio
1564 2632 1773 2704 paruit,
1792 2631 2181 2704 infaustamque
2197 2653 2434 2705 pugnam

1398 2727 1551 2767 caute
1581 2712 1855 2777 deserens,
1888 2712 2199 2783 Hispaniam
2224 2714 2431 2785 petivit.

1400 2795 1526 2847 Sors
1545 2790 1842 2846 miseranda
1865 2804 2005 2845 certe
2026 2794 2437 2846 Massiliensium

1399 2876 1504 2928 fuit
1519 2913 1536 2940 ,
1568 2893 1637 2926 ac
1657 2873 1878 2926 minime
1908 2871 2238 2927 laudandum
2272 2874 2435 2927 Pom-

1399 2958 1716 3028 peianorum
1726 2953 2009 3007 consilium
2018 2994 2034 3017 ,
2052 2952 2145 3007 sed
2158 2951 2439 3007 Nasidium

1401 3034 1642 3108 perfidiae
1675 3033 1985 3087 insimulare
2014 3035 2237 3102 minime
2274 3032 2437 3087 debe·

1404 3118 1495 3169 bat
1532 3115 1749 3168 criticus
1774 3132 1934 3184 supra
1960 3114 2168 3169 citatus.

1489 3216 1519 3251 a
1530 3228 1544 3242 .
1565 3195 1875 3265 Conspectus.
1891 3194 1998 3247 Alii
2010 3196 2269 3267 despectus,
2285 3195 2440 3248 male.

1404 3277 1514 3329 Alii
1534 3288 1799 3347 respa-tm,
1836 3274 2015 3327 forsan
2046 3288 2279 3346 aspectus.
2316 3273 2444 3327 Effi-

1407 3355 1582 3410 cacior
1616 3368 1791 3409 tamen
1825 3374 1929 3407 vox
1972 3368 2262 3425 conspectus.
2297 3356 2443 3419 Qua·

1405 3449 1631 3509 propter
1652 3436 1733 3489 nil
1753 3446 1918 3488 muta.
1940 3436 2021 3487 De
2045 3436 2219 3506 patria
2238 3446 2412 3486 autem
2425 3471 2443 3499 ,

1407 3518 1484 3570 ita
1505 3516 1618 3569 Cic.
1644 3514 1713 3568 de
1738 3514 1973 3580 Officiis,
1992 3516 2030 3568 l.
2053 3515 2109 3580 Ι,
2132 3532 2178 3567 c.
2203 3531 2272 3583 17
2291 3531 2305 3565 ε
2326 3512 2448 3566 Om-

1411 3616 1493 3649 nes
1513 3599 1722 3648 omnium
1748 3598 1975 3647 caritates
1992 3598 2163 3665 patria
2194 3612 2291 3645 una
2318 3612 2448 3643 com-

1406 3678 1557 3748 plexa
1584 3688 1681 3738 est,
1710 3693 1806 3745 pro
1832 3694 1929 3745 qua
1952 3679 2057 3746 quis
2087 3674 2237 3726 bonus
2262 3672 2448 3725 dubitet

1413 3769 1610 3809 mortem
1630 3762 1889 3826 appetere?

1499 3838 1553 3891 3.
1565 3833 2058 3905 Adcognoscemlum.
2076 3834 2147 3886 Et
2160 3831 2217 3887 id
2233 3850 2449 3904 quoque

1417 3929 1723 3987 suspectum
1750 3914 1943 3967 merito
1973 3914 2147 3969 visum
2175 3926 2253 3967 est
2282 3914 2416 3967 Dav.
2432 3949 2450 3979 ,

1416 4015 1545 4049 nam
1560 4014 1591 4048 e
1606 3994 1875 4067 plerisque
1890 3992 2167 4049 codicibus
2188 4006 2243 4047 et
2265 4003 2451 4045 nostro

1417 4094 1528 4148 reg.
1560 4075 1710 4147 5764
1732 4074 1924 4129 exulat.
1951 4072 2085 4129 cod.
2100 4076 2165 4129 R.
2183 4073 2335 4145 5768
2353 4071 2456 4139 ,ad

1421 4154 1786 4228 agnoscendum·

2071 4238 2096 4277 3

2012 4276 2061 4347 9
