<?xml version="1.0" encoding="UTF-8"?>
<!DOCTYPE html PUBLIC "-//W3C//DTD XHTML 1.0 Transitional//EN"
    "http://www.w3.org/TR/xhtml1/DTD/xhtml1-transitional.dtd">
<html xmlns="http://www.w3.org/1999/xhtml" xml:lang="en" lang="en">
 <head>
  <title>
</title>
<meta http-equiv="Content-Type" content="text/html;charset=utf-8" />
  <meta name='ocr-system' content='tesseract 3.04.00' />
  <meta name='ocr-capabilities' content='ocr_page ocr_carea ocr_par ocr_line ocrx_word'/>
</head>
<body>
  <div class='ocr_page' id='page_1' title='image "./caiusjuliuscsar00plutgoog_0404.png"; bbox 0 0 3025 5025; ppageno 0'>
   <div class='ocr_carea' id='block_1_1' title="bbox 886 480 2368 571">
    <p class='ocr_par' dir='ltr' id='par_1_1' title="bbox 886 480 2368 571">
     <span class='ocr_line' id='line_1_1' title="bbox 886 480 2368 571; baseline 0.002 -19"><span class='ocrx_word' id='word_1_1' title='bbox 886 480 1715 571; x_wconf 18' lang='lat' dir='ltr'><strong>ALEXANDRI‘NO.</strong></span> <span class='ocrx_word' id='word_1_2' title='bbox 2218 480 2368 557; x_wconf 82' lang='lat'><strong>383</strong></span> 
     </span>
    </p>
   </div>
   <div class='ocr_carea' id='block_1_2' title="bbox 143 612 2388 3377">
    <p class='ocr_par' dir='ltr' id='par_1_2' title="bbox 217 612 2375 2309">
     <span class='ocr_line' id='line_1_2' title="bbox 221 612 2367 710; baseline 0 -25"><span class='ocrx_word' id='word_1_3' title='bbox 221 614 560 710; x_wconf 86' lang='lat' dir='ltr'><strong>gnitudine</strong></span> <span class='ocrx_word' id='word_1_4' title='bbox 597 627 668 682; x_wconf 90' lang='lat' dir='ltr'><strong>et</strong></span> <span class='ocrx_word' id='word_1_5' title='bbox 693 613 788 682; x_wconf 89' lang='lat' dir='ltr'><strong>rei</strong></span> <span class='ocrx_word' id='word_1_6' title='bbox 827 612 1132 683; x_wconf 87' lang='lat' dir='ltr'><strong>militaris</strong></span> <span class='ocrx_word' id='word_1_7' title='bbox 1169 615 1447 683; x_wconf 88' lang='lat' dir='ltr'><strong>scientia</strong></span> <span class='ocrx_word' id='word_1_8' title='bbox 1481 614 1700 683; x_wconf 86' lang='lat' dir='ltr'><strong>virum</strong></span> <span class='ocrx_word' id='word_1_9' title='bbox 1729 628 2172 708; x_wconf 75' lang='lat' dir='ltr'><strong>praestantem.</strong></span> <span class='ocrx_word' id='word_1_10' title='bbox 2209 616 2367 704; x_wconf 88' lang='lat' dir='ltr'><strong>Quo</strong></span> 
     </span>
     <span class='ocr_line' id='line_1_3' title="bbox 219 719 2369 817; baseline 0.002 -28"><span class='ocrx_word' id='word_1_11' title='bbox 219 738 296 793; x_wconf 88' lang='lat' dir='ltr'><strong>ut</strong></span> <span class='ocrx_word' id='word_1_12' title='bbox 335 735 606 791; x_wconf 87' lang='lat' dir='ltr'><strong>ventum</strong></span> <span class='ocrx_word' id='word_1_13' title='bbox 641 734 770 809; x_wconf 89' lang='lat' dir='ltr'><strong>est,</strong></span> <span class='ocrx_word' id='word_1_14' title='bbox 803 724 1033 817; x_wconf 79' lang='lat' dir='ltr'><strong>paucis</strong></span> <span class='ocrx_word' id='word_1_15' title='bbox 1065 719 1578 791; x_wconf 83' lang='lat' dir='ltr'><strong>defendentibus</strong></span> <span class='ocrx_word' id='word_1_16' title='bbox 1620 722 2091 810; x_wconf 89' lang='lat' dir='ltr'><strong>munitionem,</strong></span> <span class='ocrx_word' id='word_1_17' title='bbox 2120 727 2369 793; x_wconf 89' lang='lat' dir='ltr'><strong>nostris</strong></span> 
     </span>
     <span class='ocr_line' id='line_1_4' title="bbox 219 826 2369 922; baseline 0.001 -25"><span class='ocrx_word' id='word_1_18' title='bbox 219 843 450 897; x_wconf 89' lang='lat' dir='ltr'><strong>contra</strong></span> <span class='ocrx_word' id='word_1_19' title='bbox 490 826 810 897; x_wconf 81' lang='lat' dir='ltr'>militibus</span> <span class='ocrx_word' id='word_1_20' title='bbox 845 829 1166 897; x_wconf 79' lang='lat' dir='ltr'>acerrime</span> <span class='ocrx_word' id='word_1_21' title='bbox 1207 828 1661 922; x_wconf 84' lang='lat' dir='ltr'><strong>pugnantibus</strong></span> <span class='ocrx_word' id='word_1_22' title='bbox 1690 880 1710 915; x_wconf 90' lang='lat'>‚</span> <span class='ocrx_word' id='word_1_23' title='bbox 1748 826 2015 897; x_wconf 88' lang='lat' dir='ltr'><strong>diverso</strong></span> <span class='ocrx_word' id='word_1_24' title='bbox 2078 827 2369 899; x_wconf 87' lang='lat' dir='ltr'><strong>clamore</strong></span> 
     </span>
     <span class='ocr_line' id='line_1_5' title="bbox 217 932 2368 1029; baseline 0.001 -26"><span class='ocrx_word' id='word_1_25' title='bbox 217 950 288 1004; x_wconf 85' lang='lat' dir='ltr'><strong>et</strong></span> <span class='ocrx_word' id='word_1_26' title='bbox 341 933 570 1029; x_wconf 85' lang='lat' dir='ltr'><strong>praelio</strong></span> <span class='ocrx_word' id='word_1_27' title='bbox 625 936 963 1027; x_wconf 85' lang='lat' dir='ltr'>perterriti</span> <span class='ocrx_word' id='word_1_28' title='bbox 1025 932 1494 1023; x_wconf 83' lang='lat' dir='ltr'><strong>Alexandrini,</strong></span> <span class='ocrx_word' id='word_1_29' title='bbox 1560 933 1969 1028; x_wconf 85' lang='lat' dir='ltr'><strong>trepidantes</strong></span> <span class='ocrx_word' id='word_1_30' title='bbox 2012 935 2083 1003; x_wconf 89' lang='lat' dir='ltr'><strong>in</strong></span> <span class='ocrx_word' id='word_1_31' title='bbox 2134 958 2368 1005; x_wconf 89' lang='lat' dir='ltr'><strong>omnes</strong></span> 
     </span>
     <span class='ocr_line' id='line_1_6' title="bbox 217 1040 2367 1137; baseline 0 -26"><span class='ocrx_word' id='word_1_32' title='bbox 217 1056 435 1137; x_wconf 88' lang='lat' dir='ltr'><strong>partes</strong></span> <span class='ocrx_word' id='word_1_33' title='bbox 479 1055 851 1135; x_wconf 77' lang='lat' dir='ltr'><strong>castrorum</strong></span> <span class='ocrx_word' id='word_1_34' title='bbox 875 1040 1250 1109; x_wconf 85' lang='lat' dir='ltr'><strong>discurrere</strong></span> <span class='ocrx_word' id='word_1_35' title='bbox 1277 1055 1643 1135; x_wconf 85' lang='lat' dir='ltr'><strong>coeperunt.</strong></span> <span class='ocrx_word' id='word_1_36' title='bbox 1680 1042 1992 1128; x_wconf 87' lang='lat' dir='ltr'><strong>Quorum</strong></span> <span class='ocrx_word' id='word_1_37' title='bbox 2021 1042 2367 1136; x_wconf 85' lang='lat' dir='ltr'><strong>perturba·</strong></span> 
     </span>
     <span class='ocr_line' id='line_1_7' title="bbox 217 1146 2366 1242; baseline 0.001 -25"><span class='ocrx_word' id='word_1_38' title='bbox 217 1150 395 1217; x_wconf 88' lang='lat' dir='ltr'><strong>tione</strong></span> <span class='ocrx_word' id='word_1_39' title='bbox 425 1163 810 1218; x_wconf 85' lang='lat' dir='ltr'><strong>nostrorum</strong></span> <span class='ocrx_word' id='word_1_40' title='bbox 847 1149 1052 1215; x_wconf 87' lang='lat' dir='ltr'><strong>animi</strong></span> <span class='ocrx_word' id='word_1_41' title='bbox 1083 1146 1252 1217; x_wconf 88' lang='lat' dir='ltr'><strong>adeo</strong></span> <span class='ocrx_word' id='word_1_42' title='bbox 1281 1162 1439 1217; x_wconf 89' lang='lat' dir='ltr'><strong>sunt</strong></span> <span class='ocrx_word' id='word_1_43' title='bbox 1469 1148 1761 1235; x_wconf 87' lang='lat' dir='ltr'><strong>incitati,</strong></span> <span class='ocrx_word' id='word_1_44' title='bbox 1792 1161 1867 1216; x_wconf 93' lang='lat' dir='ltr'><strong>ut</strong></span> <span class='ocrx_word' id='word_1_45' title='bbox 1906 1171 2094 1242; x_wconf 85' lang='lat' dir='ltr'><strong>paene</strong></span> <span class='ocrx_word' id='word_1_46' title='bbox 2129 1147 2366 1219; x_wconf 88' lang='lat' dir='ltr'><strong>eodem</strong></span> 
     </span>
     <span class='ocr_line' id='line_1_8' title="bbox 218 1254 2369 1350; baseline 0 -27"><span class='ocrx_word' id='word_1_47' title='bbox 218 1268 518 1350; x_wconf 88' lang='lat' dir='ltr'><strong>tempore</strong></span> <span class='ocrx_word' id='word_1_48' title='bbox 555 1280 640 1322; x_wconf 80' lang='lat' dir='ltr'><strong>ex</strong></span> <span class='ocrx_word' id='word_1_49' title='bbox 678 1254 989 1323; x_wconf 90' lang='lat' dir='ltr'><strong>omnibus</strong></span> <span class='ocrx_word' id='word_1_50' title='bbox 1047 1254 1378 1348; x_wconf 90' lang='lat' dir='ltr'><strong>partibus,</strong></span> <span class='ocrx_word' id='word_1_51' title='bbox 1424 1256 1623 1349; x_wconf 88' lang='lat' dir='ltr'><strong>primi</strong></span> <span class='ocrx_word' id='word_1_52' title='bbox 1664 1268 1891 1323; x_wconf 90' lang='lat' dir='ltr'><strong>tamen</strong></span> <span class='ocrx_word' id='word_1_53' title='bbox 1934 1254 2369 1325; x_wconf 85' lang='lat' dir='ltr'><strong>editissimum</strong></span> 
     </span>
     <span class='ocr_line' id='line_1_9' title="bbox 218 1360 2371 1456; baseline 0.001 -28"><span class='ocrx_word' id='word_1_54' title='bbox 218 1360 438 1431; x_wconf 89' lang='lat' dir='ltr'><strong>locum</strong></span> <span class='ocrx_word' id='word_1_55' title='bbox 484 1374 858 1431; x_wconf 87' lang='lat' dir='ltr'><strong>castrorum</strong></span> <span class='ocrx_word' id='word_1_56' title='bbox 893 1375 1212 1454; x_wconf 83' lang='lat' dir='ltr'><strong>caperent</strong></span> <span class='ocrx_word' id='word_1_57' title='bbox 1238 1387 1253 1429; x_wconf 76' lang='grc' dir='ltr'>ε</span> <span class='ocrx_word' id='word_1_58' title='bbox 1293 1384 1375 1428; x_wconf 85' lang='lat' dir='ltr'><strong>ex</strong></span> <span class='ocrx_word' id='word_1_59' title='bbox 1418 1385 1553 1454; x_wconf 87' lang='lat' dir='ltr'><strong>quo</strong></span> <span class='ocrx_word' id='word_1_60' title='bbox 1590 1360 2021 1431; x_wconf 84' lang='lat' dir='ltr'><strong>decurrentes</strong></span> <span class='ocrx_word' id='word_1_61' title='bbox 2057 1384 2371 1456; x_wconf 85' lang='lat' dir='ltr'><strong>magnam</strong></span> 
     </span>
     <span class='ocr_line' id='line_1_10' title="bbox 217 1467 2369 1562; baseline 0 -25"><span class='ocrx_word' id='word_1_62' title='bbox 217 1467 710 1537; x_wconf 88' lang='lat' dir='ltr'><strong>multitudinem</strong></span> <span class='ocrx_word' id='word_1_63' title='bbox 736 1468 1032 1537; x_wconf 84' lang='lat' dir='ltr'><strong>hostiuin</strong></span> <span class='ocrx_word' id='word_1_64' title='bbox 1059 1468 1128 1535; x_wconf 91' lang='lat' dir='ltr'><strong>in</strong></span> <span class='ocrx_word' id='word_1_65' title='bbox 1157 1468 1390 1535; x_wconf 90' lang='lat' dir='ltr'><strong>castris</strong></span> <span class='ocrx_word' id='word_1_66' title='bbox 1419 1467 1918 1538; x_wconf 85' lang='lat' dir='ltr'><strong>interfecerunt.</strong></span> <span class='ocrx_word' id='word_1_67' title='bbox 1952 1467 2159 1555; x_wconf 87' lang='lat' dir='ltr'><strong>Quod</strong></span> <span class='ocrx_word' id='word_1_68' title='bbox 2184 1471 2369 1562; x_wconf 87' lang='lat' dir='ltr'><strong>peri-</strong></span> 
     </span>
     <span class='ocr_line' id='line_1_11' title="bbox 219 1572 2371 1668; baseline 0 -25"><span class='ocrx_word' id='word_1_69' title='bbox 219 1573 442 1643; x_wconf 88' lang='lat' dir='ltr'><strong>culum</strong></span> <span class='ocrx_word' id='word_1_70' title='bbox 480 1574 780 1668; x_wconf 88' lang='lat' dir='ltr'><strong>plerique</strong></span> <span class='ocrx_word' id='word_1_71' title='bbox 840 1572 1272 1643; x_wconf 79' lang='lat' dir='ltr'><strong>Alexandrini</strong></span> <span class='ocrx_word' id='word_1_72' title='bbox 1304 1572 1689 1667; x_wconf 40' lang='lat' dir='ltr'><strong>fugiente&amp;</strong></span> <span class='ocrx_word' id='word_1_73' title='bbox 1747 1575 2110 1643; x_wconf 85' lang='lat' dir='ltr'><strong>acervatim</strong></span> <span class='ocrx_word' id='word_1_74' title='bbox 2174 1599 2243 1643; x_wconf 91' lang='lat' dir='ltr'><strong>se</strong></span> <span class='ocrx_word' id='word_1_75' title='bbox 2288 1574 2371 1645; x_wconf 89' lang='lat' dir='ltr'><strong>de</strong></span> 
     </span>
     <span class='ocr_line' id='line_1_12' title="bbox 221 1680 2371 1775; baseline 0 -26"><span class='ocrx_word' id='word_1_76' title='bbox 221 1681 390 1749; x_wconf 82' lang='lat' dir='ltr'><strong>vallo</strong></span> <span class='ocrx_word' id='word_1_77' title='bbox 443 1680 1030 1775; x_wconf 67' lang='lat' dir='ltr'><strong>praecipitaverunt</strong></span> <span class='ocrx_word' id='word_1_78' title='bbox 1065 1682 1135 1747; x_wconf 92' lang='lat' dir='ltr'><strong>in</strong></span> <span class='ocrx_word' id='word_1_79' title='bbox 1175 1703 1323 1749; x_wconf 87' lang='lat' dir='ltr'><strong>eam</strong></span> <span class='ocrx_word' id='word_1_80' title='bbox 1370 1694 1632 1774; x_wconf 88' lang='lat' dir='ltr'><strong>partem</strong></span> <span class='ocrx_word' id='word_1_81' title='bbox 1648 1732 1669 1769; x_wconf 91' lang='lat'>‚</span> <span class='ocrx_word' id='word_1_82' title='bbox 1722 1704 1873 1774; x_wconf 79' lang='lat' dir='ltr'><strong>quae</strong></span> <span class='ocrx_word' id='word_1_83' title='bbox 1916 1680 2175 1749; x_wconf 89' lang='lat' dir='ltr'><strong>flumini</strong></span> <span class='ocrx_word' id='word_1_84' title='bbox 2226 1696 2371 1750; x_wconf 88' lang='lat' dir='ltr'><strong>erat</strong></span> 
     </span>
     <span class='ocr_line' id='line_1_13' title="bbox 217 1786 2375 1882; baseline -0.001 -25"><span class='ocrx_word' id='word_1_85' title='bbox 217 1788 548 1882; x_wconf 81' lang='lat' dir='ltr'><strong>adjuncta.</strong></span> <span class='ocrx_word' id='word_1_86' title='bbox 595 1790 858 1856; x_wconf 88' lang='lat' dir='ltr'><strong>Horum</strong></span> <span class='ocrx_word' id='word_1_87' title='bbox 909 1789 1138 1882; x_wconf 89' lang='lat' dir='ltr'><strong>primis</strong></span> <span class='ocrx_word' id='word_1_88' title='bbox 1189 1789 1260 1855; x_wconf 89' lang='lat' dir='ltr'><strong>in</strong></span> <span class='ocrx_word' id='word_1_89' title='bbox 1297 1788 1443 1881; x_wconf 91' lang='lat' dir='ltr'><strong>ipsa</strong></span> <span class='ocrx_word' id='word_1_90' title='bbox 1485 1786 1663 1857; x_wconf 87' lang='lat' dir='ltr'><strong>fossa</strong></span> <span class='ocrx_word' id='word_1_91' title='bbox 1704 1788 2093 1857; x_wconf 88' lang='lat' dir='ltr'><strong>munitionis</strong></span> <span class='ocrx_word' id='word_1_92' title='bbox 2129 1810 2375 1882; x_wconf 88' lang='lat' dir='ltr'><strong>magna-</strong></span> 
     </span>
     <span class='ocr_line' id='line_1_14' title="bbox 217 1891 2371 1989; baseline 0 -25"><span class='ocrx_word' id='word_1_93' title='bbox 217 1891 447 1965; x_wconf 83' lang='lat' dir='ltr'><strong>ruina²</strong></span> <span class='ocrx_word' id='word_1_94' title='bbox 474 1894 837 1989; x_wconf 87' lang='lat' dir='ltr'><strong>oppressis,</strong></span> <span class='ocrx_word' id='word_1_95' title='bbox 865 1896 1070 1963; x_wconf 89' lang='lat' dir='ltr'><strong>ceteri</strong></span> <span class='ocrx_word' id='word_1_96' title='bbox 1098 1893 1463 1963; x_wconf 84' lang='lat' dir='ltr'><strong>faciliorem</strong></span> <span class='ocrx_word' id='word_1_97' title='bbox 1498 1894 1729 1989; x_wconf 85' lang='lat' dir='ltr'><strong>fugam</strong></span> <span class='ocrx_word' id='word_1_98' title='bbox 1764 1893 2163 1965; x_wconf 87' lang='lat' dir='ltr'><strong>habuerunt.</strong></span> <span class='ocrx_word' id='word_1_99' title='bbox 2191 1897 2371 1965; x_wconf 92' lang='lat' dir='ltr'><strong>Con-</strong></span> 
     </span>
     <span class='ocr_line' id='line_1_15' title="bbox 221 2001 2370 2096; baseline -0 -25"><span class='ocrx_word' id='word_1_100' title='bbox 221 2016 350 2071; x_wconf 83' lang='lat' dir='ltr'><strong>stat</strong></span> <span class='ocrx_word' id='word_1_101' title='bbox 385 2001 634 2096; x_wconf 84' lang='lat' dir='ltr'><strong>fugisse</strong></span> <span class='ocrx_word' id='word_1_102' title='bbox 678 2026 760 2069; x_wconf 83' lang='lat' dir='ltr'><strong>ex</strong></span> <span class='ocrx_word' id='word_1_103' title='bbox 795 2003 1030 2070; x_wconf 87' lang='lat' dir='ltr'><strong>castris</strong></span> <span class='ocrx_word' id='word_1_104' title='bbox 1069 2024 1296 2095; x_wconf 85' lang='lat' dir='ltr'><strong>regem</strong></span> <span class='ocrx_word' id='word_1_105' title='bbox 1329 2001 1552 2095; x_wconf 89' lang='lat' dir='ltr'><strong>ipsum</strong></span> <span class='ocrx_word' id='word_1_106' title='bbox 1577 2051 1597 2089; x_wconf 91' lang='lat'>,</span> <span class='ocrx_word' id='word_1_107' title='bbox 1638 2015 2117 2095; x_wconf 85' lang='lat' dir='ltr'><strong>receptumque</strong></span> <span class='ocrx_word' id='word_1_108' title='bbox 2153 2003 2223 2070; x_wconf 90' lang='lat' dir='ltr'><strong>in</strong></span> <span class='ocrx_word' id='word_1_109' title='bbox 2254 2026 2370 2073; x_wconf 90' lang='lat' dir='ltr'><strong>na-</strong></span> 
     </span>
     <span class='ocr_line' id='line_1_16' title="bbox 221 2107 2373 2238; baseline 0 -61"><span class='ocrx_word' id='word_1_110' title='bbox 221 2134 374 2179; x_wconf 77' lang='lat' dir='ltr'><strong>vem</strong></span> <span class='ocrx_word' id='word_1_111' title='bbox 393 2159 416 2197; x_wconf 87' lang='lat'>,</span> <span class='ocrx_word' id='word_1_112' title='bbox 451 2107 878 2177; x_wconf 88' lang='lat' dir='ltr'><strong>multitudine</strong></span> <span class='ocrx_word' id='word_1_113' title='bbox 916 2130 1154 2177; x_wconf 90' lang='lat' dir='ltr'><strong>eorum</strong></span> <span class='ocrx_word' id='word_1_114' title='bbox 1175 2160 1195 2195; x_wconf 93' lang='lat'><strong>,</strong></span> <span class='ocrx_word' id='word_1_115' title='bbox 1237 2109 1352 2201; x_wconf 91' lang='lat' dir='ltr'><strong>qui</strong></span> <span class='ocrx_word' id='word_1_116' title='bbox 1389 2107 1474 2177; x_wconf 90' lang='lat' dir='ltr'><strong>ad</strong></span> <span class='ocrx_word' id='word_1_117' title='bbox 1522 2110 1861 2238; x_wconf 73' lang='lat' dir='ltr'><strong>proximas</strong></span> <span class='ocrx_word' id='word_1_118' title='bbox 1906 2132 2113 2176; x_wconf 89' lang='lat' dir='ltr'><strong>naves</strong></span> <span class='ocrx_word' id='word_1_119' title='bbox 2160 2107 2373 2177; x_wconf 83' lang='lat' dir='ltr'><strong>adna-</strong></span> 
     </span>
     <span class='ocr_line' id='line_1_17' title="bbox 225 2214 1576 2309; baseline -0.002 -25"><span class='ocrx_word' id='word_1_120' title='bbox 225 2217 462 2285; x_wconf 86' lang='lat' dir='ltr'><strong>tabant</strong></span> <span class='ocrx_word' id='word_1_121' title='bbox 479 2265 500 2301; x_wconf 86' lang='lat'>‚</span> <span class='ocrx_word' id='word_1_122' title='bbox 544 2214 850 2286; x_wconf 85' lang='lat' dir='ltr'><strong>demerso</strong></span> <span class='ocrx_word' id='word_1_123' title='bbox 889 2216 1156 2309; x_wconf 87' lang='lat' dir='ltr'><strong>navigio</strong></span> <span class='ocrx_word' id='word_1_124' title='bbox 1179 2267 1199 2302; x_wconf 92' lang='lat'>,</span> <span class='ocrx_word' id='word_1_125' title='bbox 1245 2216 1517 2309; x_wconf 89' lang='lat' dir='ltr'><strong>periisse</strong></span> <span class='ocrx_word' id='word_1_126' title='bbox 1562 2266 1576 2281; x_wconf 93' lang='lat'><strong>.</strong></span> 
     </span>
    </p>

    <p class='ocr_par' dir='ltr' id='par_1_3' title="bbox 143 2316 2388 3377">
     <span class='ocr_line' id='line_1_18' title="bbox 327 2316 2376 2415; baseline -0 -24"><span class='ocrx_word' id='word_1_127' title='bbox 327 2324 660 2391; x_wconf 89' lang='lat' dir='ltr'><strong>XXXII.</strong></span> <span class='ocrx_word' id='word_1_128' title='bbox 731 2322 834 2389; x_wconf 87' lang='lat' dir='ltr'><strong>Re</strong></span> <span class='ocrx_word' id='word_1_129' title='bbox 879 2320 1254 2390; x_wconf 89' lang='lat' dir='ltr'><strong>felicissime</strong></span> <span class='ocrx_word' id='word_1_130' title='bbox 1317 2316 1795 2413; x_wconf 86' lang='lat' dir='ltr'><strong>celerrimeque</strong></span> <span class='ocrx_word' id='word_1_131' title='bbox 1858 2334 2043 2415; x_wconf 88' lang='lat' dir='ltr'><strong>gesta</strong></span> <span class='ocrx_word' id='word_1_132' title='bbox 2072 2369 2092 2407; x_wconf 86' lang='lat'><strong>,</strong></span> <span class='ocrx_word' id='word_1_133' title='bbox 2150 2322 2376 2390; x_wconf 87' lang='lat' dir='ltr'><strong>Caesar</strong></span> 
     </span>
     <span class='ocr_line' id='line_1_19' title="bbox 223 2426 2376 2524; baseline -0 -26"><span class='ocrx_word' id='word_1_134' title='bbox 223 2453 484 2524; x_wconf 86' lang='lat' dir='ltr'><strong>magnae</strong></span> <span class='ocrx_word' id='word_1_135' title='bbox 513 2429 806 2497; x_wconf 79' lang='lat' dir='ltr'><strong>victoriae</strong></span> <span class='ocrx_word' id='word_1_136' title='bbox 844 2427 1090 2497; x_wconf 86' lang='lat' dir='ltr'><strong>fiducia</strong></span> <span class='ocrx_word' id='word_1_137' title='bbox 1107 2481 1126 2517; x_wconf 91' lang='lat'>,</span> <span class='ocrx_word' id='word_1_138' title='bbox 1151 2427 1460 2522; x_wconf 84' lang='lat' dir='ltr'><strong>proximo</strong></span> <span class='ocrx_word' id='word_1_139' title='bbox 1491 2427 1788 2495; x_wconf 89' lang='lat' dir='ltr'><strong>terrestri</strong></span> <span class='ocrx_word' id='word_1_140' title='bbox 1819 2428 2055 2495; x_wconf 86' lang='lat' dir='ltr'><strong>itinere</strong></span> <span class='ocrx_word' id='word_1_141' title='bbox 2080 2426 2376 2497; x_wconf 84' lang='lat' dir='ltr'><strong>Alexan-</strong></span> 
     </span>
     <span class='ocr_line' id='line_1_20' title="bbox 143 2533 2375 2630; baseline -0.001 -24"><span class='ocrx_word' id='word_1_142' title='bbox 143 2573 148 2582; x_wconf 88' lang='lat'>·</span> <span class='ocrx_word' id='word_1_143' title='bbox 221 2537 440 2606; x_wconf 88' lang='lat' dir='ltr'><strong>driam</strong></span> <span class='ocrx_word' id='word_1_144' title='bbox 495 2561 651 2606; x_wconf 89' lang='lat' dir='ltr'><strong>cum</strong></span> <span class='ocrx_word' id='word_1_145' title='bbox 687 2535 1020 2630; x_wconf 89' lang='lat' dir='ltr'><strong>equitibus</strong></span> <span class='ocrx_word' id='word_1_146' title='bbox 1063 2533 1464 2622; x_wconf 80' lang='lat' dir='ltr'><strong>contendit3</strong></span> <span class='ocrx_word' id='word_1_147' title='bbox 1509 2548 1711 2628; x_wconf 86' lang='lat' dir='ltr'><strong>atque</strong></span> <span class='ocrx_word' id='word_1_148' title='bbox 1772 2557 1853 2601; x_wconf 90' lang='lat' dir='ltr'><strong>ea</strong></span> <span class='ocrx_word' id='word_1_149' title='bbox 1904 2547 2097 2628; x_wconf 88' lang='lat' dir='ltr'><strong>parte</strong></span> <span class='ocrx_word' id='word_1_150' title='bbox 2144 2536 2375 2629; x_wconf 89' lang='lat' dir='ltr'><strong>oppidi</strong></span> 
     </span>
     <span class='ocr_line' id='line_1_21' title="bbox 223 2639 2377 2736; baseline -0 -25"><span class='ocrx_word' id='word_1_151' title='bbox 223 2647 441 2713; x_wconf 88' lang='lat' dir='ltr'><strong>victor</strong></span> <span class='ocrx_word' id='word_1_152' title='bbox 491 2644 752 2711; x_wconf 85' lang='lat' dir='ltr'><strong>introiit</strong></span> <span class='ocrx_word' id='word_1_153' title='bbox 771 2695 790 2728; x_wconf 91' lang='lat'>‚</span> <span class='ocrx_word' id='word_1_154' title='bbox 830 2664 980 2736; x_wconf 85' lang='lat' dir='ltr'><strong>quae</strong></span> <span class='ocrx_word' id='word_1_155' title='bbox 1023 2641 1330 2736; x_wconf 72' lang='lat' dir='ltr'><strong>praesidio</strong></span> <span class='ocrx_word' id='word_1_156' title='bbox 1373 2640 1668 2710; x_wconf 76' lang='lat' dir='ltr'><strong>h‘ostium</strong></span> <span class='ocrx_word' id='word_1_157' title='bbox 1713 2639 2083 2708; x_wconf 89' lang='lat' dir='ltr'><strong>tenebatur.</strong></span> <span class='ocrx_word' id='word_1_158' title='bbox 2140 2643 2377 2736; x_wconf 88' lang='lat' dir='ltr'><strong>Neque</strong></span> 
     </span>
     <span class='ocr_line' id='line_1_22' title="bbox 223 2745 2379 2842; baseline -0.002 -22"><span class='ocrx_word' id='word_1_159' title='bbox 223 2776 380 2820; x_wconf 89' lang='lat' dir='ltr'><strong>eum</strong></span> <span class='ocrx_word' id='word_1_160' title='bbox 407 2749 756 2820; x_wconf 88' lang='lat' dir='ltr'><strong>consilium</strong></span> <span class='ocrx_word' id='word_1_161' title='bbox 781 2775 976 2818; x_wconf 89' lang='lat' dir='ltr'><strong>suum</strong></span> <span class='ocrx_word' id='word_1_162' title='bbox 1006 2747 1270 2837; x_wconf 89' lang='lat' dir='ltr'><strong>fefellit,</strong></span> <span class='ocrx_word' id='word_1_163' title='bbox 1297 2749 1458 2842; x_wconf 90' lang='lat' dir='ltr'><strong>quin</strong></span> <span class='ocrx_word' id='word_1_164' title='bbox 1483 2747 1835 2835; x_wconf 76' lang='lat' dir='ltr'><strong>hosteS‚eo</strong></span> <span class='ocrx_word' id='word_1_165' title='bbox 1860 2745 2088 2841; x_wconf 85' lang='lat' dir='ltr'><strong>praelio</strong></span> <span class='ocrx_word' id='word_1_166' title='bbox 2117 2745 2379 2836; x_wconf 84' lang='lat' dir='ltr'><strong>audit0‚</strong></span> 
     </span>
     <span class='ocr_line' id='line_1_23' title="bbox 223 2852 2381 2950; baseline -0.001 -23"><span class='ocrx_word' id='word_1_167' title='bbox 223 2856 402 2926; x_wconf 80' lang='lat' dir='ltr'><strong>nihil</strong></span> <span class='ocrx_word' id='word_1_168' title='bbox 422 2857 564 2950; x_wconf 88' lang='lat' dir='ltr'><strong>jam</strong></span> <span class='ocrx_word' id='word_1_169' title='bbox 615 2856 698 2924; x_wconf 92' lang='lat' dir='ltr'><strong>de</strong></span> <span class='ocrx_word' id='word_1_170' title='bbox 755 2855 932 2924; x_wconf 88' lang='lat' dir='ltr'><strong>bello</strong></span> <span class='ocrx_word' id='word_1_171' title='bbox 985 2869 1204 2924; x_wconf 86' lang='lat' dir='ltr'><strong>essent</strong></span> <span class='ocrx_word' id='word_1_172' title='bbox 1249 2856 1631 2948; x_wconf 84' lang='lat' dir='ltr'><strong>cogitaturi.</strong></span> <span class='ocrx_word' id='word_1_173' title='bbox 1679 2855 1981 2947; x_wconf 86' lang='lat' dir='ltr'><strong>Dignum</strong></span> <span class='ocrx_word' id='word_1_174' title='bbox 2021 2852 2381 2924; x_wconf 84' lang='lat' dir='ltr'><strong>adveniens</strong></span> 
     </span>
     <span class='ocr_line' id='line_1_24' title="bbox 225 2958 2380 3056; baseline -0.002 -22"><span class='ocrx_word' id='word_1_175' title='bbox 225 2965 527 3034; x_wconf 89' lang='lat' dir='ltr'><strong>fructum</strong></span> <span class='ocrx_word' id='word_1_176' title='bbox 566 2964 828 3031; x_wconf 89' lang='lat' dir='ltr'><strong>virtutis</strong></span> <span class='ocrx_word' id='word_1_177' title='bbox 864 2977 934 3030; x_wconf 92' lang='lat' dir='ltr'><strong>et</strong></span> <span class='ocrx_word' id='word_1_178' title='bbox 957 2964 1164 3029; x_wconf 88' lang='lat' dir='ltr'><strong>animi</strong></span> <span class='ocrx_word' id='word_1_179' title='bbox 1203 2960 1683 3056; x_wconf 84' lang='lat' dir='ltr'><strong>magnitudinis</strong></span> <span class='ocrx_word' id='word_1_180' title='bbox 1727 2958 1911 3027; x_wconf 87' lang='lat' dir='ltr'><strong>tulit:</strong></span> <span class='ocrx_word' id='word_1_181' title='bbox 1950 2961 2166 3028; x_wconf 88' lang='lat' dir='ltr'><strong>omnis</strong></span> <span class='ocrx_word' id='word_1_182' title='bbox 2203 2963 2380 3030; x_wconf 89' lang='lat' dir='ltr'><strong>enim</strong></span> 
     </span>
     <span class='ocr_line' id='line_1_25' title="bbox 227 3064 2380 3164; baseline -0.001 -24"><span class='ocrx_word' id='word_1_183' title='bbox 227 3069 591 3140; x_wconf 89' lang='lat' dir='ltr'><strong>multitudo</strong></span> <span class='ocrx_word' id='word_1_184' title='bbox 633 3068 1160 3163; x_wconf 89' lang='lat' dir='ltr'><strong>oppidanorum,</strong></span> <span class='ocrx_word' id='word_1_185' title='bbox 1204 3071 1404 3137; x_wconf 87' lang='lat' dir='ltr'><strong>armis</strong></span> <span class='ocrx_word' id='word_1_186' title='bbox 1466 3064 1817 3164; x_wconf 82' lang='lat' dir='ltr'><strong>projectiS‚</strong></span> <span class='ocrx_word' id='word_1_187' title='bbox 1862 3067 2380 3137; x_wconf 78' lang='lat' dir='ltr'><strong>munitionibus--</strong></span> 
     </span>
     <span class='ocr_line' id='line_1_26' title="bbox 225 3172 2385 3274; baseline -0.001 -28"><span class='ocrx_word' id='word_1_188' title='bbox 225 3204 362 3274; x_wconf 89' lang='lat' dir='ltr'><strong>que</strong></span> <span class='ocrx_word' id='word_1_189' title='bbox 407 3179 544 3247; x_wconf 86' lang='lat' dir='ltr'><strong>suis</strong></span> <span class='ocrx_word' id='word_1_190' title='bbox 585 3175 832 3244; x_wconf 88' lang='lat' dir='ltr'><strong>relictis</strong></span> <span class='ocrx_word' id='word_1_191' title='bbox 851 3229 871 3264; x_wconf 90' lang='lat'>,</span> <span class='ocrx_word' id='word_1_192' title='bbox 915 3191 1100 3244; x_wconf 85' lang='lat' dir='ltr'><strong>veste</strong></span> <span class='ocrx_word' id='word_1_193' title='bbox 1139 3199 1220 3242; x_wconf 89' lang='lat' dir='ltr'><strong>ea</strong></span> <span class='ocrx_word' id='word_1_194' title='bbox 1259 3190 1523 3269; x_wconf 85' lang='lat' dir='ltr'><strong>sumpta</strong></span> <span class='ocrx_word' id='word_1_195' title='bbox 1540 3172 1585 3260; x_wconf 78' lang='lat'><strong>¹,</strong></span> <span class='ocrx_word' id='word_1_196' title='bbox 1627 3197 1762 3268; x_wconf 90' lang='lat' dir='ltr'><strong>qua</strong></span> <span class='ocrx_word' id='word_1_197' title='bbox 1804 3173 2137 3267; x_wconf 90' lang='lat' dir='ltr'><strong>supplices</strong></span> <span class='ocrx_word' id='word_1_198' title='bbox 2172 3175 2385 3244; x_wconf 87' lang='lat' dir='ltr'><strong>domi·</strong></span> 
     </span>
     <span class='ocr_line' id='line_1_27' title="bbox 229 3280 2388 3377; baseline -0.001 -23"><span class='ocrx_word' id='word_1_199' title='bbox 229 3299 468 3354; x_wconf 87' lang='lat' dir='ltr'><strong>nantes</strong></span> <span class='ocrx_word' id='word_1_200' title='bbox 487 3282 829 3377; x_wconf 84' lang='lat' dir='ltr'><strong>deprecari</strong></span> <span class='ocrx_word' id='word_1_201' title='bbox 847 3296 1372 3370; x_wconf 88' lang='lat' dir='ltr'><strong>consueverunt,</strong></span> <span class='ocrx_word' id='word_1_202' title='bbox 1387 3282 1723 3375; x_wconf 85' lang='lat' dir='ltr'><strong>sacrisque</strong></span> <span class='ocrx_word' id='word_1_203' title='bbox 1746 3280 2055 3348; x_wconf 86' lang='lat' dir='ltr'><strong>omnibus</strong></span> <span class='ocrx_word' id='word_1_204' title='bbox 2070 3281 2355 3374; x_wconf 86' lang='lat' dir='ltr'><strong>praelatis</strong></span> <span class='ocrx_word' id='word_1_205' title='bbox 2368 3336 2388 3370; x_wconf 90' lang='lat'>‚</span> 
     </span>
    </p>
   </div>
   <div class='ocr_carea' id='block_1_3' title="bbox 229 3508 2402 4224">
    <p class='ocr_par' dir='ltr' id='par_1_4' title="bbox 229 3508 2395 3904">
     <span class='ocr_line' id='line_1_28' title="bbox 317 3508 2383 3584; baseline -0.002 -16"><span class='ocrx_word' id='word_1_206' title='bbox 317 3535 371 3568; x_wconf 77' lang='lat'><strong>2.</strong></span> <span class='ocrx_word' id='word_1_207' title='bbox 399 3513 580 3566; x_wconf 74' lang='lat' dir='ltr'><strong>Ruina.</strong></span> <span class='ocrx_word' id='word_1_208' title='bbox 612 3513 819 3584; x_wconf 73' lang='lat' dir='ltr'><strong>Vulgo,</strong></span> <span class='ocrx_word' id='word_1_209' title='bbox 844 3516 918 3566; x_wconf 73' lang='lat' dir='ltr'><strong>vi.</strong></span> <span class='ocrx_word' id='word_1_210' title='bbox 945 3513 1022 3564; x_wconf 87' lang='grc' dir='ltr'><strong>Μ.</strong></span> <span class='ocrx_word' id='word_1_211' title='bbox 1056 3511 1265 3582; x_wconf 84' lang='lat' dir='ltr'><strong>Optimi</strong></span> <span class='ocrx_word' id='word_1_212' title='bbox 1351 3510 1496 3564; x_wconf 79' lang='lat' dir='ltr'><strong>Cass.</strong></span> <span class='ocrx_word' id='word_1_213' title='bbox 1524 3527 1641 3561; x_wconf 68' lang='lat'>11:11</span> <span class='ocrx_word' id='word_1_214' title='bbox 1662 3545 1679 3572; x_wconf 89' lang='lat'>‚</span> <span class='ocrx_word' id='word_1_215' title='bbox 1709 3510 1802 3572; x_wconf 74' lang='lat'><strong>43.</strong></span> <span class='ocrx_word' id='word_1_216' title='bbox 1836 3508 1914 3560; x_wconf 88' lang='grc' dir='ltr'><strong>Μ.</strong></span> <span class='ocrx_word' id='word_1_217' title='bbox 1932 3539 2013 3550; x_wconf 91' lang='lat'><strong>--</strong></span> <span class='ocrx_word' id='word_1_218' title='bbox 2043 3508 2383 3564; x_wconf 77' lang='lat' dir='ltr'><strong>Multitudine.</strong></span> 
     </span>
     <span class='ocr_line' id='line_1_29' title="bbox 229 3588 2211 3666; baseline -0.004 -16"><span class='ocrx_word' id='word_1_219' title='bbox 229 3591 685 3660; x_wconf 18' lang='lat' dir='ltr'><strong>codd.,vrus·na‚·de</strong></span> <span class='ocrx_word' id='word_1_220' title='bbox 697 3611 802 3666; x_wconf 80' lang='lat' dir='ltr'><strong>qua</strong></span> <span class='ocrx_word' id='word_1_221' title='bbox 822 3611 952 3646; x_wconf 79' lang='lat' dir='ltr'><strong>voce</strong></span> <span class='ocrx_word' id='word_1_222' title='bbox 961 3589 1076 3645; x_wconf 81' lang='lat' dir='ltr'><strong>vid.</strong></span> <span class='ocrx_word' id='word_1_223' title='bbox 1092 3593 1268 3643; x_wconf 81' lang='lat' dir='ltr'><strong>Dona·</strong></span> <span class='ocrx_word' id='word_1_224' title='bbox 1353 3590 1644 3660; x_wconf 82' lang='lat' dir='ltr'><strong>Perperam</strong></span> <span class='ocrx_word' id='word_1_225' title='bbox 1676 3589 1769 3639; x_wconf 87' lang='lat' dir='ltr'><strong>alii</strong></span> <span class='ocrx_word' id='word_1_226' title='bbox 1794 3588 2130 3658; x_wconf 80' lang='lat' dir='ltr'><strong>praemittunt</strong></span> <span class='ocrx_word' id='word_1_227' title='bbox 2146 3603 2211 3644; x_wconf 80' lang='lat' dir='ltr'><strong>et.</strong></span> 
     </span>
     <span class='ocr_line' id='line_1_30' title="bbox 234 3667 2384 3743; baseline -0.002 -15"><span class='ocrx_word' id='word_1_228' title='bbox 234 3687 353 3728; x_wconf 84' lang='lat' dir='ltr'><strong>tum</strong></span> <span class='ocrx_word' id='word_1_229' title='bbox 382 3673 454 3728; x_wconf 83' lang='lat' dir='ltr'><strong>ad</strong></span> <span class='ocrx_word' id='word_1_230' title='bbox 484 3674 702 3726; x_wconf 88' lang='lat' dir='ltr'><strong>Terent.</strong></span> <span class='ocrx_word' id='word_1_231' title='bbox 723 3671 916 3743; x_wconf 81' lang='lat' dir='ltr'><strong>Adelp.</strong></span> <span class='ocrx_word' id='word_1_232' title='bbox 945 3689 1042 3737; x_wconf 85' lang='lat'>111,</span> <span class='ocrx_word' id='word_1_233' title='bbox 1064 3691 1090 3723; x_wconf 78' lang='lat'>2</span> <span class='ocrx_word' id='word_1_234' title='bbox 1115 3711 1130 3738; x_wconf 88' lang='lat'>‚</span> <span class='ocrx_word' id='word_1_235' title='bbox 1173 3689 1264 3724; x_wconf 63' lang='grc' dir='ltr'><strong>αι.</strong></span> <span class='ocrx_word' id='word_1_236' title='bbox 1437 3667 1569 3720; x_wconf 56' lang='lat' dir='ltr'><strong>Car.</strong></span> <span class='ocrx_word' id='word_1_237' title='bbox 1597 3667 1830 3720; x_wconf 80' lang='lat' dir='ltr'><strong>XXXII.</strong></span> <span class='ocrx_word' id='word_1_238' title='bbox 1867 3684 1911 3719; x_wconf 88' lang='lat'><strong>1.</strong></span> <span class='ocrx_word' id='word_1_239' title='bbox 1941 3667 2087 3718; x_wconf 79' lang='lat' dir='ltr'><strong>Veste</strong></span> <span class='ocrx_word' id='word_1_240' title='bbox 2102 3689 2160 3720; x_wconf 80' lang='lat' dir='ltr'><strong>ea</strong></span> <span class='ocrx_word' id='word_1_241' title='bbox 2178 3685 2384 3743; x_wconf 80' lang='lat' dir='ltr'><strong>sumpta.</strong></span> 
     </span>
     <span class='ocr_line' id='line_1_31' title="bbox 237 3745 2393 3824; baseline -0.001 -15"><span class='ocrx_word' id='word_1_242' title='bbox 237 3754 366 3809; x_wconf 81' lang='lat' dir='ltr'><strong>vid.</strong></span> <span class='ocrx_word' id='word_1_243' title='bbox 383 3765 440 3806; x_wconf 86' lang='lat' dir='ltr'><strong>et</strong></span> <span class='ocrx_word' id='word_1_244' title='bbox 457 3753 601 3820; x_wconf 59' lang='lat' dir='ltr'><strong>Lim,</strong></span> <span class='ocrx_word' id='word_1_245' title='bbox 623 3771 701 3819; x_wconf 74' lang='lat' dir='ltr'><strong>tv,</strong></span> <span class='ocrx_word' id='word_1_246' title='bbox 727 3757 824 3816; x_wconf 74' lang='lat'><strong>46.</strong></span> <span class='ocrx_word' id='word_1_247' title='bbox 847 3752 1032 3806; x_wconf 84' lang='lat' dir='ltr'><strong>Nostri</strong></span> <span class='ocrx_word' id='word_1_248' title='bbox 1053 3767 1268 3822; x_wconf 83' lang='lat' dir='ltr'><strong>quoque</strong></span> <span class='ocrx_word' id='word_1_249' title='bbox 1355 3746 1934 3819; x_wconf 79' lang='lat' dir='ltr'><strong>simpliciterviliorem</strong></span> <span class='ocrx_word' id='word_1_250' title='bbox 1942 3745 2393 3824; x_wconf 62' lang='lat' dir='ltr'><strong>etdewitamputo</strong></span> 
     </span>
     <span class='ocr_line' id='line_1_32' title="bbox 237 3823 2395 3904; baseline -0.002 -15"><span class='ocrx_word' id='word_1_251' title='bbox 237 3833 450 3890; x_wconf 78' lang='lat' dir='ltr'><strong>codices</strong></span> <span class='ocrx_word' id='word_1_252' title='bbox 474 3835 676 3887; x_wconf 78' lang='lat' dir='ltr'><strong>habent</strong></span> <span class='ocrx_word' id='word_1_253' title='bbox 695 3836 854 3886; x_wconf 73' lang='lat' dir='ltr'><strong>mina.</strong></span> <span class='ocrx_word' id='word_1_254' title='bbox 1358 3828 1602 3898; x_wconf 85' lang='lat' dir='ltr'><strong>intelligi.</strong></span> <span class='ocrx_word' id='word_1_255' title='bbox 1624 3827 1701 3878; x_wconf 89' lang='lat' dir='ltr'><strong>M.</strong></span> <span class='ocrx_word' id='word_1_256' title='bbox 1720 3823 1949 3878; x_wconf 85' lang='lat' dir='ltr'><strong>Sordida</strong></span> <span class='ocrx_word' id='word_1_257' title='bbox 1972 3829 2133 3881; x_wconf 81' lang='lat' dir='ltr'><strong>vestis</strong></span> <span class='ocrx_word' id='word_1_258' title='bbox 2148 3831 2395 3904; x_wconf 79' lang='lat' dir='ltr'><strong>inteuigi·</strong></span> 
     </span>
    </p>

    <p class='ocr_par' dir='ltr' id='par_1_5' title="bbox 239 3905 2402 4224">
     <span class='ocr_line' id='line_1_33' title="bbox 323 3905 2384 3984; baseline -0 -16"><span class='ocrx_word' id='word_1_259' title='bbox 323 3917 377 3969; x_wconf 81' lang='lat'><strong>3.</strong></span> <span class='ocrx_word' id='word_1_260' title='bbox 411 3917 590 3984; x_wconf 74' lang='lat' dir='ltr'><strong>Regem</strong></span> <span class='ocrx_word' id='word_1_261' title='bbox 615 3918 848 3984; x_wconf 68' lang='lat' dir='ltr'><strong>ipsum...</strong></span> <span class='ocrx_word' id='word_1_262' title='bbox 865 3915 1083 3982; x_wconf 52' lang='lat' dir='ltr'><strong>periisse.</strong></span> <span class='ocrx_word' id='word_1_263' title='bbox 1105 3911 1272 3976; x_wconf 82' lang='lat' dir='ltr'><strong>Flor.‚</strong></span> <span class='ocrx_word' id='word_1_264' title='bbox 1361 3906 1603 3963; x_wconf 87' lang='lat' dir='ltr'><strong>tur.Vid.</strong></span> <span class='ocrx_word' id='word_1_265' title='bbox 1622 3905 1899 3958; x_wconf 83' lang='lat' dir='ltr'><strong>Ferrarius</strong></span> <span class='ocrx_word' id='word_1_266' title='bbox 1914 3943 1931 3971; x_wconf 88' lang='lat'>,</span> <span class='ocrx_word' id='word_1_267' title='bbox 1944 3905 2015 3958; x_wconf 89' lang='lat' dir='ltr'><strong>de</strong></span> <span class='ocrx_word' id='word_1_268' title='bbox 2026 3925 2087 3959; x_wconf 87' lang='lat' dir='ltr'><strong>re</strong></span> <span class='ocrx_word' id='word_1_269' title='bbox 2100 3923 2229 3964; x_wconf 73' lang='lat' dir='ltr'><strong>vest.</strong></span> <span class='ocrx_word' id='word_1_270' title='bbox 2248 3931 2272 3965; x_wconf 89' lang='lat'>1</span> <span class='ocrx_word' id='word_1_271' title='bbox 2286 3953 2300 3981; x_wconf 89' lang='lat'>,</span> <span class='ocrx_word' id='word_1_272' title='bbox 2319 3933 2346 3966; x_wconf 74' lang='lat' dir='ltr'><strong>a</strong></span> <span class='ocrx_word' id='word_1_273' title='bbox 2362 3933 2384 3966; x_wconf 90' lang='lat'>1</span> 
     </span>
     <span class='ocr_line' id='line_1_34' title="bbox 239 3986 2401 4066; baseline -0.005 -19"><span class='ocrx_word' id='word_1_274' title='bbox 239 4015 326 4062; x_wconf 73' lang='lat' dir='ltr'><strong>tv,</strong></span> <span class='ocrx_word' id='word_1_275' title='bbox 365 4013 394 4046; x_wconf 66' lang='grc' dir='ltr'>ι</span> <span class='ocrx_word' id='word_1_276' title='bbox 413 4033 430 4062; x_wconf 84' lang='grc'>,</span> <span class='ocrx_word' id='word_1_277' title='bbox 463 3999 570 4048; x_wconf 87' lang='lat'><strong>60:</strong></span> <span class='ocrx_word' id='word_1_278' title='bbox 602 3993 760 4064; x_wconf 80' lang='lat' dir='ltr'><strong>Regis</strong></span> <span class='ocrx_word' id='word_1_279' title='bbox 791 4011 988 4063; x_wconf 82' lang='lat' dir='ltr'><strong>corpus</strong></span> <span class='ocrx_word' id='word_1_280' title='bbox 1019 3992 1275 4043; x_wconf 84' lang='lat' dir='ltr'><strong>obrutum</strong></span> <span class='ocrx_word' id='word_1_281' title='bbox 1363 4009 1442 4060; x_wconf 88' lang='lat' dir='ltr'><strong>sq.</strong></span> <span class='ocrx_word' id='word_1_282' title='bbox 1461 3986 1731 4042; x_wconf 80' lang='lat' dir='ltr'><strong>Convenit</strong></span> <span class='ocrx_word' id='word_1_283' title='bbox 1746 4003 1813 4038; x_wconf 87' lang='lat' dir='ltr'><strong>eo</strong></span> <span class='ocrx_word' id='word_1_284' title='bbox 1833 3986 2182 4057; x_wconf 81' lang='lat' dir='ltr'><strong>magis,quod</strong></span> <span class='ocrx_word' id='word_1_285' title='bbox 2198 3995 2401 4066; x_wconf 74' lang='lat' dir='ltr'><strong>AEgyp..</strong></span> 
     </span>
     <span class='ocr_line' id='line_1_35' title="bbox 241 4066 2399 4147; baseline -0.001 -18"><span class='ocrx_word' id='word_1_286' title='bbox 241 4076 372 4129; x_wconf 85' lang='lat' dir='ltr'><strong>limo</strong></span> <span class='ocrx_word' id='word_1_287' title='bbox 401 4086 679 4147; x_wconf 83' lang='lat' dir='ltr'><strong>repertum</strong></span> <span class='ocrx_word' id='word_1_288' title='bbox 707 4084 786 4126; x_wconf 90' lang='lat' dir='ltr'><strong>est</strong></span> <span class='ocrx_word' id='word_1_289' title='bbox 815 4073 873 4124; x_wconf 88' lang='lat' dir='ltr'><strong>in</strong></span> <span class='ocrx_word' id='word_1_290' title='bbox 901 4089 1072 4124; x_wconf 68' lang='lat' dir='ltr'><strong>aurea</strong></span> <span class='ocrx_word' id='word_1_291' title='bbox 1099 4070 1276 4124; x_wconf 73' lang='lat' dir='ltr'><strong>loricae</strong></span> <span class='ocrx_word' id='word_1_292' title='bbox 1365 4071 1425 4121; x_wconf 90' lang='lat' dir='ltr'><strong>tii</strong></span> <span class='ocrx_word' id='word_1_293' title='bbox 1439 4066 1667 4121; x_wconf 86' lang='lat' dir='ltr'><strong>candida</strong></span> <span class='ocrx_word' id='word_1_294' title='bbox 1688 4079 1837 4120; x_wconf 79' lang='lat' dir='ltr'><strong>veste</strong></span> <span class='ocrx_word' id='word_1_295' title='bbox 1852 4071 2399 4127; x_wconf 84' lang='lat' dir='ltr'><strong>uterentur.Vid.He·</strong></span> 
     </span>
     <span class='ocr_line' id='line_1_36' title="bbox 241 4147 2402 4224; baseline -0.001 -15"><span class='ocrx_word' id='word_1_296' title='bbox 241 4156 466 4210; x_wconf 81' lang='lat' dir='ltr'><strong>honore.</strong></span> <span class='ocrx_word' id='word_1_297' title='bbox 481 4155 658 4206; x_wconf 76' lang='lat' dir='ltr'><strong>-De</strong></span> <span class='ocrx_word' id='word_1_298' title='bbox 675 4153 862 4224; x_wconf 73' lang='lat' dir='ltr'><strong>praelio</strong></span> <span class='ocrx_word' id='word_1_299' title='bbox 879 4152 986 4205; x_wconf 86' lang='lat' dir='ltr'><strong>hoc</strong></span> <span class='ocrx_word' id='word_1_300' title='bbox 1015 4149 1128 4204; x_wconf 76' lang='lat' dir='ltr'><strong>vid.</strong></span> <span class='ocrx_word' id='word_1_301' title='bbox 1153 4150 1274 4202; x_wconf 84' lang='lat' dir='ltr'><strong>Dio.</strong></span> <span class='ocrx_word' id='word_1_302' title='bbox 1365 4147 1482 4202; x_wconf 87' lang='lat' dir='ltr'><strong>rod.</strong></span> <span class='ocrx_word' id='word_1_303' title='bbox 1501 4187 1519 4213; x_wconf 86' lang='lat'><em>‚</em></span> <span class='ocrx_word' id='word_1_304' title='bbox 1548 4169 1601 4215; x_wconf 73' lang='lat' dir='ltr'><strong>a,</strong></span> <span class='ocrx_word' id='word_1_305' title='bbox 1640 4149 1671 4200; x_wconf 93' lang='lat'>8</span> <span class='ocrx_word' id='word_1_306' title='bbox 1686 4167 1733 4200; x_wconf 87' lang='lat'><strong>1.</strong></span> <span class='ocrx_word' id='word_1_307' title='bbox 1760 4174 1842 4190; x_wconf 83' lang='lat'><strong>--</strong></span> <span class='ocrx_word' id='word_1_308' title='bbox 1864 4147 2096 4200; x_wconf 78' lang='lat' dir='ltr'><strong>Proelatis</strong></span> <span class='ocrx_word' id='word_1_309' title='bbox 2126 4157 2293 4206; x_wconf 72' lang='lat' dir='ltr'><strong>sacris.</strong></span> <span class='ocrx_word' id='word_1_310' title='bbox 2320 4155 2402 4207; x_wconf 76' lang='lat' dir='ltr'><strong>Ex</strong></span> 
     </span>
    </p>
   </div>
  </div>
 </body>
</html>
