3025 5025
633 480 786 569 340
1341 512 1345 516 -
1429 478 1571 547 DE
1634 415 1981 546 ‘romu=

617 616 798 710 justa
839 614 1043 684 turris
1086 609 1368 681 altitudo
1406 635 1487 680 ex
1503 612 1819 681 Vitruvio
1834 665 1854 701 ‚
1894 635 2032 679 non
2067 611 2289 679 minor
2317 623 2463 679 erat
2497 610 2625 679 LX
2664 634 2775 680 cu·

623 722 800 811 bitis,
826 719 962 791 scil.
994 721 1123 789 XC
1147 718 1456 814 pedibus,
1475 742 1603 803 nec
1626 718 1841 813 major
1860 718 2057 786 CXX
2082 716 2265 801 cub.‚‘
2286 712 2437 786 scih
2457 718 2778 787 CLXXX

621 829 773 923 ped.
822 830 984 897 Suis
1019 828 1240 922 igitur
1274 824 1514 921 pluteis
1572 826 1917 919 vineisque
1964 822 2183 893 adhuc
2232 826 2551 918 protecti,
2585 848 2783 919 super

620 934 825 1004 hanc-
854 935 1198 1002 minimam
1247 932 1485 1001 turrim
1501 946 1510 977 ’·
1526 932 1732 1003 XXX
1780 930 1931 1027 ped.
1970 928 2214 1000 elatam
2230 984 2249 1019 ,
2290 929 2783 999 contabulatio-

621 1066 776 1111 nem
820 1042 1106 1136 primam
1157 1038 1460 1109 efficiunt
1474 1090 1493 1123 ,
1540 1036 1777 1120 deinde
1814 1039 2143 1133 parietum
2173 1051 2605 1107 ‘stmcturam
2622 1060 2781 1131 pera

623 1162 1008 1242 sequuntur.
1055 1148 1146 1215 At
1181 1170 1390 1241 quum
1427 1143 1571 1238 jam
1615 1143 1900 1239 amplius
1938 1168 2009 1213 se
2051 1169 2190 1213 non
2233 1157 2415 1212 tutos
2440 1142 2613 1212 sore
2662 1143 2779 1212 sub
2816 1164 2823 1169 ·

621 1254 874 1349 pluteis
899 1253 1236 1341 viderent,
1260 1252 1394 1322 hoc
1438 1250 1589 1321 loco
1632 1265 1889 1321 tectum·
1922 1250 2169 1320 mobile
2210 1249 2515 1319 efficiunt
2532 1303 2552 1339 ‚
2593 1248 2779 1343 quale
2814 1256 2825 1287 ”

621 1384 827 1455 supra
869 1358 1368 1429 delineavimus.
1410 1357 1717 1428 Perfecto
1752 1359 1956 1451 igitur
1983 1371 2194 1447 tecto,
2214 1371 2285 1425 et
2314 1357 2525 1426 muris
2560 1358 2781 1425 utrim-

619 1492 752 1562 que
787 1468 1206 1562 superposito
1221 1517 1242 1554 ‚
1283 1466 1641 1535 crassiores
1676 1464 1907 1533 'trabes
1948 1478 2237 1558 quatuor
2272 1455 2307 1543 s
2316 1478 2585 1558 'quatre
2622 1486 2781 1531 ma-

617 1574 838 1643 dn‘ers
857 1566 888 1663 )
909 1586 1110 1668 super
1147 1571 1762 1642 contabulationem
1807 1572 2093 1664 primam
2130 1570 2330 1664 juxta
2353 1583 2422 1639 et
2462 1594 2654 1665 pone,
2668 1592 2780 1664 pa-

617 1682 815 1749 rietes
842 1679 1102 1772 jaciunt
1129 1671 1412 1771 (l'objet
1433 1678 1525 1747 de
1550 1678 1666 1747 ces
1697 1678 1899 1772 longs
1928 1676 2267 1747 madniers
2294 1691 2438 1761 est,
2470 1667 2786 1769 inde'pen·
2816 1695 2823 1701 ·

489 1790 496 1795 ’
616 1786 976 1856 damment
1005 1785 1096 1854 de
1119 1786 1197 1851 la
1235 1776 1551 1867 solidite,
1584 1784 1675 1849 de
1707 1782 1953 1850 rendre
1980 1785 2057 1849 la
2076 1786 2403 1875 pression
2436 1771 2785 1875 &gale-sur
2822 1800 2829 1805 '

617 1908 774 1962 tous
791 1893 892 1961 les
896 1895 1144 1986 points
1155 1887 1631 1983 duplancher,
1644 1892 1719 1955 et
1729 1908 1877 1981 par
1889 1878 2313 1981 conse'quent
2320 1886 2487 1956 d’en
2502 1886 2788 1957 adoucir

620 1988 905 2091 l’fft)
931 2050 952 2085 ‚
979 2020 1125 2091 quae
1159 1994 1400 2063 trabes·
1415 1993 1504 2062 ad
1547 2007 1833 2087 quatuor
1874 1992 2151 2087 angulos
2190 1993 2534 2063 cohaerent
2559 2020 2581 2079 3
2610 2008 2684 2063 et
2718 1996 2785 2063 in

623 2103 748 2173 illis
780 2101 1038 2199 angulis
1054 2124 1299 2196 ,super
1325 2099 1450 2169 has
1475 2100 1729 2187 trabes,
1748 2097 1909 2168 alias
1934 2114 2191 2169 erectas
2221 2098 2307 2167 ad
2334 2100 2787 2195 perpendicu-
2816 2124 2827 2133 ·

621 2208 762 2281 lu'm
805 2212 1079 2298 sistunt,
1103 2208 1410 2279 incisuris
1438 2198 1681 2295 factis(
1712 2228 1809 2275 au
1828 2230 2073 2301 moyen
2111 2206 2199 2277 de
2232 2208 2601 2277 mortalises
2625 2199 2695 2295 ),
2720 2221 2787 2277 et
2820 2224 2829 2235 “

620 2316 909 2411 obliquis
929 2314 1070 2385 aliis
1094 2314 1396 2385 trabibus
1416 2314 1759 2408 utrimque
1774 2313 1971 2406 jactis
1986 2367 2006 2403 ‚
2024 2312 2110 2382 ad
2129 2313 2507 2383 retinendas
2527 2314 2789 2409 priores
2818 2348 2825 2353 ·

621 2415 732 2515 (V.
753 2414 1042 2493 lehn-..11⁰
1065 2413 1161 2518 9).
1184 2419 1784 2517 Super-has-tra-bes
1804 2418 2125 2508 directas,
2142 2419 2451 2490 cochleas
2476 2446 2661 2511 suas,
2676 2418 2781 2489 'vel
2816 2446 2821 2451 ·

621 2532 978 2602 machinas·
991 2529 1294 2599 dentatas
1305 2522 1525 2619 (leurs
1558 2519 1759 2616 crios)
1778 2527 2039 2616 locant,
2072 2553 2219 2622 quae
2254 2533 2511 2598 tectum
2528 2529 2783 2598 inferne

623 2636 1082 2734 prehendunt,
1113 2649 1182 2704 et
1221 2634 1537 2707 attollunt
1567 2643 1787 2729 ‘usque‘
1824 2634 1909 2703 ad
1950 2636 2063 2705 IV·
2080 2635 2229 2731 pe'd.
2268 2661 2395 2731 pro
2440 2634 2827 2705 latitudine‘

625 2745 983 2816 storiarum
1007 2741 1585 2838 supra-dictarum.
1612 2742 1923 2834 Operarii
1954 2744 2174 2811 storiis
2200 2743 2488 2837 protecti
2504 2747 2829 2811 murum-⁸

625 2864 1134 2948 persequuntur.
1161 2851 1353 2916 Tunc
1380 2847 1619 2916 trabes
1634 2845 1903 2916 directae
1930 2861 2453 2942 mutantur-‘pro
2471 2847 2785 2919 aliis'lo'n-

629 2957 924 3053 gioribus
939 3006 958 3040 ,
985 2956 1226 3051 quibus
1247 2979 1448 3049 super
1468 2954 1759 3023 vicissim
1786 2951 2095 3022 locantur
2120 2953 2448 3023 machinae
2466 2954 2784 3042 dentatae,

630 3088 780 3158 quae
820 3076 1074 3131 tectum
1108 3064 1352 3131 iterum
1367 3114 1387 3150 ‚
1423 3074 1492 3129 et
1535 3058 1791 3131 eodem·
1806 3057 2017 3128 modo'
2055 3083 2189 3154 quo
2212 3085 2429 3156 -supra
2443 3089 2465 3149 ,·
2480 3087 2487 3094 ·
2502 3061 2781 3156 'prehew

633 3170 804 3239 dunt
821 3223 840 3258 ,
868 3174 1078 3264 iisque
1113 3168 1200 3237 ad
1241 3165 1624 3236 distantiam
1645 3220 1666 3255 ,
1690 3173 1855 3261 «quae
1896 3167 2071 3235 inter
2108 3167 2397 3261 primam
2440 3181 2523 3236 et·
2546 3193 2790 3244 secun-

635 3276 791 3345 dam
843 3272 1468 3345 contabulationem·
1502 3271 1969 3368 progreditur3
2012 3285 2083 3341 et
2139 3272 2357 3342 hance-
2382 3273 2789 3368 conjecimus·

637 3382 838 3452 fuisse
877 3384 1015 3450 XII
1047 3379 1197 3476 ped.
1226 3379 1336 3449 vel
1361 3382 1536 3468 XV·;
1571 3381 1664 3449 ita
1695 3380 1900 3475 igitur
1934 3380 2190 3473 priores
2203 3378 2441 3449 trabes
2475 3379 2741 3450 directae
2761 3433 2779 3469 ,
2954 3405 2956 3468 ᾗ

639 3488 1038 3559 fulcimenta-
1056 3483 1482 3557 cochlearum
1498 3540 1520 3574 ‚
1546 3499 1745 3555 erunt
1770 3483 1872 3556 IV
1885 3484 2083 3582 vel'V
2124 3484 2277 3582 ped.
2302 3483 2453 3557 altae
2468 3503 2777 3582 ‚quatu-um
2953 3469 2956 3568 4

639 3621 768 3691 ope
808 3602 1062 3666 tectum
1099 3590 1422 3662 attollitur
1455 3591 1734 3662 totidem
1778 3591 1955 3688 ped„
1980 3606 2049 3662 et
2083 3591 2227 3662 aliae
2262 3593 2331 3660 in
2367 3590 2597 3663 locum
2623 3595 2781 3688 prio-
2954 3591 2956 3594 ⁴

642 3725 798 3772 rum
843 3701 1140 3772 suffectae
1173 3701 1347 3770 VIII
1402 3697 1508 3768 vel
1538 3701 1630 3768 ‘X
1688 3697 1839 3794 ped.
1881 3700 1989 3767 Ita
2043 3697 2191 3768 duae
2245 3701 2486 3794 cuique
2546 3696 2779 3794 angulo

645 3808 993 3878 sufficient.
1039 3806 1346 3876 Secunda
1381 3820 1605 3875 autem
1640 3802 2179 3876 contabulatione
2216 3804 2427 3893 facta,
2467 3807 2779 3876 machinae

646 3939 848 4010 super
862 3916 1039 3984 hanc
1055 3911 1665 3983 contabulationem
1683 3910 2011 3984 scalarum
2032 3914 2427 3982 interiorum
2442 3937 2577 4008 ope
2592 3925 2779 3981 mns-

647 4022 1004 4092 mittuntur
1018 4055 1048 4106 ,·
1067 4019 1393 4090 eteodem
1420 4019 1625 4088 modo
1659 4027 1911 4088 tectum
1939 4017 2183 4089 mobile
2211 4017 2297 4089 ad
2326 4020 2597 4088 tertiam
2632 4023 2779 4088 con·

649 4127 1126 4238 tabulationem
1149 4124 1464 4200 attollunt
1483 4152 1505 4215 ;
1524 4140 1601 4196 et·
1617 4127 1710 4198 ita
1746 4125 1843 4198 de‘
1860 4128 2131 4198 canteris.
2164 4123 2581 4221 Implicatior
2602 4122 2779 4193 vide-
