3025 5025
651 493 790 562 DE
845 491 1197 560 BELLO
1251 491 1621 562 CIVILI.
1678 493 1867 562 LIB.
1924 495 2026 565 11.
2287 495 2421 566 161

275 636 652 692 castrorum
694 623 1030 719 perfecte,
1067 625 1321 717 equites
1362 647 1442 692 ex
1485 623 1769 694 statione
1802 629 2154 715 nunciant,
2192 653 2435 722 magna

275 729 530 798 auxilia
567 732 861 824 equitum
907 729 1337 825 peditumque
1355 781 1374 816 ,
1416 730 1500 797 ab
1544 755 1701 826 rege
1738 733 1973 820 missa,
2013 735 2282 802 Uticam
2318 761 2435 803 ve-

275 838 426 904 nire
464 838 864 930 :eodemque
901 851 1203 932 tempore
1237 837 1337 905 vis
1378 859 1624 930 magna
1665 837 1959 932 pulveris
2001 842 2435 930 cernebatur,

275 957 346 1011 et
401 945 683 1038 vestigio
739 945 1059 1038 temporis
1100 943 1394 1038 primum
1447 967 1688 1038 agmen
1735 960 1878 1014 erat
1933 948 2006 1014 in
2050 963 2435 1042 conspectu.

275 1051 598 1120 Novitate
643 1053 736 1119 rei
781 1053 988 1119 Curio
1019 1063 1398 1144 permotUS,
1437 1050 1781 1144 praemittit
1822 1054 2110 1146 equiteS,
2155 1057 2266 1147 qui
2300 1057 2435 1149 pri-

277 1179 472 1224 mum
505 1159 828 1252 impetum
867 1158 1234 1226 sustineant
1263 1180 1340 1224 ac
1377 1172 1725 1226 morentur
1758 1185 1772 1225 :
1806 1159 1982 1253 ipse,
2018 1157 2317 1228 celeriter
2352 1161 2436 1230 ab

279 1289 488 1358 opere
513 1263 815 1332 deductis
845 1262 1250 1358 legionibuS,
1286 1264 1497 1332 aciem
1528 1265 1811 1333 instruit.
1837 1267 2108 1359 Equites
2136 1268 2438 1335 commit-

279 1383 436 1439 tunt
487 1369 792 1465 praelium
811 1356 870 1458 4;
911 1384 979 1438 et
1021 1371 1240 1464 priuS,
1285 1393 1486 1464 quam
1530 1369 1727 1464 plane
1787 1369 2077 1466 legiones
2126 1372 2440 1468 explicari

281 1491 348 1545 et
383 1479 750 1546 consistere
784 1490 1059 1572 possent
1081 1529 1101 1565 ,
1137 1490 1279 1545 tota
1316 1475 1561 1544 auxilia
1600 1479 1809 1573 regis,
1840 1465 2155 1575 impedita
2184 1503 2261 1548 ac
2288 1505 2442 1575 per-

280 1585 587 1672 turbata,
630 1583 809 1680 quod
853 1583 1040 1652 nullo
1081 1583 1314 1652 ordine
1363 1597 1430 1651 et
1471 1583 1611 1652 sine
1661 1586 1901 1655 timore
1941 1587 2067 1654 iter
2111 1586 2442 1674 fecerant,

281 1691 350 1758 in
390 1689 625 1786 fugam
667 1716 739 1760 se
779 1691 1177 1784 conjiciunt:
1211 1690 1640 1783 equitatuque
1683 1693 1866 1761 omni
1904 1691 2043 1762 fere
2087 1693 2441 1782 incolumi,

283 1797 466 1892 quod
509 1822 582 1867 se
626 1822 750 1892 per
775 1797 997 1866 littora
1027 1795 1329 1866 celeriter
1358 1797 1426 1863 in
1455 1795 1783 1891 oppidum
1812 1801 2092 1893 recepit,
2122 1825 2441 1896 magnum

283 1904 590 1999 peditum
621 1929 977 1973 numerum
1007 1902 1432 1978 interficiunt.

388 2013 689 2081 XXVII.
710 2012 1021 2080 Proxima
1042 2023 1240 2078 nocte
1271 2010 1694 2080 centuriones
1712 2012 1922 2080 Marsi
1950 2011 2086 2080 duo
2108 2038 2190 2081 ex
2213 2015 2445 2084 castris

283 2119 602 2188 Curionis
648 2143 802 2187 cum
857 2115 1386 2212 manipularibus
1439 2117 1575 2186 suis
1600 2113 1619 2140 ¹
1664 2116 1927 2187 duobus
1972 2134 2039 2187 et
2081 2121 2317 2213 viginti
2360 2120 2446 2188 ad

289 2227 544 2294 Attium
569 2227 830 2294 Varum
859 2223 1262 2318 perfugiunt.
1303 2223 1422 2310 Hi,
1445 2247 1565 2291 seu
1584 2247 1743 2292 vere
1762 2277 1783 2310 ,
1811 2247 2013 2317 quam
2036 2225 2446 2314 habuerant,

289 2333 676 2426 opinionem
729 2331 815 2400 ad
866 2354 1020 2401 eum
1071 2325 1443 2425 perferunt²
1463 2382 1484 2417 ,
1530 2330 1665 2398 sive
1723 2333 1922 2399 etiam
1966 2331 2237 2400 auribus
2283 2335 2450 2402 Vari

290 2441 591 2507 serviunt
636 2429 887 2527 (nam,
927 2461 1074 2532 quae
1118 2435 1429 2504 volumus
1452 2487 1472 2523 ,
1503 2449 1574 2504 et
1610 2435 1941 2506 credimus
1981 2436 2300 2526 libenter3
2346 2453 2448 2528 et,

289 2572 436 2643 quae
464 2546 786 2631 sentimus
814 2546 971 2640 ipsi,
998 2542 1287 2638 reliquos
1317 2544 1560 2612 sentire
1589 2537 1977 2639 speramus)
2003 2570 2017 2611 τ
2045 2544 2448 2615 confirmant

289 2653 563 2748 quidem
591 2666 806 2737 certe,
833 2654 1034 2721 totius
1063 2652 1388 2720 exercitus
1415 2652 1673 2721 animos
1702 2649 1951 2722 alienos
1978 2676 2121 2719 esse
2144 2675 2185 2718 a
2208 2654 2447 2721 Curio·

289 2785 370 2829 ne
405 2787 422 2828 z
458 2760 748 2829 maxime
780 2783 949 2853 opus
991 2782 1132 2827 esse
1189 2759 1256 2824 in
1297 2769 1731 2851 conspectum
1775 2759 2139 2827 exercitum
2180 2760 2447 2847 venire,

245 2874 252 2883 '
291 2881 355 2937 et
402 2864 829 2961 colloquendi
886 2864 1031 2935 dari
1081 2862 1484 2933 facultatem.
1547 2864 1702 2952 Qua
1753 2865 2068 2958 opinione
2122 2864 2450 2935 adductus

291 3088 392 3157 ὅρον
411 3079 534 3137 εἶναι
553 3079 679 3153 τῇδε
698 3088 763 3154 τῇ
779 3082 991 3153 εὐφημίᾳ
1007 3082 1334 3152 πυνθάνομαι,
1508 3101 1559 3133 2.
1600 3082 1695 3133 Ad
1732 3102 1839 3133 eum
1870 3085 2137 3153 perfiet-unt.
2186 3086 2347 3137 Recte
2384 3103 2452 3137 cx

289 3168 344 3219 τὸ
368 3165 570 3235 μυρίους
601 3163 978 3217 *tractim—Et
996 3166 1230 3235 vestigio..
1245 3163 1330 3213 Ita
1417 3162 1619 3213 nostris
1644 3161 1805 3215 codd.
1830 3163 2059 3233 Vulgata
2086 3164 2182 3217 has
2206 3182 2361 3218 voces
2384 3166 2459 3217 ad

291 3246 465 3299 nostri
487 3242 649 3296 codd.
675 3256 728 3297 et
749 3240 1221 3314 Oudendorpiani:
1241 3242 1331 3293 alii
1421 3260 1531 3292 eum
1548 3242 1774 3306 omittit;
1796 3241 1979 3312 quade
1992 3261 2146 3295 causa
2166 3245 2451 3297 nescim-

290 3347 314 3377 e
349 3328 568 3393 vestigio
604 3344 622 3374 .·
662 3324 892 3393 Vulgata
923 3333 974 3373 et
1005 3344 1031 3373 e
1075 3324 1284 3390 ‘vestigio
1311 3341 1330 3373 .·
1423 3321 1557 3375 Nam
1582 3342 1691 3394 quoe
1711 3323 1964 3385 volumus,
1988 3335 2079 3375 etc.
2101 3323 2247 3375 Vera
2260 3324 2453 3377 huma·

289 3406 423 3459 trita
476 3405 657 3456 lectio.
708 3402 968 3455 Eamdem
1020 3403 1335 3455 varietatem
1421 3419 1620 3453 norum
1646 3403 1950 3455 animorum
1971 3402 2197 3473 effigies,
2216 3402 2309 3475 qui
2328 3416 2456 3457 vota

287 3489 402 3559 jam
433 3481 622 3536 videre
651 3484 824 3536 licuit.
1424 3500 1518 3533 sua
1556 3500 1658 3553 pro
1702 3501 1795 3553 spe
1814 3520 1829 3546 ,
1861 3494 1917 3533 et
1954 3501 2103 3553 spem
2144 3501 2245 3553 pro
2290 3484 2453 3538 rebus

377 3572 434 3628 4.
489 3564 694 3633 Equites
738 3566 1040 3614 committunt
1081 3562 1331 3631 proelium.
1423 3561 1553 3631 ipsis
1577 3562 1811 3633 capiunt.
1826 3594 1900 3607 -κ
1920 3563 1983 3615 In
2007 3574 2321 3633 conspectum.
2341 3563 2453 3616 Ou-

291 3642 475 3700 Codd.
495 3643 606 3695 fere
625 3662 811 3696 omnes
829 3641 1030 3694 habent
1047 3645 1332 3713 equitesque.
1421 3638 1585 3694 dend.
1620 3642 1860 3711 reposuit
1888 3646 1940 3693 in
1966 3654 2216 3713 conspectu
2247 3662 2313 3695 ex
2343 3645 2451 3697 suis

291 3728 612 3790 At,utrecte
627 3722 926 3775 observavit
937 3721 1336 3791 Ciacc.,copula
1423 3719 1583 3773 codd.
1602 3759 1619 3784 ,
1646 3740 1771 3773 cum
1808 3722 2004 3793 quibus
2040 3724 2210 3776 nostri
2240 3742 2456 3794 quoque

293 3826 388 3878 que
400 3804 607 3855 inutilis
617 3801 1148 3874 est,etperspicuitati
1161 3814 1332 3853 nocet.
1425 3802 1799 3866 consentiunt3
1824 3813 1878 3853 et
1902 3800 1963 3853 id
1988 3803 2455 3857 soloecismum'vo-

381 3885 515 3937 Cu».
546 3884 783 3936 XXVII.
825 3900 875 3936 1.
914 3881 1040 3934 Cum
1071 3881 1342 3950 manipula·
1425 3894 1510 3933 cat
1549 3880 1859 3933 Oberlinus.
1908 3882 2156 3935 Attamen
2192 3888 2357 3935 venire
2402 3887 2453 3935 in

303 3965 431 4015 ribus
469 3967 586 4015 suis.
635 3964 761 4015 Duo
810 3962 954 4014 enim
1000 3961 1338 4014 centuriones
1427 3966 1677 4031 con-‘spectu
1692 3961 1962 4032 reperitur
1982 3961 2124 4032 apud
2146 3962 2453 4029 Phaedrum,

304 4044 574 4115 manipulo
587 4054 872 4114 praerant,
884 4042 977 4114 qui
991 4040 1196 4094 duabus
1217 4058 1342 4093 con·
1426 4042 1532 4093 fab.
1552 4040 1589 4092 l.
1614 4060 1671 4102 v,
1700 4058 1723 4092 1
1743 4078 1759 4106 ‚
1794 4059 1817 4093 1
1832 4040 1884 4105 5,
1904 4041 1998 4093 ubi
2021 4040 2144 4095 vide
2163 4044 2415 4097 Burman.
2436 4063 2454 4109 ς

309 4125 480 4177 stabat
510 4123 799 4186 centuriis,
816 4134 878 4174 ut
899 4123 1008 4196 jam
1036 4120 1282 4174 diximus.
1427 4133 1480 4172 et
1493 4118 1637 4191 apud
1650 4120 1835 4175 Manil.
1851 4122 1888 4173 1.
1907 4141 1969 4183 v,
1986 4140 2037 4176 v.
2062 4123 2446 4191 39o.-—-D‹m'.

409 4237 512 4305 II.
1999 4254 2025 4299 1
2051 4252 2079 4301 1
