3025 5025
1013 478 1608 576 AF'RICANO.
2215 497 2374 586 485
2427 570 2450 581 ,

264 626 428 699 vallis
458 634 854 731 interjectis:
896 651 1049 733 post
1092 652 1319 707 autem
1358 636 1748 732 elephantos
1787 616 2158 703 armaturas
2203 612 2382 703 leves

264 737 692 837 Numidasque
730 744 1164 815 substituerat
1201 743 1567 817 auxiliares.
1612 746 2002 838 Equitatum
2048 740 2382 827 frenatum

185 869 195 879 ’
263 845 617 917 universum
634 851 705 918 in
727 875 848 918 suo
868 850 1101 925 dextro
1130 876 1343 921 cornu
1370 851 1816 945 disposuerat3
1840 848 2174 917 sinistrum
2203 848 2382 915 enim

263 972 453 1020 cornu
476 955 722 1051 oppido
746 958 949 1025 Uzita
977 956 1439 1044 claudebatur,
1464 982 1680 1088 neque
1705 970 1851 1025 erat
1887 954 2184 1048 spatium
2200 954 2382 1047 equi-

262 1068 418 1134 tatus
476 1061 863 1157 explicandi.
919 1065 1245 1135 Praeterea
1290 1048 1650 1135 Numidas³
1694 1062 1990 1154 levisque
2031 1074 2386 1129 armaturae

259 1161 559 1236 infinitam
604 1165 1104 1237 multitudinem
1133 1170 1219 1238 ad
1254 1170 1558 1254 dextram
1593 1183 1852 1265 partem
1895 1192 2027 1237 suae
2063 1167 2226 1235 aciei
2261 1190 2383 1260 op-

259 1288 585 1360 posuerat,
627 1275 765 1345 fere
806 1274 1153 1367 interjecto
1198 1301 1337 1345 non
1380 1278 1600 1345 minus
1636 1278 1714 1345 M
1766 1299 2081 1369 passuum
2123 1274 2388 1368 spatio;

259 1388 320 1442 et
339 1376 417 1443 ad
445 1378 627 1450 collis
656 1381 911 1450 radices
944 1384 1156 1477 magis
1192 1372 1573 1477 appulerat,
1608 1380 1999 1477 longiusque
2029 1380 2114 1448 ab
2152 1379 2388 1447 adver-

260 1483 563 1553 sariorum
601 1488 869 1581 suisque
905 1489 1111 1581 copiis
1150 1501 1623 1582 promoverat:
1663 1487 1732 1557 id
1758 1488 1889 1556 hoc
1931 1484 2248 1573 consilio,
2278 1497 2388 1571 ut,

262 1610 450 1679 quum
491 1594 665 1663 acies
705 1593 853 1663 duae
894 1593 1067 1661 inter
1111 1618 1180 1662 se
1220 1596 1714 1671 concurrissent
1744 1594 1933 1661 initio
1971 1592 2389 1691 certaminis,

258 1692 465 1785 paullo
512 1697 775 1794 longius
811 1700 952 1793 ejus
1000 1702 1329 1794 equitatus
1370 1700 1856 1773 circumvectus
1877 1762 1882 1770 ,
1900 1724 1982 1767 ex
2025 1698 2389 1793 improviso

258 1797 578 1873 clauderet
613 1804 1041 1875 multitudine
1076 1831 1196 1875 sua
1232 1808 1595 1885 exercitum
1633 1808 1946 1898 CaesariS‚
1989 1818 2188 1898 atque
2231 1828 2390 1899 per-

256 1906 585 1979 turbatum
627 1908 864 2005 jaculis
898 1912 1293 2007 configeret.
1348 1915 1509 1982 Haec
1554 1912 1682 1981 fuit
1723 1913 1890 1981 ratio
1939 1912 2266 2006 Scipionis
2310 1935 2391 1989 eo

257 2009 352 2081 die
384 2015 743 2110 praeliandi.

296 2122 507 2203 LX.
556 2126 839 2194 Caesaris
882 2138 1106 2212 autem
1152 2127 1325 2195 acies
1360 2125 1493 2196 hoc
1537 2124 1740 2195 modo
1771 2125 1898 2194 fuit
1932 2082 2285 2209 collocata,
2317 2136 2399 2191 ut

258 2224 334 2292 ab
370 2229 639 2299 sinistro
670 2231 812 2324 ejus
841 2255 1055 2301 cornu
1089 2230 1347 2311 ordiar¹
1354 2247 1467 2319 ,et
1503 2232 1589 2300 ad
1618 2232 1926 2309 dextrum
1959 2232 2394 2326 perveniam.

256 2329 477 2403 habuit
514 2337 585 2403 in
632 2337 895 2406 sinistro
955 2362 1167 2405 cornu
1220 2336 1549 2432 legionem
1597 2341 1696 2408 IX
1723 2392 1742 2425 ‚
1798 2338 2114 2425 V1113,in
2162 2335 2398 2403 dextro

258 2460 457 2509 cornu
508 2444 765 2532 xxx,
805 2445 1165 2513 xxvm:
1206 2445 1423 2533 xm,
1466 2444 1685 2532 xlv,
1733 2444 2014 2530 xxix,
2049 2444 2289 2512 xxvl
2323 2424 2400 2509 'in

204 2577 211 2582 ·
255 2545 465 2616 media
520 2549 713 2632 acie3
772 2551 992 2643 ipsum
1060 2564 1282 2619 autem
1339 2549 1649 2619 dextrum
1711 2573 1925 2618 cornu
1957 2603 1976 2638 ,
2038 2548 2400 2618 secundam

328 2751 379 2804 3.
409 2752 667 2803 Proeterea
697 2751 955 2804 Numidas.
982 2751 1098 2803 Alii'
1116 2752 1277 2822 Prop·
1371 2751 1623 2806 destituta
1654 2766 1766 2805 esse
1779 2751 1804 2803 i·
1821 2752 2009 2822 Itaque
2032 2749 2400 2804 Guischardus

255 2840 377 2880 terea
400 2831 489 2884 vel
513 2833 718 2884 Postea.
1370 2827 1554 2894 (Me'm.
1589 2832 1729 2884 milit.
1757 2832 1884 2884 vol.
1925 2849 1970 2882 11
1987 2868 2004 2895 ,
2033 2851 2088 2902 p.
2136 2835 2294 2900 249,
2315 2831 2402 2885 vel

256 2959 264 2967 .
328 2910 457 2964 Cn».
485 2911 609 2964 Lx.
644 2928 689 2963 1.
724 2910 1008 2963 ordiam...
1028 2911 1279 2978 legionem.
1368 2912 1435 2964 T.
1472 2930 1551 2976 11,
1579 2932 1633 2984 p.
1668 2913 1810 2976 3443
1841 2921 1895 2964 et
1917 2910 2066 2962 Me'm.
2091 2914 2199 2964 crit.
2225 2912 2398 2964 ethist.

254 2986 377 3042 Hoec
394 2989 469 3043 ita
490 3003 624 3052 sunt
645 2991 889 3043 mutilata
910 2990 969 3042 in
990 2989 1283 3057 codicibus,
1369 3010 1426 3062 p.
1462 2991 1599 3059 530,
1631 2991 1717 3044 vel
1751 2991 1815 3042 T.
1851 3009 1935 3056 zv,
1966 2993 2021 3061 p.
2061 2986 2206 3061 ²37)
2238 2989 2370 3044 dicit
2388 3029 2406 3058 ,

254 3081 312 3121 ut
330 3070 636 3125 necessario
656 3071 958 3142 conjectura
974 3069 1287 3122 subvenien-
1372 3089 1437 3122 ex
1455 3071 1558 3126 hac
1580 3069 1884 3123 diversitate
1906 3069 2199 3123 lectionum
2221 3071 2403 3124 locum

252 3146 377 3202 dum
404 3150 578 3204 fuerit
613 3149 849 3204 lectioni.
883 3150 1017 3202 Eam
1045 3168 1111 3204 ex
1135 3163 1287 3221 parte
1372 3150 1477 3204 sibi
1500 3148 1676 3204 videri
1697 3149 1774 3202 sic
1801 3149 2268 3203 constituendum:
2293 3152 2409 3203 Ha-

251 3230 478 3298 protulit
508 3229 788 3300 ingenium
816 3229 1114 3282 Rhellicani
1128 3267 1145 3294 ‚
1170 3247 1289 3300 quae
1378 3229 1483 3284 buit
1515 3234 1568 3281 in
1600 3233 1797 3284 sinistro
1835 3249 1982 3282 cornu
2019 3230 2251 3298 legionem
2267 3233 2272 3239 ”
2291 3230 2407 3293 IX,

250 3321 327 3362 est
347 3309 551 3363 sensim
572 3320 786 3379 recepta
810 3309 868 3372 in
886 3307 1165 3362 editiones.
1185 3310 1289 3368 Res
1380 3309 1523 3362 VIII
1536 3319 1572 3372 ;'
1619 3312 1669 3360 in
1737 3309 1908 3361 dextro
1939 3323 1948 3331 ·
1975 3329 2124 3360 cornu
2183 3309 2371 3362 XXX
2393 3347 2410 3371 ,

252 3388 365 3459 ipsa
389 3388 663 3456 declarat,
690 3388 829 3440 nihil
858 3387 1006 3440 aliud
1036 3388 1197 3446 scribi
1223 3389 1289 3440 ab
1376 3389 1501 3442 XX
1502 3389 1670 3452 VIII·
1697 3393 1747 3444 in
1763 3390 1920 3442 medii'z
1939 3392 2042 3440 aete
2067 3390 2228 3451 XIII,
2247 3389 2408 3449 XIV,

249 3467 430 3522 Hirtio
455 3467 719 3540 potuisse.
738 3468 833 3520 Est
858 3481 1033 3520 autem
1050 3469 1111 3520 in
1136 3467 1289 3522 Leid.
1378 3469 1619 3535 XXIX,
1640 3469 1861 3524 XXVI.
1874 3471 1936 3523 In
1955 3468 2113 3520 media
2135 3481 2292 3520 autem
2312 3471 2416 3521 acie

192 3607 200 3613 ,ι
252 3567 335 3618 pr.
348 3550 665 3601 ordinaret...
674 3551 989 3618 ,perveniam
1002 3547 1199 3600 Habuit
1223 3548 1293 3599 le
1380 3554 1532 3620 ipsum
1549 3549 1769 3602 dextrum
1795 3568 1975 3609 coma,-
1963 3547 2250 3600 wecundam·
2267 3553 2416 3603 aciem

249 3629 444 3696 gionem
478 3627 601 3690 IX,
642 3627 783 3681 VIII
810 3632 861 3680 in
890 3631 1085 3680 sinistro
1116 3647 1289 3690 cornu,
1370 3631 1480 3696 fhre
1627 3630 1960 3683 collocaverat.
1995 3629 2184 3698 Itaque
2218 3629 2410 3692 verba,

250 3707 403 3770 XX,
449 3706 809 3768 XXXVIII,
844 3707 1045 3760 caeteris
1068 3707 1294 3760 omissis.
1382 3712 1433 3760 in
1452 3709 1610 3766 medio
1638 3713 1768 3770 acie,
1793 3728 1822 3759 a
1840 3707 2074 3760 librariis
2107 3707 2274 3760 altero
2295 3709 2416 3762 loco

250 3785 319 3838 In
350 3773 471 3840 aliis
494 3799 607 3854 est,
632 3787 881 3840 ordinaret
903 3787 974 3838 ad
988 3787 1209 3838 dextrum
1233 3787 1299 3837 le·
1384 3787 1576 3840 omissa
1597 3800 1768 3858 putat.
1787 3789 1820 3844 J
1825 3807 1910 3839 am
1933 3787 2073 3840 hanc
2099 3788 2384 3840 lectionem
2399 3829 2414 3854 ,

244 3869 444 3934 gionem
472 3866 577 3919 IX
593 3877 644 3916 et
669 3866 833 3928 VIII,
862 3871 913 3918 in
936 3871 1129 3918 sinistro
1151 3885 1300 3925 cornu
1386 3866 1453 3918 ab
1486 3885 1542 3918 se
1575 3867 1949 3932 constitutam,
1982 3867 2057 3919 ita
2087 3868 2248 3920 vertit
2281 3885 2294 3920 ε
2344 3871 2422 3920 La

250 3946 470 4008 XXX,
502 3945 843 3998 XXXVIII.
876 3946 988 3998 Nec
1006 3945 1064 3996 in
1081 3945 1299 4015 reliquis
1385 3949 1620 4006 neuvieme
1637 3959 1688 3997 et
1707 3947 1758 3996 la
1784 3947 2003 3998 kuitieme
2021 3950 2206 3998 e'taient
2224 3949 2258 4000 ὰ
2283 3949 2421 4001 ἰάἰὶσ

249 4025 503 4077 numeris
536 4025 878 4078 consentiunt
904 4023 1061 4078 codd.
1090 4037 1143 4077 et
1174 4023 1298 4078 edd.
1383 4025 1604 4096 gaudie,
1597 4045 1610 4058 ·
1637 4027 1689 4076 la
1712 4029 1956 4078 trentissme
1985 4038 2034 4076 et
2059 4027 2110 4078 la
2146 4021 2310 4098 vingt·
2309 4029 2419 4081 hui-

247 4118 361 4162 ant.
404 4105 565 4156 Tum
606 4104 807 4171 verba,
848 4107 998 4175 ipsum
1036 4117 1238 4156 autem.
1389 4109 1524 4168 εἱὲηιε
1537 4107 1569 4156 ὰ
1587 4106 1638 4156 la
1659 4107 1845 4168 droite;
1875 4107 1926 4156 la
1944 4109 2208 4169 treizaeme,
2231 4109 2283 4158 la
2303 4127 2420 4180 qua-

249 4185 632 4247 ‚collocaveram
664 4185 785 4260 quis
818 4203 931 4240 non
965 4183 1113 4248 videt
1145 4203 1303 4248 sensu
1390 4189 1635 4249 τονιὶὲιπᾳ,
1660 4187 1712 4239 la
1727 4191 1896 4258 vhagt-
1899 4189 2156 4250 maciem,
2153 4188 2423 4262 lavmgt

1933 4253 2064 4339 31³
