3025 5025
669 460 822 545 400
1402 410 1408 429 '
1475 457 1617 523 DE
1670 456 2017 525 BELLo

665 588 1018 685 penatum,
1063 582 1294 659 Cassio
1349 586 1791 682 assignabant.
1838 587 2161 705 Quintam
2199 584 2529 682 legionem
2570 610 2789 656 novam

567 780 578 786 ,
667 695 1072 766 conscribit.
1103 707 1386 789 augetur
1426 692 1656 765 odium
1698 708 1767 763 et
1805 718 1887 763 ex
1926 695 2072 788 ipso
2108 692 2385 782 dilectu,
2430 708 2501 761 et
2544 708 2789 788 sumptu

664 801 908 871 additae
954 799 1274 895 legionis:
1327 798 1752 895 complentur
1802 802 2102 893 equitum
2147 801 2277 869 tria
2324 797 2566 888 millia,
2606 802 2790 869 maxi-

663 910 926 1003 misque
967 903 1329 977 ornantur²
1384 908 1754 1002 impensis.
1797 930 1921 976 nec
1966 906 2361 1001 provinciae
2428 853 2621 976 datin·
2672 905 2793 975 ulla

661 1017 942 1110 requies.

773 1123 888 1190 LI.
941 1121 1221 1189 Interim
1273 1118 1495 1189 literas
1558 1119 1817 1214 accepit
1859 1143 1901 1187 a
1944 1121 2238 1207 Caesare,
2283 1133 2361 1187 ut
2401 1120 2470 1187 in
2516 1118 2792 1189 Africam

665 1229 1032 1297 exercitum
1068 1226 1484 1320 transjiceret
1501 1279 1523 1313 ‚
1559 1250 1813 1321 perque
1855 1226 2330 1295 Mauritaniam
2371 1225 2457 1293 ad
2470 1224 2641 1295 fines
2661 1228 2792 1295 Nu·

663 1335 880 1405 midiae
923 1334 1340 1428 perveniret3
1381 1330 1563 1428 quod
1605 1356 1847 1427 magna
1882 1334 2007 1400 Cn.
2063 1332 2379 1427 Pompeio
2404 1330 2423 1355 ¹
2468 1331 2637 1401 Juba
2690 1356 2791 1401 rex

662 1442 932 1511 miserat
975 1439 1218 1508 auxilia
1237 1494 1258 1528 ‚
1295 1440 1681 1533 majoraque
1724 1439 2043 1507 missurus
2086 1438 2599 1508 existimabatur.
2644 1438 2791 1527 Qui·

661 1546 788 1617 bus
826 1546 1028 1616 literis
1071 1545 1392 1641 acceptiS‚
1420 1544 1731 1619 insolenti
1767 1543 2109 1638 voluptate
2160 1544 2593 1634 efferebatur,
2630 1544 2789 1640 quod

661 1654 784 1723 sibi
844 1677 1171 1722 novarum
1231 1653 1729 1747 provinciarum
1778 1666 1847 1721 et
1907 1650 2289 1737 fertilissimi
2344 1654 2533 1746 regni
2548 1650 2567 1675 '
2628 1665 2791 1721 tanta

661 1758 888 1829 oblata
929 1774 1102 1829 esset
1139 1756 1438 1829 facultas,
1477 1760 1717 1852 Itaque
1759 1758 1900 1853 ipse
1942 1759 2013 1825 in
2054 1759 2464 1829 Lusitaniam
2509 1758 2789 1854 proficis-

555 1904 560 1911 ·
663 1867 837 1935 citur
861 1919 880 1954 ,
937 1864 1022 1934 ad
1061 1863 1377 1959 -legiones
1447 1864 1872 1933 arcessendas
1945 1863 2315 1957 auxiliaque
2374 1864 2789 1948 adducenda;

661 1974 858 2047 certis
895 1971 1284 2046 hominibus
1328 1970 1443 2041 dat
1474 1972 1817 2065 negotium
1844 2026 1863 2053 ‚
1906 1986 1983 2039 ut
2024 1970 2438 2041 frumentum
2478 1994 2789 2066 navesque

662 2092 929 2147 centum
973 2092 1509 2171 praepararentur
1528 2131 1547 2165 ‚
1586 2078 2017 2172 pecuniaeque
2053 2076 2589 2147 describerentur
2614 2094 2789 2173 atque

657 2186 1180 2279 imperarentur3
1209 2208 1294 2253 ne
1326 2208 1459 2277 qua
1481 2208 1587 2253 res
1607 2237 1628 2272 ‚
1662 2208 1870 2279 quum
1900 2183 2177 2253 redisset
2201 2237 2221 2273 ,
2246 2200 2639 2255 moraretur.
2674 2188 2786 2253 Re-

657 2290 838 2361 ditus
863 2291 1005 2384 ejus
1033 2289 1160 2359 fuit
1187 2289 1467 2360 celerior
1491 2292 1791 2360 omnium
1834 2292 2149 2385 opinione
2184 2316 2200 2357 ε
2234 2294 2584 2361 nonenim
2618 2290 2786 2361 labor

659 2413 777 2468 aut
812 2396 1184 2492 vigilantia,
1213 2398 1509 2491 cupienti
1553 2398 1921 2491 praesertim
1964 2395 2209 2491 aliquid
2232 2448 2251 2484 ‚
2296 2400 2529 2469 Cassio
2560 2398 2779 2467 deerat.

764 2506 913 2574 LII.
969 2493 1286 2576 Exercitu
1325 2519 1559 2574 coacto
1586 2506 1657 2574 in
1692 2529 1905 2574 unum
1947 2502 2168 2574 loc-um
2179 2558 2203 2591 ‚
2247 2506 2479 2591 castris
2524 2505 2609 2575 ad
2635 2507 2781 2576 Cor-

657 2611 906 2681 dubam
949 2613 1179 2706 positis
1195 2665 1215 2698 ‚
1257 2635 1382 2705 pro
1427 2612 1748 2680 concione
1789 2611 2104 2680 militibus
2146 2615 2420 2706 exponit
2436 2665 2457 2700 ‚
2492 2637 2653 2707 quas
2691 2637 2781 2681 res

657 2720 937 2789 Caesaris
958 2718 1148 2810 jussu
1175 2741 1405 2812 gerere
1447 2717 1761 2806 deberet3
1798 2717 2278 2812 polliceturque
2306 2720 2397 2789 eis
2420 2773 2440 2806 ‚
2484 2744 2683 2814 quum
2720 2721 2781 2787 in

659 2825 1137 2920 Mauritaniam
1172 2824 1667 2917 transjecissent
1698 2877 1717 2912 ,
1770 2826 1882 2902 HS
1925 2839 2243 2894 centenos
2298 2850 2367 2894 se
2424 2825 2723 2894 daturum
2756 2850 2777 2892 .·

657 2933 957 3026 quintam
980 2929 998 2952 ¹
1032 2930 1175 3000 fore
1202 2932 1272 2999 in
1299 2931 1622 3024 Hispania
1660 2927 2009 3025 legionem.
2038 2934 2142 2999 Ex
2172 2933 2495 3001 concione
2536 2957 2605 3002 se
2632 2934 2776 3001 Cor-

657 3037 905 3106 dubam
937 3038 1231 3130 recepit,
1267 3061 1478 3130 eoque
1511 3039 1657 3130 ipso
1687 3036 1834 3125 die,
1876 3052 2179 3132 tempore
2208 3034 2777 3131 postmeridiano²‚

657 3168 865 3240 quum
915 3147 984 3211 in
1034 3142 1371 3212 basilicam
1436 3145 1589 3230 iret,
1643 3142 1912 3237 quidam
1966 3145 2303 3213 Minucius
2366 3145 2538 3233 Silo,
2598 3143 2777 3214 cliens

656 3254 733 3319 L.
777 3248 1050 3339 Racilii,
1106 3246 1399 3317 libellum
1421 3303 1441 3336 ‚
1494 3251 1683 3342 quasi
1734 3249 1980 3343 aliquid
2020 3250 2106 3318 ab
2150 3275 2231 3320 eo
2280 3251 2679 3346 postularet,
2714 3264 2779 3318 ut

657 3356 842 3426 miles
863 3411 882 3446 ‚
929 3358 990 3424 ei
1043 3354 1354 3442 transdit;
1403 3354 1640 3425 deinde
1696 3371 1850 3451 post
1918 3350 2271 3427 Racilium¹
2298 3349 2495 3446 (nam
2534 3361 2587 3428 is
2628 3357 2777 3427 latus

743 3581 792 3614 2.
832 3560 1102 3613 Omantur.
1139 3559 1489 3610 Instruuntur
1525 3559 1683 3611 rebus
1857 3557 1989 3611 Car.
2020 3559 2137 3614 LII.
2189 3578 2239 3612 1.
2290 3560 2544 3629 Quintam.
2588 3562 2665 3613 De
2692 3559 2776 3611 hac

656 3639 978 3696 necessariis.
1014 3639 1222 3710 VulgO,
1253 3649 1513 3690 onerantur
1538 3658 1559 3690 :
1590 3637 1685 3690 sed
1771 3636 1882 3691 vid.
1913 3651 2025 3692 not.
2048 3638 2115 3691 ad
2145 3641 2280 3704 Afr„
2301 3641 2393 3704 84,

654 3722 714 3775 hi
727 3721 1050 3792 equitesnon
1062 3719 1268 3774 onerati
1289 3731 1430 3772 sunt.
1451 3719 1527 3771 M.
1549 3717 1681 3770 vid.
1857 3738 1906 3772 2.
1948 3720 2111 3790 Temp.
2136 3720 2419 3790 postmerid.
2452 3721 2661 3790 Vulgo,
2686 3737 2773 3768 me·

656 3803 872 3854 Festum
888 3838 903 3866 ,
943 3800 1092 3854 verb.
1111 3839 1128 3864 ‚
1176 3811 1390 3852 ornatus.
1435 3798 1682 3851 Jurinius
1771 3799 1965 3850 ridiana
1992 3799 2128 3853 hora.
2160 3799 2251 3852 M:
2276 3797 2475 3853 istud-e
2498 3797 2651 3852 codd.
2674 3808 2769 3850 ant.

655 3881 805 3934 malit
834 3892 1097 3933 armantur.
1131 3878 1341 3934 Onam..
1769 3876 1905 3932 cod.
1946 3893 2126 3934 noster
2162 3880 2311 3950 5768
2336 3917 2353 3945 ,
2376 3891 2492 3950 post
2519 3878 2739 3930 meridiem
2754 3895 2772 3926 .-

737 3961 866 4015 Cu’.
900 3959 990 4013 LI.
1026 3978 1073 4012 1.
1111 3958 1203 4012 Cn.
1248 3960 1496 4031 Pompeio.
1544 3956 1681 4011 Filio
1768 3975 1879 4011 non
1920 3959 2080 4024 male,
2110 3972 2164 4012 et
2207 3959 2345 4012 forte
2372 3957 2769 4012 convenientius.

653 4040 898 4112 Pompeii
922 4037 1120 4110 Magni.
1768 4038 2132 4092 —Basc'licam.
2150 4039 2237 4092 sic
2250 4037 2527 4092 dicebatur
2538 4039 2677 4092 locus
2686 4032 2771 4088 ‘ubi

721 4140 774 4173 α.
795 4121 1099 4176 Fertilissimi
1111 4122 1261 4188 regni.
1275 4118 1357 4173 Sc.
1370 4115 1677 4188 diripiendi.
1766 4132 1965 4190 praetor
1992 4120 2076 4172 vel
2110 4119 2401 4191 proconsul
2434 4121 2555 4189 jura
2576 4114 2769 4188 popth
