3025 5025
899 512 1749 583 ALEXANDRINQ
2254 518 2419 614 371-

246 644 698 712 communivit
717 697 736 732 ‚
763 658 962 738 atque
998 642 1088 712 ibi
1118 644 1496 738 praesidium
1534 647 1773 739 posuit.
1812 648 2011 716 Hunc
2044 648 2203 743 fuga
2236 651 2419 720 Pha·-

249 750 412 818 ritae.
451 748 904 844 reliquerantr,
953 750 1296 821 fortiorem
1352 750 1539 820 illum
1592 754 2105 847 propioremque
2158 757 2412 851 oppido

249 854 686 925 Alexandrini
714 858 1094 925 tuebantur.
1136 858 1268 927 Sed
1299 883 1454 926 eum
1487 873 1757 952 postero
1790 858 1897 927 die
1922 859 2117 929 simili
2152 866 2409 932 ratione

247 964 672 1057 aggreditur,
695 964 908 1058 quod,
929 963 1034 1033 his
1059 964 1348 1033 obtentis
1369 963 1665 1052 duobuS‚
1692 991 1963 1035 omnem
1992 969 2411 1062 navigiorum
2508 1022 2513 1029 -

247 1094 612 1139 excursum
649 1086 718 1140 et
757 1072 1101 1165 repentina
1137 1069 1486 1139 latrocinia
1520 1070 1853 1141 sublatum
1892 1075 1972 1141 iri
2002 1073 2405 1153 videbatur².

245 1178 540 1271 Jamque
567 1202 710 1264 eos,
739 1179 855 1271 qui
887 1176 1192 1272 praesidio
1223 1203 1380 1247 eum
1409 1175 1635 1247 locum
1673 1178 2022 1267 tenebant,
2060 1184 2413 1251 tormentis

245 1306 328 1351 ex
363 1282 655 1352 navibus
693 1286 1079 1378 sagittisque
1115 1283 1490 1379 depulerat,
1513 1298 1713 1378 atque
1748 1286 1817 1352 in
1852 1286 2177 1381 oppidum
2215 1288 2411 1358 rede-

249 1405 483 1484 gerat3
527 1405 598 1457 et
643 1391 1022 1459 cohortium
1063 1392 1268 1459 trium
1317 1392 1524 1459 instar
1566 1392 1635 1458 in
1679 1405 1924 1461 terram
1959 1409 2360 1487 >exposuerat
2392 1424 2412 1480 ;

245 1520 386 1565 non
433 1498 615 1565 enim
675 1496 899 1592 plures
951 1498 1313 1566 consistere
1367 1498 1689 1592 angustiae
1744 1496 1875 1567 loci
1928 1501 2354 1594 patiebantur
2394 1527 2413 1569 ε

246 1601 528 1697 reliquae
555 1606 762 1698 oopiae
793 1605 863 1671 in
893 1603 1174 1672 navibus
1211 1606 1566 1672 stationem
1602 1603 2013 1675 obtinebant.
2048 1609 2207 1695 Quo
2238 1607 2417 1677 facto

245 1709 544 1804 imperat
566 1765 586 1799 ‚
633 1724 908 1805 pontem
963 1709 1282 1779 adversus
1333 1710 1596 1779 hostem
1646 1710 2021 1805 praevallari
2043 1765 2063 1801 ,
2116 1728 2185 1783 et
2206 1766 2227 1799 ‚
2282 1738 2417 1807 qua

235 1808 470 1885 'exitus
515 1818 796 1887 navibus
837 1830 982 1885 erat
1001 1870 1021 1905 ‚
1063 1816 1316 1905 fornice
1361 1830 1703 1886 exstructo
1722 1804 1767 1902 ³,
1812 1843 1948 1912 quo
1990 1843 2159 1914 pons
2216 1824 2419 1889 susti-

247 1923 578 2011 uebatur,
621 1923 948 2019 lapidibus
989 1922 1250 2018 oppleri
1283 1938 1484 2018 atque
1528 1923 1833 1995 obstrui:
1881 1950 2170 2019 quorum
2206 1926 2419 1997 altero

247 2054 462 2125 opere
503 2030 781 2118 effecto,
814 2044 891 2098 ut
929 2027 1111 2098 nulla
1151 2033 1428 2099 omnino
1471 2030 1720 2125 scapha
1762 2032 1989 2125 egredi
2025 2047 2283 2126 posset,
2324 2033 2419 2103 al-

247 2150 402 2205 tero
459 2138 760 2207 instituto
780 2190 800 2225 ‚
837 2160 1068 2205 omnes
1125 2135 1723 2214 Alexandrinorum
1786 2140 1998 2232 copiae
2042 2163 2125 2207 ex
2166 2140 2421 2234 oppido

249 2268 318 2313 se
349 2243 737 2335 ejecerunt,
761 2258 827 2312 et
851 2258 1086 2311 contra
1121 2244 1521 2312 munitiones
1552 2245 1775 2337 pontis
1810 2242 2043 2313 latiore
2073 2244 2223 2315 loco
2255 2270 2419 2315 con·-

249 2352 607 2439 stiterunt3
643 2351 1010 2443 eodemque
1047 2362 1353 2444 tempore
1371 2402 1391 2437 ‚
1428 2374 1579 2443 quae
1598 2376 1603 2381 ·
1620 2366 2109 2419 consueverant
2154 2356 2423 2447 navigia

249 2482 380 2553 per
407 2472 652 2552 pontes
689 2457 778 2527 ad
815 2454 1122 2526 incendia
1161 2456 1623 2525 onerariarum
1664 2456 1965 2528 emittere
1984 2509 2004 2545 ‚
2050 2457 2135 2526 ad
2172 2458 2422 2528 molem

249 2566 774 2634 constituerunt.
809 2563 1242 2659 Pugnabatur
1285 2587 1326 2630 a
1368 2564 1612 2632 nostris
1652 2587 1731 2630 ex
1772 2579 2009 2656 ponte,
2062 2589 2146 2632 ex
2180 2565 2355 2634 mole
2398 2593 2415 2634 :

247 2673 335 2742 ab
379 2669 510 2740 illis
537 2698 619 2755 ex
655 2696 840 2760 area,
873 2695 1020 2764 quae
1057 2684 1200 2738 erat
1231 2670 1551 2738 adversus
1590 2683 1897 2762 pontem,
1922 2684 1991 2739 et
2020 2694 2103 2742 ex
2138 2671 2422 2746 navibus

249 2793 502 2849 contra
531 2779 798 2848 molem.
1736 2824 1743 2842 .

363 2887 529 2953 ΧΧ.
586 2888 667 2954 In
709 2885 812 2953 his
851 2884 1051 2954 rebus
1087 2897 1418 2977 occupato
1475 2884 1775 2968 Caesare,
1819 2882 2191 2978 militesque
2252 2885 2419 2954 hor-

252 3007 480 3079 tante,
499 2994 826 3086 remigum
851 3014 1136 3086 magnus
1159 3014 1476 3058 numerus
1499 3004 1569 3057 et
1590 2989 2077 3058 classiariorum
2100 3017 2185 3060 ex
2207 2990 2420 3087 longis

253 3099 550 3170 navibus
595 3100 844 3168 nostris
889 3099 962 3165 in
1015 3094 1260 3164 molem
1303 3121 1372 3164 se
1427 3095 1637 3188 ejecit.
1684 3098 1845 3166 Pars
1896 3121 2131 3165 eorum
2194 3099 2421 3170 studio

255 3204 612 3303 spectandi
663 3205 1002 3275 ferebatur
1023 3257 1042 3292 ‚
1081 3205 1241 3297 pars
1281 3205 1482 3270 etiam
1526 3202 1887 3296 cupiditate
1932 3205 2295 3298 pugnandi.
2332 3209 2421 3274 Hi

255 3315 561 3410 primum
605 3313 868 3406 navigia
909 3311 1205 3380 hostium
1259 3308 1589 3403 lapidibus
1626 3333 1706 3378 ac
1745 3308 1969 3378 fundis
2012 3333 2053 3377 a
2088 3310 2265 3379 mole
2307 3338 2421 3382 re·-

257 3419 636 3518 pellebant‚
664 3443 741 3488 ac
772 3415 1058 3486 multum
1095 3415 1421 3511 proficere
1447 3414 1871 3484 multitudine
1916 3415 2201 3484 telorum
2238 3417 2421 3486 vide-

260 3530 534 3598 bantur.
579 3525 710 3594 Sed
749 3538 1101 3618 postquam
1139 3521 1316 3590 ultra
1344 3547 1499 3590 eum
1536 3521 1793 3609 locum,
1822 3521 1909 3590 ab
1944 3521 2151 3591 latere
2188 3548 2421 3593 eorum

261 3647 539 3730 apert0‚
575 3633 718 3701 ausi
766 3645 923 3698 sunt
966 3628 1191 3724 egredi
1234 3653 1317 3698 ex
1359 3628 1641 3696 navibus
1702 3626 2129 3696 Alexandrini
2180 3634 2423 3724 pauci,

353 3873 408 3906 α.
443 3850 736 3904 Videbatur.
767 3847 1036 3901 Bentleius
1065 3847 1196 3899 velit
1223 3848 1305 3896 vi·
1386 3846 1589 3902 nicem.
1606 3844 1785 3915 Vulgo
1798 3845 1935 3896 male
1949 3843 2287 3918 distinguunt
2300 3861 2421 3902 ante

265 3931 438 3985 debat.
471 3931 575 3983 ΟΒ.
595 3953 669 3964 --
701 3929 823 3982 ΟοΙι.
859 3933 1002 3980 trium
1023 3931 1193 3978 instar.
1221 3925 1307 3978 Sic
1385 3927 1597 3992 fornice.
1616 3924 1881 3976 OB.—-Ut
1890 3925 2041 3987 nulla,
2060 3937 2150 3978 etc.
2169 3926 2420 3982 Oudend.

261 4011 392 4066 cic:
422 4009 490 4064 ad
515 4012 624 4062 Att.
657 4013 728 4062 16
745 4045 762 4075 ,
799 4009 828 4060 5
861 4026 874 4060 t
909 4009 1075 4060 Instar
1117 4017 1307 4076 septica·
1389 4005 1500 4058 hoc
1534 4016 1614 4068 ut,
1650 4017 1704 4056 et
1730 4023 1855 4056 mox
1892 4007 2129 4074 ejecerunt
2163 4005 2313 4060 dedit
2354 4029 2421 4064 ex

261 4098 412 4163 ginta
429 4091 760 4162 epistolarum.
779 4087 862 4140 Id.
1397 4083 1557 4137 codd.
1580 4116 1661 4128 -—-
1682 4084 1778 4138 Ad
1813 4085 2031 4136 incendia
2076 4093 2417 4143 onerariarum.

359 4173 410 4224 3.
427 4172 635 4224 For-nice
659 4179 916 4221 exstructo.
939 4168 984 4220 1.
1005 4185 1074 4231 e.‚
1092 4185 1190 4237 per
1205 4166 1310 4219 far·
1399 4164 1525 4226 Scil.
1558 4166 1777 4220 navium
1800 4183 2159 4220 romanarum.

1920 4271 2057 4358 24²
