3025 5025
74 2122 77 2213 ι

74 2214 77 2395 ἓ

72 2428 77 2612 g

72 2615 75 2736 t

600 457 736 548 DE
790 458 1141 527 BELLO
1197 446 1567 527 CIVILI.
1626 458 1817 531 LIB.
1874 458 2027 525 111.
2252 454 2405 553 329

284 602 585 683 potestate
642 590 923 661 haberet
946 643 967 679 ‚
1019 591 1241 661 Caesar
1302 582 1578 678 effecit‚'
1606 614 2050 685 magnamque
2068 576 2091 614 ³
2142 594 2403 687 regium

283 719 508 763 nomen
542 695 722 792 apud
767 721 922 765 suos
955 698 1418 767 auctoritatem
1467 696 1714 767 habere
1766 699 2191 785 existimans,
2222 712 2289 767 et
2327 714 2405 767 ut

281 804 482 895 potius
505 806 768 897 privato
795 828 1164 897 paucorum
1188 818 1254 873 et
1271 803 1608 873 latronum
1620 828 1865 898 ,quam
1891 806 2088 913 regio.
2100 804 2403 893 consilio,

281 923 640 1003 susceptum
685 908 934 979 bellum
973 910 1981 983 videretur..

373 1017 510 1084 CX.
539 1018 756 1085 Erant
781 1041 932 1085 cum
957 1015 1218 1085 Achilla
1247 1020 1486 1111 copiae,
1506 1031 1584 1086 ut
1609 1008 1825 1111 neque
1854 1040 2169 1105 numero,
2186 1041 2401 1113 neque

285 1144 504 1213 genere
555 1122 904 1191 hominum
923 1176 942 1209 ‚
983 1146 1199 1217 neque
1244 1148 1372 1192 usu
1414 1126 1510 1193 rei
1552 1121 1849 1195 militaris
1903 1124 2417 1195 contemnendae-

283 1226 687 1297 viderentur:
721 1228 922 1299 millia
967 1231 1142 1298 enim
1175 1232 1314 1299 XX
1349 1231 1418 1299 in
1452 1231 1654 1299 armis
1688 1229 2005 1301 habebata
2039 1232 2159 1301 Hae
2180 1229 2198 1252 ¹
2236 1256 2403 1299 con-

284 1333 528 1402 stabant·
551 1360 632 1402 ex
657 1335 1046 1406 Gabinianis
1081 1334 1430 1423 militibus,
1459 1339 1576 1430 qui
1595 1337 1733 1429 jam
1763 1337 1833 1405 in
1854 1336 2411 1407 consuetudinem

281 1438 724 1509 Alexandrinae
750 1443 904 1511 vitae
936 1467 1013 1512 ac
1037 1439 1319 1511 licentiae
1351 1458 1704 1527 venerant,
1734 1456 1801 1513 et
1832 1468 2080 1511 nomen
2116 1442 2414 1537 discipli-1

283 1569 551 1640 namque
585 1546 820 1642 populi
855 1550 1114 1618 romani
1143 1548 1631 1633 dedidicerant2
1653 1572 2023 1642 uxoresque
2050 1548 2408 1639 duxerant,

284 1674 355 1720 ex
409 1653 647 1748 quibus
705 1653 1001 1749 plerique
1059 1654 1300 1725 liberos
1369 1655 1725 1724 habebant.
1788 1658 1939 1724 Huc
2005 1656 2413 1725 accedebant

287 1757 527 1828 collecti
584 1785 666 1829 ex
730 1761 1152 1856 praedonibus
1207 1760 1704 1856 latronibusque
1776 1762 1977 1856 Syriae
2038 1760 2415 1856 Ciliciaeque

283 1868 632 1959 provinciae
670 1920 690 1954 ‚
747 1868 1311 1963 finitimarumque
1390 1870 1757 1963 regionum.
1819 1867 2029 1939 Multi.
2095 1881 2419 1963 praeterea

285 1974 504 2067 capitis
542 1974 838 2042 damnati
867 1973 1252 2067 exsulesque
1286 1990 1778 2044 convenerant:
1810 1974 2237 2070 fugitivisque
2265 2002 2416 2044 om-

285 2078 466 2150 nibus
503 2082 750 2149 nostris
795 2097 1014 2150 certus
1051 2096 1196 2151 erat
1247 2080 1667 2151 Alexandriae
1712 2096 2021 2177 receptus
2040 2136 2061 2170 ,
2106 2097 2417 2177 certaque

285 2188 425 2255 vitoe
457 2186 796 2275 conditi0‚
832 2202 940 2275 ut,
976 2188 1133 2256 dato
1170 2189 1480 2275 nomine,
1518 2187 1803 2256 militum
1830 2201 2054 2257 essent
2087 2213 2426 2259 numero:

280 2316 561 2386 quorum
599 2295 653 2361 si
697 2296 843 2387 quis
885 2319 926 2363 a
965 2294 1238 2363 domino
1283 2291 1871 2389 prehenderetur²,
1916 2313 2249 2364 aoncursu
2302 2297 2423 2364 mi-

281 2396 466 2468 litum
522 2400 931 2493 eripiebatur
955 2455 976 2491 ,
1017 2403 1130 2495 qui
1173 2402 1312 2469 vim
1356 2425 1673 2487 suorum
1713 2399 1948 2495 quod
1932 2426 2001 2467 m
2058 2400 2250 2469 simili
2296 2400 2426 2470 cul-

359 2576 410 2630 3.
441 2575 787 2648 Magnumque.
832 2577 1094 2630 Nonnulli
1135 2596 1304 2651 copu·
1393 2576 1450 2629 in
1491 2575 1675 2630 castris
1717 2575 1909 2628 milites
1960 2575 2386 2648 prohibebantur
2406 2618 2427 2645 ,

279 2655 382 2708 lam
416 2675 508 2728 que
548 2655 763 2723 delent3
795 2658 932 2710 male
963 2677 977 2710 ε
1010 2677 1137 2710 nam
1181 2657 1302 2711 duae

275 2737 507 2789 rationes
557 2736 663 2789 hoo
717 2737 837 2792 loco
890 2739 1220 2806 afferuntur,
1251 2749 1306 2790 et

279 2816 451 2870 Caesar
472 2817 904 2888 conjunctionem
925 2815 991 2870 ad
1009 2817 1304 2890 emphasim

278 2896 544 2966 geminare
575 2897 724 2950 solet.
742 2898 906 2949 -Et
932 2911 988 2950 ut
1003 2902 1170 2968 potius
1195 2903 1303 2969 pni-

285 2987 385 3028 vato
406 2995 702 3046 paucorum,
731 2989 826 3032 etc..
853 2978 985 3030 Levi
1013 2977 1302 3049 transposi-

236 3085 244 3092 ·
281 3056 424 3108 tione
437 3057 746 3121 verborum,
758 3057 1132 3128 elegantiorem
1149 3058 1306 3130 phra-

282 3136 378 3188 sim
397 3134 566 3188 efficit
576 3136 755 3190 Clark.
775 3149 852 3190 :et
863 3150 918 3188 ut
935 3141 1128 3208 privato
1141 3141 1304 3210 potius

271 3234 537 3285 paucorum
561 3227 612 3288 qt
640 3217 875 3268 latronum
907 3219 1131 3279 consilio,
1162 3238 1304 3290 quam

282 3299 414 3366 regio
427 3335 443 3356 ,
464 3308 752 3366 susceptum,
776 3309 868 3352 etc.
886 3297 1010 3350 Non
1034 3298 1195 3364 male,
1211 3295 1304 3352 sed

282 3375 393 3429 sine
425 3376 758 3430 auctoritate.

361 3456 494 3509 Cu.
527 3455 640 3510 CX.
682 3475 728 3510 1.
761 3457 878 3510 Hae.
912 3455 1084 3510 Scilic.
1119 3459 1300 3530 copiae.

283 3536 422 3602 Alii,
449 3536 580 3598 hoec,
616 3537 726 3589 scil.
763 3537 916 3588 millia
952 3556 1054 3603 113.
1083 3537 1198 3602 alii,
1224 3537 1298 3600 lu',

282 3633 352 3668 sc.
395 3617 606 3668 homines
631 3637 650 3668 .-
675 3615 775 3668 tria
810 3617 937 3669 ferri
966 3630 1304 3688 possunt.—-

288 3693 561 3748 Gabiniani
575 3692 910 3750 milites.Vide
926 3717 1092 3768 supr.‚
1105 3717 1153 3750 c.
1177 3716 1199 3750 1
1209 3698 1302 3750 03.

283 3807 363 3817 --
384 3776 658 3850 Uxor-esque
683 3776 934 3830 duxerant.
970 3779 1170 3831 Contra
1201 3775 1303 3830 mi-

281 3853 410 3908 litiae
439 3875 674 3909 romanae
704 3876 909 3912 morem
925 3896 940 3923 ‚
967 3876 1076 3928 quo
1114 3876 1304 3910 uxores

283 3933 479 3989 ducere
491 3935 685 3990 milites
697 3939 1012 3990 vetabantur
1021 3956 1037 4002 ;
1046 3935 1188 3990 unde
1201 3937 1306 3989 hoc

283 4015 600 4077 amatorium
623 4015 818 4069 Umbri
837 4030 1008 4090 poetae
1027 4030 1212 4070 votum
1231 4034 1245 4070 ε

337 4096 525 4146 Romanis
546 4097 694 4136 utinam
717 4100 936 4150 patuissent
949 4109 1075 4138 castra
1089 4096 1248 4152 puellis!

284 4170 338 4226 N
338 4190 409 4225 on
463 4171 636 4225 solum
671 4175 790 4244 jure
835 4172 1068 4228 habendi
1115 4192 1307 4228 uxores

1390 2654 1484 2709 sed
1523 2669 1576 2708 et
1614 2654 1807 2708 summi
1853 2656 2016 2707 etiam
2057 2655 2178 2708 viri.
2228 2655 2421 2721 Tacit.‚

1390 2737 1540 2791 Anni
1558 2753 1628 2787 111
1651 2754 1665 2787 z
1690 2736 1769 2789 Ne
1800 2755 1935 2807 quem
1962 2739 2319 2804 magistratum,
2344 2742 2425 2790 cui

1384 2818 1636 2886 provincia
1678 2815 1940 2868 obvenisset
1954 2854 1968 2882 ‚
2009 2835 2133 2866 utor
2168 2820 2419 2868 comitare-

1393 2907 1486 2948 tur.
1505 2897 1727 2948 Veteres
1758 2913 1933 2947 mores
1962 2892 2212 2958 advocat,
2231 2908 2284 2947 et
2308 2898 2411 2951 ait:

1389 2975 1552 3026 Haud
1552 2977 1745 3042 frustra
1752 2975 1985 3044 placitum
2000 2975 2129 3036 olim,
2142 2975 2418 3041 nesoeminte

1393 3058 1443 3105 in
1467 3060 1643 3117 socios,
1678 3065 1767 3106 aut
1793 3067 1960 3124 gentes
1996 3067 2216 3106 externas
2256 3057 2416 3109 traloe-

1390 3146 1569 3187 rentur.
1600 3137 1704 3188 Dat
1735 3147 1788 3187 et
1819 3136 2083 3186 rationem
2107 3135 2415 3206 probatissi-

1389 3233 1566 3267 mam:
1589 3217 1749 3267 Inesse
1776 3218 1902 3266 enim
1940 3215 2187 3267 mulierum
2216 3222 2415 3268 comita·

1391 3299 1490 3356 tui,
1524 3315 1632 3368 quoe
1660 3314 1828 3366 pacem
1868 3294 1985 3346 luxu
1999 3335 2013 3357 ,
2048 3295 2220 3347 bellum
2234 3299 2413 3362 sormi-

1389 3375 1499 3426 dine
1550 3387 1821 3437 morentur,
1852 3386 1903 3426 et
1953 3395 2205 3426 romanum·
2242 3397 2419 3446 agmen·
2508 3375 2516 3384 ’

1389 3455 1462 3506 ad
1477 3455 1831 3509 similitudinem
1859 3455 2055 3506 barbari
2080 3460 2283 3508 incessus
2305 3477 2415 3508 con-

1393 3547 1589 3588 vertant.
1620 3535 1729 3588 Has
1756 3536 1895 3606 leges
1909 3573 1927 3599 ‚
1948 3553 2059 3586 non
2087 3545 2295 3606 semper
2321 3538 2415 3588 ob-

1345 3673 1354 3680 ,
1387 3627 1617 3668 servatas
1654 3616 1813 3667 fuisse
1828 3652 1843 3679 ‚
1864 3615 2158 3684 praesertim
2196 3633 2229 3666 a
2263 3613 2414 3669 duc'i·

1389 3695 1488 3747 bus
1503 3733 1521 3760 ‚
1544 3694 1694 3747 facile
1722 3694 1979 3764 intelliget
2001 3695 2183 3747 lector.

1475 3795 1526 3827 2.
1542 3773 1936 3826 Prehendemtur.
1953 3772 2105 3826 Leid.
2124 3792 2212 3845 pr.
2226 3794 2413 3846 preme-

1390 3866 1548 3915 retur,
1583 3852 1727 3906 unde
1766 3853 2037 3906 Bentleius
2078 3855 2364 3924 plecteretur
2393 3877 2413 3908 .-

1390 3933 1584 3986 frustra
1604 3951 1618 3986 :
1644 3934 1783 3986 bene
1804 3952 1861 3986 se
1886 3933 2047 3986 habet
2073 3934 2415 4004 Vulgata.—

1395 4013 1510 4065 Vim
1536 4033 1743 4067 suorum.
1780 4012 1847 4066 Id
1877 4027 1987 4078 est,
2023 4013 2280 4084 injuriam·
2304 4017 2410 4075 suis

1391 4093 1610 4146 illatam.
1644 4092 1777 4146 Vid.
1802 4095 1863 4146 B.
1885 4093 2047 4160 Gall„
2076 4112 2099 4145 1
2121 4131 2137 4158 ,
2162 4114 2262 4161 πο,
2283 4098 2415 4166 inju-

1393 4177 1466 4226 ria
1497 4173 1795 4246 reipublicae,
1821 4187 1875 4228 et
1896 4193 2010 4246 cap.
2048 4175 2154 4239 303
2180 4192 2263 4228 vu
2279 4213 2299 4243 2
2320 4179 2408 4232 38.
