3025 5025
638 437 790 570 460

1427 488 1570 556 DE
1621 453 1978 557 BELLo

547 687 557 696 ,
605 641 775 686 esse
816 616 1171 708 audiebant
1184 671 1203 704 ‚
1242 619 1313 685 in
1340 618 1497 712 'ejus
1546 634 1764 690 castra
1779 677 1786 684 Δ
1799 620 2155 715 perfugere
2179 621 2582 714 'catervatim
2631 641 2752 687 non

631 723 1092 806 intermittunt.
1136 725 1446 813 Quorum
1482 751 1562 794 ex
1596 751 1877 797 numero
1909 725 2136 796 electis
2177 727 2560 796 hominibus
2591 723 2753 794 illus·

632 829 945 898 trieribus
991 817 1325 918 Gaetulis³‚
1366 831 1674 902 et.lite1·is
1715 833 1800 901 ad
1849 859 2004 903 suos
2039 835 2218 903 cives
2259 833 2433 903 datis
2452 887 2472 920 ‚
2523 831 2752 902 cohor-

634 949 811 1004 tatus
840 988 861 1022 ,
902 937 1001 1005 uti
1036 961 1240 1005 manu
1282 937 1457 1008 facta
1492 963 1563 1008 se
1595 963 1882 1035 suosque
1915 939 2382 1028 defenderent,
2412 953 2481 1009 et
2515 963 2600 1007 ne
2635 938 2754 1007 suis

635 1042 919 1113 inimicis
955 1043 1480 1138 adversariisque
1514 1044 1695 1116 dicto
1733 1045 2074 1116 audientes
2107 1061 2362 1134 essent,
2389 1047 2612 1114 mittit.

740 1150 1071 1218 XXXIII.
1100 1151 1285 1220 Dum
1310 1151 1455 1243 haec
1476 1151 1564 1220 ad
1585 1155 1955 1247 Ruspinam
1981 1152 2154 1222 fiunt
2167 1207 2186 1240 ‚
2210 1151 2412 1247 legati
2433 1177 2516 1222 ex
2537 1147 2754 1220 Achil-

635 1253 700 1324 la
725 1252 771 1340 ¹,
806 1255 1075 1325 civitate
1096 1256 1321 1354 ,libera
1340 1310 1360 1343 ‚
1396 1259 1592 1328 etiam
1631 1259 1924 1353 undique
1959 1258 2046 1328 ad
2085 1261 2416 1328 Caesarem
2461 1258 2756 1341 veniunt,

637 1385 839 1454 seque
878 1377 1147 1456 paratos
1162 1361 1207 1451 ²,
1246 1388 1682 1459 quaecumque
1717 1366 2104 1460 imperasset
2123 1419 2146 1452 ,
2175 1379 2244 1434 et
2277 1364 2509 1434 libenti
2551 1365 2756 1448 animo

639 1466 932 1538 facturos
976 1468 1373 1564 pollicentur
1408 1497 1427 1554 ,²
1469 1485 1730 1540 tantum
1767 1496 1960 1541 orare
1978 1525 1998 1560 ‚
2035 1487 2103 1540 et
2144 1486 2371 1566 petere
2401 1471 2502 1539 ab
2543 1495 2656 1556 eo,
2692 1481 2762 1536 ut

638 1573 762 1642 sibi
798 1575 1177 1668 praesidium
1212 1575 1430 1664 daret,
1456 1602 1592 1670 quo
1629 1578 1834 1647 tutius
1856 1577 1926 1648 id
1957 1591 2026 1646 et
2055 1569 2194 1648 sine
2221 1576 2524 1673 periculo
2559 1575 2762 1646 facere

646 1775 803 1829 amita
858 1791 971 1832 erat
1016 1797 1154 1832 uxor
1210 1779 1425 1852 majoris
1473 1781 1666 1847 Marii,

640 1853 775 1907 dum
804 1857 1003 1910 bellum
1037 1873 1242 1930 gereret
1285 1858 1534 1914 adversus
1567 1861 1601 1912 J
1604 1881 1666 1914 u·

642 1935 889 2005 gurtham
920 1936 1187 1991 Numidia
1218 1957 1413 2010 regem·

732 2016 783 2068 3.
827 2017 1015 2070 Electis
1051 2019 1176 2072 hom.
1218 2020 1391 2072 illustr.
1438 2019 1667 2073 Gaetuli&

580 2099 587 2104 '
648 2096 891 2148 Verbum
922 2098 1172 2150 ultimum
1200 2096 1506 2151 deleverim.
1542 2099 1671 2152 Om-

646 2175 777 2228 nino
794 2175 951 2231 codd.
974 2191 1028 2230 et
1049 2175 1173 2231 edd.
1188 2179 1416 2231 multum
1433 2180 1642 2232 variant
1655 2219 1670 2246 ‚

648 2255 816 2308 veluti
847 2257 939 2328 qui
969 2275 1071 2328 pro
1102 2258 1343 2313 ablativis
1381 2261 1542 2312 semel
1578 2278 1668 2311 ex·

649 2335 839 2389 hibent
867 2337 1223 2392 accusativum
1236 2377 1253 2403 ,
1276 2352 1367 2392 aut
1391 2339 1562 2392 electos
1581 2341 1670 2391 ho-

651 2420 827 2478 mines,
857 2430 949 2470 aut
966 2419 1172 2470 illustres
1204 2418 1449 2482 Gaetulos,
1470 2431 1535 2472 ut
1555 2417 1670 2484 (id,

648 2495 797 2569 quod
830 2496 967 2552 vidit
993 2495 1285 2563 Oudend.)
1317 2500 1524 2573 syntaxi
1551 2519 1670 2553 suc-

650 2591 941 2631 currerent.
972 2579 1156 2632 Lectio
1175 2620 1190 2645 ,
1206 2598 1235 2631 a
1258 2580 1378 2633 viro
1400 2579 1493 2632 illo
1510 2579 1672 2633 docto

649 2670 862 2729 recepta
878 2698 893 2726 ‚
921 2670 1001 2712 est
1024 2660 1083 2711 in
1110 2660 1283 2713 tribus
1306 2658 1465 2713 codd.
1496 2660 1670 2713 bonis.

652 2736 796 2791 Vide
816 2756 1031 2811 quoque
1054 2741 1115 2792 Β.
1138 2740 1206 2793 G.
1231 2758 1341 2803 vn,
1360 2747 1413 2805 4.

734 2818 865 2871 Cn».
899 2818 1157 2872 XXXIII.
1199 2839 1246 2872 1.
1279 2818 1497 2873 Achilla.
1533 2818 1672 2872 Nus·

655 2914 815 2969 quam
831 2898 990 2970 hujus
1002 2900 1235 2952 nominis
1254 2899 1437 2952 civitas
1454 2912 1675 2970 apparet

654 2978 712 3028 in
736 2977 932 3030 Africa.
957 2978 1080 3031 Non
1104 2998 1231 3050 ergo
1256 2977 1507 3032 dubitant
1529 2977 1676 3033 docti

650 3074 765 3109 esse
774 3058 1033 3109 Acholium
1046 3058 1218 3113 Strab.
1228 3054 1285 3121 (l.
1299 3078 1501 3131 xv11‚p.
1522 3062 1554 3112 8
1563 3059 1594 3111 3
1606 3056 1676 3125 1),

653 3136 796 3188 Livii
804 3132 1018 3205 (xxxin,
1030 3130 1130 3207 48)
1145 3138 1477 3210 Stephani,in
1484 3136 1676 3191 eodem

654 3214 811 3268 litore
840 3216 1021 3284 sitam,
1050 3238 1157 3290 quo
1176 3220 1438 3291 Ruspina,
1463 3219 1677 3289 Leptis,

656 3296 917 3369 Thapsus.
950 3298 1196 3363 Accedit,
1230 3298 1376 3370 quod
1406 3312 1462 3351 et
1486 3298 1676 3351 Strabo

652 3378 898 3448 ὶλευθίραν
929 3376 1244 3448 πόλὶνὶῶοἱῐ.
1265 3379 1445 3432 Cellar.
1460 3378 1527 3431 In
1553 3379 1674 3449 qui·

655 3455 881 3509 busdam
910 3456 1033 3512 edd.
1060 3471 1139 3511 est
1172 3459 1357 3511 Acilla.
1388 3458 1678 3511 Guischar-

656 3533 757 3589 dus
803 3533 987 3599 (Μόνη.
1035 3539 1135 3591 mil.
1172 3539 1273 3591 vol.
1324 3556 1405 3603 11,
1438 3554 1680 3609 pann,-

642 3615 741 3668 vel
781 3617 966 3685 T.'11‚
994 3636 1048 3691 p.
1089 3614 1235 3682 304)
1266 3637 1331 3671 ex
1374 3620 1487 3691 ipsa
1521 3638 1581 3671 re
1618 3638 1678 3672 ac

654 3695 863 3749 ratione
906 3696 1111 3751 itineris
1130 3738 1144 3765 ,
1196 3696 1341 3771 quod
1394 3696 1679 3751 Considius

656 3775 761 3828 hoc
790 3777 965 3849 capite
993 3776 1289 3831 Adrumeto
1314 3778 1579 3831 Achillam
1602 3779 1679 3830 fe-

656 3854 789 3908 cisse
824 3855 1025 3911 dicitur
1038 3895 1055 3924 ,
1086 3872 1265 3931 negat,
1304 3858 1451 3911 illam
1484 3858 1680 3910 Achol-

657 3935 764 3987 lam
789 3935 1061 3990 Strabonis
1094 3956 1248 4011 posse
1277 3938 1334 3991 h.
1364 3938 1400 3990 l.
1434 3938 1677 4009 intellig-i.

656 4014 893 4091 ,Apparet
932 4018 1093 4070 etiam
1131 4037 1162 4071 e
1206 4037 1320 4090 cap.
1358 4018 1430 4081 43
1454 4057 1470 4086 ,
1498 4016 1680 4070 Achil-

656 4092 764 4145 lam
802 4108 855 4148 et
883 4095 1237 4153 Adrumetum
1274 4098 1431 4169 longe
1472 4096 1680 4151 dissitas

658 4172 836 4241 fuisse,
854 4189 907 4231 et
928 4177 1188 4232 Achillam
1204 4178 1466 4233 invicinia
1478 4176 1680 4249 Thapsi

1708 1839 1714 1849 ⁶
1757 1735 1927 1853 quaeri
1969 1799 2082 1834 non
2134 1739 2322 1854 posse..
2351 1781 2430 1833 M.
2473 1779 2548 1836 Ni
2585 1777 2730 1832 fallor
2747 1813 2763 1841 ,

1754 1860 2016 1914 succurrit
2063 1859 2154 1913 hic
2211 1859 2417 1913 Plinius
2447 1879 2516 1925 v,
2565 1865 2626 1924 4,
2678 1857 2762 1928 qui

1755 1939 1944 2012 procul
1977 1958 2004 1992 a
2031 1941 2248 2011 Thapso
2282 1941 2345 1992 in'
2366 1939 2650 2010 Zeugitana
2673 1936 2764 1990 tri·

1755 2020 1903 2090 ginta
1927 2018 2112 2072 liberis
2135 2017 2352 2090 oppidis
2372 2017 2620 2072 adcenset
2639 2017 2764 2070 Aco-

1753 2101 1972 2152 ἰὶταηιιηι.
1997 2099 2183 2152 Fuerit
2197 2118 2325 2172 ergo
2346 2097 2548 2172 duplex
2565 2096 2764 2151 Acholla

1753 2198 1848 2232 seu
1882 2177 2085 2232 Achilla
2127 2174 2281 2240 (nam
2306 2190 2360 2232 et
2389 2176 2536 2252 apud
2563 2176 2766 2230 Livium

1753 2259 2025 2329 legebatur
2068 2257 2260 2330 Acyla,
2301 2271 2354 2311 et
2405 2256 2550 2329 apud
2593 2255 2762 2328 steph.

1758 2337 1976 2410 Achylla
1996 2335 2044 2404 )‚
2076 2339 2238 2392 altera
2273 2338 2549 2392 Strabonis
2565 2373 2581 2403 ,
2605 2335 2766 2398 Livii,
2847 2337 2856 2351 ”

1757 2417 2012 2490 Stephani
2041 2419 2098 2472 in
2139 2418 2344 2490 Syrtica
2387 2430 2442 2472 et
2477 2418 2766 2488 Byzacena;

1758 2499 1918 2551 altera
1957 2497 2176 2552 Caesaris
2207 2512 2261 2553 et
2297 2496 2461 2551 Plinii
2498 2497 2554 2550 in
2590 2495 2766 2569 Zeugi-

1759 2590 1911 2644 tana3
1944 2579 2043 2631 ista
2075 2579 2131 2631 in
2165 2575 2361 2643 litore;
2399 2579 2512 2631 haec
2553 2578 2608 2629 in
2636 2576 2766 2629 inte·

1757 2658 1900 2711 riore
1922 2658 2094 2731 plaga.
2129 2658 2258 2712 Haec
2281 2659 2416 2724 erit,
2446 2676 2551 2729 qun
2575 2655 2768 2709 deserta

1757 2757 1856 2811 per
1887 2740 2132 2811 Regnum
2169 2739 2203 2790 J
2205 2740 2325 2791 uba
2347 2736 2702 2791 Adrumetum
2721 2752 2768 2787 se

1756 2818 2016 2890 recepisse
2037 2815 2324 2871 Considius
2342 2818 2594 2871 scribitur
2611 2836 2656 2870 c.
2685 2816 2768 2877 43.

1759 2928 1841 2941 --
1858 2898 2030 2950 Etiam
2064 2898 2284 2971 undique.
2318 2897 2494 2950 Nimis
2528 2896 2644 2949 laxe
2677 2896 2769 2948 hoc

1760 2976 1967 3031 dictum
2036 2976 2252 3030 videtur
2325 2976 2467 3029 Phil.
2535 2975 2769 3028 Rubenio

1761 3054 1961 3119 (Elect.
1999 3074 2046 3109 ιι
2063 3096 2078 3124 ,
2123 3064 2155 3121 4
2172 3054 2230 3121 ):
2255 3074 2358 3111 nec
2390 3056 2565 3109 Fulvii
2597 3052 2768 3108 Ursini

1759 3134 1930 3190 codex
1945 3152 1972 3202 ‚·
1995 3137 2053 3189 in
2081 3154 2191 3208 quo
2221 3140 2394 3207 etjam
2424 3136 2646 3207 legitur,
2667 3152 2770 3187 rem

1760 3217 2004 3289 explicat.
2027 3216 2372 3289 Quapropter
2415 3216 2632 3286 conjicit
2672 3217 2771 3267 Ru·

1760 3297 1969 3364 henius,
1984 3308 2034 3347 et
2061 3300 2258 3348 immuni
2280 3294 2582 3368 legendum.
2603 3294 2770 3347 Cellar.

1763 3376 1963 3430 Probat
1981 3377 2101 3448 jure
2131 3374 2565 3447 Oudendorpius.

1849 3476 1900 3509 2.
1931 3458 2159 3509 Par-atos.
2201 3456 2381 3509 Placet
2401 3455 2618 3508 'Davisii
2655 3470 2772 3507 con·

1755 3538 1965 3608 iectura
1980 3572 1995 3593 ‚
2028 3547 2242 3608 parato,
2270 3548 2332 3589 ut
2363 3534 2432 3588 ad
2461 3538 2620 3586 αηίηιο
2647 3530 2772 3585 refe·

1761 3628 1929 3669 ratur.
1961 3616 2040 3669 M.
2065 3616 2352 3688 Pei-peram
2371 3627 2506 3669 teste
2531 3608 2770 3667 Oudend-

1763 3714 1948 3749 omnes
1960 3693 2116 3749 codd.
2136 3696 2560 3766 habentparatos.
2573 3691 2772 3746 Planius

1753 3788 1906 3830 certe
1961 3775 2125 3829 fuerit
2166 3787 2365 3846 pao-ato.
2420 3772 2526 3827 Sed
2577 3769 2774 3825 Hirtius

1765 3856 1926 3909 etiam
1951 3856 2012 3909 B.
2039 3855 2111 3908 G.
2129 3872 2269 3921 vm,
2308 3856 2378 3908 13
2397 3895 2414 3924 ‚
2437 3854 2598 3907 hehet
2621 3853 2772 3902 anim

1759 3938 1956 4008 μικτὰ
1979 3947 2033 3988 et
2055 3935 2216 3987 B.A1.
2241 3932 2770 4005 45‚pmtioran‘nu‘s.·

1767 4028 1822 4068 et
1843 4016 1982 4069 infra
2006 4032 2053 4069 c.
2079 4020 2430 4085 1513me
2457 4024 2582 4065 certo
2605 4012 2768 4061 nin».

1767 4096 1947 4149 forsan
1971 4095 2026 4148 in
2056 4107 2242 4147 nostro
2266 4097 2388 4149 loco
2417 4088 2774 4163 conjunctione

1767 4173 2056 4247 reficienda
2075 4174 2231 4240 ἔσται,
