3025 5025
680 484 824 528 222
996 459 1073 525 G.
1130 455 1415 524 JULII
1472 455 1946 526 CAESARIS
2002 455 2554 528 COMMENT.

674 605 849 678 erat,
876 590 1145 658 navium
1172 588 1685 682 quinquaginta,
1705 585 2130 655 Brundisium
2153 588 2365 676 venit,
2388 587 2817 684 insulamque,

669 719 823 791 quae
868 709 1103 765 contra
1148 694 1621 772 Brundisinum
1678 707 1950 788 portum
2007 707 2107 762 est
2136 746 2156 781 ,
2207 697 2597 789 occupavit,
2641 699 2817 792 quod

676 817 993 898 praestare
1024 801 1507 890 arbitrabatur,
1535 825 1746 868 unum
1773 798 2028 887 locum,
2060 821 2194 894 qua
2227 804 2637 872 necessarius
2671 829 2817 873 nos-

675 914 793 980 tris
818 924 961 979 erat
980 929 1285 1003 egressus
1298 963 1317 996 ,
1334 931 1538 1011 quam
1563 909 1862 976 omnium
1887 905 2142 976 littora¹
2164 931 2242 977 ac
2264 923 2499 1003 portus
2523 905 2817 980 custodia

674 1017 933 1088 clausos
986 1017 1217 1085 teneri.
1284 1017 1413 1084 Hic
1470 1015 1824 1110 repentino
1886 1013 2178 1082 adventu
2241 1038 2445 1085 naves
2490 1019 2818 1087 onerarias

670 1116 995 1218 quasdam
1054 1136 1290 1191 nactus
1346 1121 1640 1191 incendit
1657 1174 1677 1209 ,
1727 1133 1797 1189 et
1850 1139 2054 1188 unam
2113 1120 2450 1192 frumento
2512 1139 2814 1193 onustam

670 1231 979 1317 abduxit,
1014 1249 1466 1324 magnumque
1515 1229 1766 1297 nostris
1815 1241 2140 1298 terrorem
2189 1227 2415 1320 injecit
2443 1283 2464 1317 ,
2515 1243 2584 1298 et
2615 1245 2814 1299 noctu

670 1337 989 1406 militibus
1018 1350 1089 1404 et
1114 1337 1469 1430 sagittariis
1492 1336 1562 1403 in
1589 1349 1837 1404 terram
1865 1333 2208 1430 expositis,
2231 1335 2612 1430 praesidium
2641 1337 2810 1432 equi-

674 1459 820 1513 tum
860 1444 1133 1537 dejecit,
1170 1458 1239 1512 et
1274 1442 1441 1511 adeo
1486 1441 1618 1511 loci
1673 1442 2174 1536 opportunitate
2229 1441 2549 1534 profecit,
2607 1447 2708 1513 uti
2741 1443 2816 1512 ad

673 1551 1067 1645 Pompeium
1097 1549 1351 1619 litteras
1372 1550 1698 1637 mitteret,
1719 1577 1753 1613 «
1776 1562 1980 1616 naves
2000 1547 2316 1641 reliquas,
2337 1549 2391 1616 si
2413 1548 2646 1638 vellet,
2672 1550 2814 1619 sub·

674 1658 827 1728 duci
886 1672 954 1725 et
1002 1655 1187 1726 refici
1225 1656 1493 1750 juberet
1538 1681 1553 1723 :
1609 1677 1728 1723 sua
1782 1649 1988 1724 classe
2041 1653 2284 1723 auxilia
2341 1674 2484 1724 sese
2541 1656 2817 1727 Caesaris

674 1762 1187 1858 prohibiturum.
1240 1791 1277 1828 >2

778 1872 1035 1939 XXIV.
1079 1873 1245 1938 Erat
1269 1894 1351 1938 eo
1380 1882 1687 1964 tempore
1713 1868 2040 1936 Antonius
2057 1866 2076 1890 ¹
2106 1866 2472 1952 Brundisii3
2502 1871 2656 1962 qui,
2685 1871 2816 1936 vir-

672 1977 798 2045 tuti
841 1974 1125 2044 militum
1165 1973 1489 2062 confisuS,
1525 1975 1803 2070 scaphas
1845 1973 2117 2043 navium
2141 1995 2537 2068 magnarum
2565 1977 2820 2044 circiter

670 2085 800 2151 LX
843 2081 1135 2151 cratibus
1179 2081 1550 2177 pluteisque
1599 2083 1929 2168 contexit,
1973 2105 2188 2174 eoque
2241 2079 2478 2151 milites
2535 2081 2819 2152 delectos

671 2189 1235 2288 imposuit,atque
1270 2213 1381 2257 eas
1417 2190 1484 2255 in
1511 2187 1732 2256 littore
1769 2186 2070 2282 pluribus
2096 2186 2260 2256 locis
2305 2190 2666 2284 separatim
2701 2188 2816 2258 dis-

670 2297 923 2390 posuit,
963 2319 1299 2389 navesque
1338 2295 1642 2364 triremes
1673 2295 1869 2382 duas,
1911 2319 2075 2388 quas
2117 2289 2450 2364 Brundisii
2491 2295 2818 2365 faciendas

668 2416 1023 2472 curaverat
1037 2455 1057 2490 ,
1089 2427 1211 2496 per
1244 2426 1514 2472 causam
1542 2401 2066 2470 exercendorum
2107 2402 2437 2496 remigum
2479 2401 2571 2470 ad
2605 2401 2817 2472 fauces

669 2520 905 2605 portus
936 2509 1205 2606 prodire
1222 2509 1437 2604 jussit.
1468 2511 1608 2578 Has
1644 2530 1854 2605 quum
1893 2502 2210 2578 audacius
2239 2530 2630 2603 progressas
2659 2507 2815 2579 Libo

608 2676 617 2686 .
668 2616 971 2704 vidisset,
1002 2636 1276 2711 sperans
1312 2617 1616 2711 intercipi
1661 2641 1890 2711 posse,
1925 2614 2377 2710 quadriremes
2413 2614 2712 2711 quinque
2742 2616 2816 2685 ad

668 2748 779 2793 eas
815 2726 1013 2791 misit.
1053 2724 1223 2811 Quae
1260 2735 1469 2818 quum
1514 2723 1795 2792 navibus
1833 2724 2078 2791 nostris
2113 2724 2764 2817 appropinquassent
2779 2720 2816 2807 ²,

570 2856 583 2866 ·
670 2832 881 2899 nostri
907 2831 1206 2899 veterani
1228 2831 1297 2897 in
1328 2844 1598 2924 portum
1632 2828 2052 2923 refugiebant
2078 2854 2092 2897 :
2129 2828 2256 2914 illi,
2282 2828 2502 2897 studio
2535 2830 2816 2915 incitati,

570 2938 576 2956 '
666 2936 995 3005 incautius
1048 2928 1532 3030 sequebantur.'
1561 2939 1711 3005 Jam
1756 2962 1838 3005 ex
1887 2924 2198 3005 omnibus
2251 2928 2555 3029 partibus
2605 2936 2814 3006 subito

668 3045 1063 3111 Antonianae
1098 3043 1363 3137 scaphae
1381 3096 1403 3131 ,
1435 3044 1626 3137 signo
1651 3042 1810 3111 dato
1826 3094 1846 3132 ,
1877 3068 1948 3111 se
1979 3044 2049 3110 in
2078 3043 2304 3111 hostes
2339 3044 2814 3128 incitaverunt,

668 3150 1017 3243 primoque
1064 3151 1317 3244 impetu
1368 3170 1588 3236 unam,
1614 3174 1695 3218 ex
1737 3150 1842 3219 his
1895 3146 2385 3245 quadriremem
2439 3170 2598 3219 cum
2629 3150 2814 3219 remi-

669 3250 860 3351 gibus
915 3255 1505 3353 defensoribusque
1566 3258 1700 3326 suis
1767 3271 2126 3352 ceperunt,
2187 3251 2473 3350 reliquas
2541 3260 2817 3353 turpiter

750 3468 881 3521 Cu».
913 3466 1123 3521 XXIII.
1164 3483 1210 3521 1.
1250 3468 1479 3521 Omnium
1509 3469 1696 3521 littora.
1789 3468 1895 3521 vic.
1934 3471 2143 3530 virtute,
2183 3466 2404 3521 fortasse
2437 3468 2672 3535 rectius;
2701 3486 2812 3522 nam

670 3548 799 3601 Post
844 3552 1053 3601 omnium
1088 3545 1407 3602 subauditur
1450 3548 1660 3603 locorum
1677 3568 1700 3611 ,-
1797 3548 1976 3602 Cesar
1997 3548 2074 3602 ita
2099 3556 2240 3601 amat
2259 3548 2428 3619 loqui.
2456 3548 2520 3602 B.
2549 3550 2612 3602 C.
2639 3550 2736 3604 lib.
2761 3563 2782 3601 ι
2797 3586 2812 3613 ,

670 3629 742 3680 ita
764 3628 1099 3701 reposuimus
1128 3642 1253 3682 cum
1284 3628 1448 3699 Vulg.
1475 3628 1700 3681 ffiaesta·
1785 3642 1900 3699 cap.
1939 3628 2010 3681 58
2041 3646 2056 3681 ε
2085 3628 2344 3682 Celer-itate
2372 3633 2564 3683 navium
2594 3640 2651 3679 et
2677 3633 2814 3681 scien-

670 3718 755 3761 πει
776 3720 955 3761 tamen
975 3726 1099 3761 cnm
1116 3707 1313 3775 Ciacc„
1327 3708 1535 3775 Hom„
1549 3708 1696 3781 Lips.
1789 3709 1860 3759 tia
1876 3706 2249 3777 gubernator-uin
2272 3707 2454 3779 corfist‘.
2483 3726 2531 3762 c.
2555 3710 2632 3779 75
2659 3728 2674 3762 z
2698 3709 2810 3763 Cas-

671 3800 725 3841 et
748 3790 889 3861 Rip„
910 3794 1071 3842 omnia
1096 3790 1280 3842 littora.
1300 3820 1381 3833 --
1402 3790 1595 3842 Teucri.-
1612 3789 1697 3842 Al.
1788 3800 1967 3841 myrum
1986 3792 2346 3863 propinqm‘eate
2367 3788 2550 3859 corfisz‘.
2579 3790 2724 3843 Item
2753 3788 2810 3840 B.

674 3872 951 3931 tueri‚·non
981 3870 1121 3923 male
1144 3885 1373 3941 quoque.
1787 3868 1858 3923 G.
1887 3870 1925 3921 l.
1953 3883 2086 3936 vm,
2113 3885 2161 3923 c.
2199 3870 2262 3936 3,
2285 3880 2340 3922 et
2363 3868 2490 3921 alibi
2519 3870 2739 3941 passim.

752 3948 883 4002 Cu.
915 3949 1123 4003 XXIV.
1170 3966 1219 4002 1.
1250 3950 1515 4003 Antonius.
1555 3948 1698 4002 Vide
1783 3966 1788 3973 ’
1873 3968 1924 4003 2.
1970 3950 2466 4022 Appropinquasseut.
2509 3950 2622 4003 Alii
2636 3987 2655 4016 ‚
2701 3964 2809 4021 pro·

672 4026 1021 4082 Plutarchum
1036 4030 1095 4081 in
1108 4030 1223 4101 ejus
1232 4030 1363 4096 vita,
1374 4046 1493 4101 cap.
1508 4046 1542 4100 7
1561 4030 1698 4094 ;Di0
1779 4030 2110 4102 pinqwsenr.
2166 4030 2470 4102 Utrumque
2514 4031 2658 4083 hene
2694 4049 2707 4083 τ
2745 4030 2807 4082 ita

673 4108 816 4163 Gaas.
840 4126 963 4175 nr,
993 4108 1084 4175 48.
1100 4139 1181 4152 -·-
1198 4111 1251 4161 V
1251 4113 1401 4161 inuti.
1425 4108 1538 4165 ΜΘ.
1557 4106 1698 4163 Nor·
1785 4125 2002 4181 quoque
2032 4108 2192 4165 codd.
2216 4111 2386 4165 nostri
2415 4110 2530 4163 RR.
