3025 5025
645 471 791 548 512
1442 461 1580 544 DE
1642 476 1992 544 BELLO

640 615 709 669 et
728 654 748 687 ,
794 600 1048 693 impetu
1099 599 1277 668 facto
1326 599 1395 666 in
1446 597 1831 684 cubiculum
1885 623 1968 668 ex
2025 599 2402 693 suspicione
2423 652 2443 687 ,
2499 601 2774 672 medicus

641 704 1127 799 familiaresque
1162 706 1540 792 continere,
1574 720 1772 799 atque
1805 704 2048 774 vulnus
2075 704 2374 799 obligare
2409 708 2776 802 coepissent,

638 815 779 907 ipse
816 814 949 881 suis
986 812 1293 904 manibus
1318 810 1564 880 vulnus
1603 811 2060 882 crudelissime
2095 811 2377 898 divellit,
2413 827 2613 908 atque
2651 816 2776 882 ani-

640 945 753 988 mo
796 921 1105 1015 praesenti
1155 943 1225 986 se
1286 920 1636 988 interemit.
1685 919 1909 1006 Quem
1956 921 2310 988 Uticenses
2333 972 2352 1006 ,
2389 943 2781 1014 quamquam

639 1026 923 1096 oderant
975 1027 1265 1119 partium
1310 1026 1522 1119 gratia
1543 1079 1564 1112 ,
1606 1040 1832 1094 tamen
1875 1039 2154 1119 propter
2207 1025 2348 1118 ejus
2393 1025 2786 1121 singularem

639 1135 1131 1227 integritatem,
1188 1146 1257 1200 et
1298 1132 1481 1226 quod
1543 1129 2018 1202 dissimillimus
2075 1127 2484 1224 reliquorum
2547 1133 2788 1203 ducum

640 1239 909 1327 fuerat,
966 1238 1277 1334 quodque
1324 1239 1620 1368 ⁵Uticam
1685 1237 1980 1307 mirificis
2035 1237 2351 1332 operibus
2415 1241 2787 1326 munierat,

639 1362 1020 1476 turresque‘3
1030 1330 1347 1414 auxerat⁵
1352 1398 1372 1432 ‚
1430 1344 1774 1439 sepultura
1827 1343 2147 1414 afficiunt.
2193 1347 2352 1433 Quo
2395 1345 2746 1415 interfecto
2769 1399 2787 1434 ,

642 1455 718 1522 L.
760 1437 1044 1541 Caesarffi
1086 1467 1164 1521 ut
1204 1450 1451 1570 aliquid
1496 1452 1620 1520 sibi
1663 1477 1745 1518 ex
1782 1475 1862 1518 ea
1898 1476 1970 1519 re
2005 1450 2230 1520 auxilii
2271 1465 2584 1544 pararet,
2629 1477 2786 1522 con-

641 1575 883 1630 vocato
926 1558 1218 1655 populu,
1256 1559 1578 1628 concione
1628 1557 1896 1644 habita,
1948 1557 2343 1626 cohortatur
2393 1582 2674 1645 omnes,
2720 1573 2788 1626 ut

640 1681 852 1762 portae
890 1646 1345 1761 aperirenturi
1374 1690 1444 1734 se
1471 1667 1540 1732 in
1577 1666 1860 1734 Caesaris
1890 1663 2243 1734 clementia
2268 1687 2586 1758 magnam
2611 1689 2786 1760 spem

642 1774 907 1842 habere.
942 1775 1209 1868 Itaque,
1251 1773 1461 1867 portis
1502 1771 1886 1866 patefactis,
1926 1773 2127 1840 Utica
2165 1795 2505 1866 egressuS,
2551 1765 2788 1840 Caesari

640 1882 1027 1974 imperatori
1062 1879 1329 1949 obviam
1364 1878 1828 1972 proficiscitur.
1866 1875 2186 1964 Messala,
2217 1891 2292 1945 ut
2325 1891 2471 1946 erat
2511 1879 2787 1971 impera-

642 2002 785 2056 tum
802 2041 821 2073 ,
844 1987 1111 2056 Uticam
1141 1987 1445 2080 pervenit
1464 2038 1483 2071 ,
1510 1985 1950 2079 omnibusque
1978 1985 2188 2079 portis
2215 1983 2550 2056 custodias
2587 1979 2784 2079 ponit.

748 2095 1133 2162 LXXXIX.
1192 2095 1419 2161 Caesar
1459 2092 1763 2178 interim,
1807 2115 1848 2158 a
1888 2090 2160 2185 Thapso
2202 2114 2628 2184 progressus,
2653 2093 2786 2159 Us-

642 2199 891 2269 cetam¹
923 2200 1257 2293 pervenit,
1284 2199 1401 2267 ubi
1434 2199 1662 2291 Scipio
1697 2221 2016 2292 magnum
2055 2195 2371 2265 frumenti
2408 2221 2783 2282 numerum,

642 2330 1014 2394 armorum,
1044 2305 1328 2375 telorum
1343 2358 1363 2392 ,
1388 2318 1892 2397 ceterarumque
1923 2328 2146 2372 rerum
2169 2357 2188 2390 ,
2217 2328 2374 2372 cum
2399 2327 2616 2396 parvo
2641 2328 2783 2398 prae·

640 2413 806 2482 sidio
821 2411 1257 2482 habuerat.Id
1270 2411 1632 2480 adveniens
1645 2411 1900 2505 potitu'r
1912 2435 1926 2478 :
1939 2408 2177 2479 deinde
2191 2407 2638 2479 Adrumetum
2656 2435 2782 2505 per-

642 2600 767 2671 quia
792 2599 986 2651 vulnus
1016 2616 1127 2651 non
1162 2597 1287 2650 satis
1317 2597 1421 2649 alte
1450 2594 1671 2648 descen-

642 2678 793 2732 derat
832 2679 891 2731 in
927 2691 1188 2731 ventrem.
1237 2678 1381 2748 Ergo
1422 2676 1672 2747 strepitus

646 2759 833 2813 accivit
880 2778 969 2811 eos
997 2796 1014 2823 ‚
1050 2759 1143 2829 qui
1190 2770 1312 2810 ante
1361 2756 1674 2809 cubiculum

642 2852 810 2893 erant.
864 2839 943 2891 M.
989 2866 1072 2881 -—·-
1120 2836 1391 2889 Continet-e.
1459 2835 1672 2887 Scilicet

642 2920 853 2973 vulnus.
897 2915 1031 2971 cod.
1075 2918 1292 2970 Norvic.
1332 2936 1441 2968 cum
1479 2928 1636 2966 tenere
1650 2936 1672 2977 ;

644 2998 787 3053 unde
831 2998 1103 3063 Davisius,
1139 3018 1245 3049 eum
1296 3010 1466 3049 tenere.
1506 2994 1673 3060 Quod

642 3092 768 3132 mox
808 3079 1048 3150 sequitur
1095 3078 1298 3140 vulnus,
1335 3076 1503 3130 deleri
1557 3076 1675 3128 vult

642 3160 901 3211 Jurinius.
932 3160 1077 3210 Bene
1107 3162 1372 3219 continere,
1395 3176 1460 3209 ex
1476 3156 1672 3208 nostris

645 3238 802 3293 codd.
830 3262 911 3274 —
932 3238 997 3291 Se
1013 3241 1263 3291 interemit.
1292 3238 1417 3290 Non
1441 3236 1672 3307 repetito

645 3320 756 3374 ictu
769 3340 786 3386 ς
812 3317 906 3373 sed
929 3318 1055 3389 quia
1084 3318 1267 3370 fascias
1290 3330 1343 3369 et
1366 3318 1563 3369 vulnus
1594 3314 1676 3368 di·

646 3401 894 3453 vulserat.
917 3398 1165 3453 conferri
1180 3410 1355 3468 potest
1368 3396 1672 3467 Appianas,

646 3499 745 3545 111,
763 3484 834 3550 98
856 3520 872 3550 ,
894 3500 947 3551 p.
972 3480 1106 3548 489.
1122 3478 1341 3549 sq.;Dio
1367 3478 1672 3541 Cass.11.11‚

655 3579 677 3612 1
694 3579 717 3613 1
736 3598 751 3624 ,
791 3561 887 3633 qui
927 3578 1052 3611 eum
1079 3576 1375 3628 cognomen
1406 3555 1674 3609 Uticensis

646 3640 826 3694 tulisse
858 3637 1037 3704 addit,
1056 3639 1181 3710 quia
1213 3649 1268 3690 et
1297 3636 1471 3689 Uticoe
1500 3635 1638 3687 obiit
1655 3674 1674 3700 ,

646 3734 699 3773 et
729 3723 795 3774 ab
829 3719 1169 3773 Uticensibus
1194 3716 1408 3789 publice
1435 3716 1675 3787 sepultus

645 3814 739 3854 est.
771 3801 1022 3872 Reliquos
1054 3799 1339 3871 scriptores
1362 3797 1560 3850 multos
1580 3814 1676 3848 no·

648 3882 878 3947 minare,
900 3900 1011 3933 non
1030 3880 1232 3933 attinet.
1248 3879 1325 3931 M.
1342 3879 1423 3929 De
1443 3878 1520 3929 M.
1540 3877 1673 3928 Por-

648 3962 733 4013 cio
764 3960 967 4013 Catone
1005 3973 1060 4013 et
1096 3957 1165 4013 de
1204 3961 1317 4029 ejus
1355 3970 1511 4028 gente
1553 3954 1676 4009 vide

650 4059 809 4112 supra
835 4060 950 4113 cap.
981 4059 1068 4093 υ.
1589 4078 1596 4085 .

734 4121 782 4183 6.
815 4121 1057 4175 Auserat.
1087 4117 1187 4173 Ed.
1215 4121 1408 4171 Venet.
1435 4128 1670 4170 evexerat.

1845 2599 1900 2648 6.
1933 2596 1994 2646 L.
2041 2593 2285 2647 Cau-an...
2316 2606 2537 2665 parant.
2575 2596 2780 2665 Optime

1761 2675 2109 2727 petavianus:
2143 2676 2204 2727 L.
2247 2672 2441 2736 Coesar,
2481 2675 2676 2747 aliquid
2702 2674 2785 2727 sibi

1761 2776 1824 2807 ex
1847 2774 1907 2805 ea
1937 2774 1988 2805 re
2024 2755 2202 2806 auxilii
2248 2765 2419 2807 ratus:
2445 2753 2598 2826 quod
2635 2774 2782 2826 repo·

1761 2833 2001 2887 nendum
2015 2834 2266 2887 arbitror.
2289 2833 2438 2886 Oun.
2457 2836 2524 2887 In
2539 2834 2656 2887 aliis
2671 2835 2783 2907 qui·

1759 2912 1987 2967 busdam
2025 2926 2104 2966 est
2127 2931 2142 2965 :
2173 2926 2232 2965 ut
2255 2914 2447 2985 aliquid
2479 2915 2576 2967 sibi
2614 2935 2672 2965 ea
2715 2935 2784 2965 ms

1759 2994 2100 3047 auxiliaretur.
2125 2993 2355 3065 Vulgata
2379 3007 2458 3047 est
2481 3014 2511 3046 e
2541 2993 2661 3048 cod.
2688 2996 2785 3047 Ur-

1760 3075 1897 3137 sini,
1925 3086 1979 3126 et
2008 3086 2088 3127 est
2115 3092 2257 3127 vera.
2287 3073 2363 3126 M.
2396 3073 2541 3128 Oud.
2573 3076 2630 3127 in
2661 3072 2782 3127 edit.

1760 3153 1992 3207 secunda
2019 3154 2303 3207 lectionem
2315 3192 2332 3218 ,
2353 3172 2474 3225 quse
2491 3156 2784 3227 placuerat,

1759 3234 1992 3287 exhibet.
2025 3234 2220 3286 Melior
2243 3232 2462 3287 videtur
2483 3254 2646 3305 quam
2658 3236 2784 3289 vul-

1759 3327 1907 3386 gata,
1934 3332 2054 3385 qum
2083 3314 2158 3366 sic
2188 3313 2380 3367 habet:
2404 3326 2461 3365 ut
2486 3316 2680 3389 aliquid
2697 3315 2784 3367 siba·

1759 3415 1820 3446 ex
1842 3413 1902 3445 ea
1930 3414 1982 3445 re
2005 3395 2182 3445 auxilii
2199 3406 2416 3465 pararet.
2447 3394 2656 3466 Sequor
2679 3395 2785 3447 Ou-

1741 3470 2024 3545 dendorp.
2061 3473 2166 3527 On.
2201 3474 2314 3526 Nos
2338 3492 2468 3527 vero
2501 3476 2784 3546 Vulgatam

1761 3554 2034 3625 sequimur
2061 3572 2128 3606 ex
2145 3552 2266 3607 cod.
2291 3567 2480 3607 nostro
2509 3556 2683 3625 5768.
2711 3556 2788 3608 De

1759 3634 1930 3686 Lucio
1976 3633 2180 3687 Caesare
2223 3645 2280 3686 et
2317 3632 2386 3686 de
2423 3647 2583 3705 gente
2615 3636 2786 3699 Julia,

1759 3713 1968 3767 videB.
1994 3716 2056 3768 C.
2077 3714 2114 3766 l.
2141 3732 2192 3778 1,
2213 3732 2326 3785 cap.
2363 3715 2418 3766 8.
2448 3744 2534 3756 —-
2563 3714 2783 3767 Coesan’s.

1713 3841 1717 3846 ⁴
1760 3796 2075 3848 Praenomen
2098 3794 2216 3847 Caii
2241 3791 2453 3846 addidit
2475 3791 2724 3848 Oudend.
2755 3814 2786 3847 e

1761 3873 2052 3929 codicibus.
2069 3904 2153 3916 —-
2173 3874 2407 3928 Messala.
2440 3872 2587 3927 Vide
2613 3892 2662 3926 c.
2697 3876 2784 3928 86.

1843 3956 1976 4008 Cu».
2001 3954 2305 4007 LXXXIX.
2340 3973 2391 4007 1.
2425 3954 2664 4007 Uscetam.
2696 3954 2788 4006 Vi-

1759 4033 1920 4087 detur
1938 4052 2048 4087 esse
2067 4034 2341 4087 Ptolemaei
2365 4036 2614 4099 Οόζηκία,
2639 4034 2787 4106 oppi-

1762 4112 1894 4167 dum
1924 4112 2397 4167 mediterraneum.
2431 4114 2598 4168 Cm.

2971 3806 2975 3917 ι

2970 3944 2973 4023 2
