<?xml version="1.0" encoding="UTF-8"?>
<!DOCTYPE html PUBLIC "-//W3C//DTD XHTML 1.0 Transitional//EN"
    "http://www.w3.org/TR/xhtml1/DTD/xhtml1-transitional.dtd">
<html xmlns="http://www.w3.org/1999/xhtml" xml:lang="en" lang="en">
 <head>
  <title>
</title>
<meta http-equiv="Content-Type" content="text/html;charset=utf-8" />
  <meta name='ocr-system' content='tesseract 3.04.00' />
  <meta name='ocr-capabilities' content='ocr_page ocr_carea ocr_par ocr_line ocrx_word'/>
</head>
<body>
  <div class='ocr_page' id='page_1' title='image "./caiusjuliuscsar00plutgoog_0093.png"; bbox 0 0 3025 5025; ppageno 0'>
   <div class='ocr_carea' id='block_1_1' title="bbox 613 451 2445 556">
    <p class='ocr_par' dir='ltr' id='par_1_1' title="bbox 613 451 2445 556">
     <span class='ocr_line' id='line_1_1' title="bbox 613 451 2445 556; baseline -0.007 -26"><span class='ocrx_word' id='word_1_1' title='bbox 613 459 711 556; x_wconf 87' lang='lat'><strong>78</strong></span> <span class='ocrx_word' id='word_1_2' title='bbox 872 457 950 526; x_wconf 88' lang='lat' dir='ltr'><strong>C.</strong></span> <span class='ocrx_word' id='word_1_3' title='bbox 1007 455 1294 524; x_wconf 87' lang='lat' dir='ltr'>JULII</span> <span class='ocrx_word' id='word_1_4' title='bbox 1351 452 1830 522; x_wconf 84' lang='lat' dir='ltr'><strong>CAESARIS</strong></span> <span class='ocrx_word' id='word_1_5' title='bbox 1885 451 2445 522; x_wconf 82' lang='lat' dir='ltr'><strong>COMMENT.</strong></span> 
     </span>
    </p>
   </div>
   <div class='ocr_carea' id='block_1_2' title="bbox 605 583 2767 2390">
    <p class='ocr_par' dir='ltr' id='par_1_2' title="bbox 605 583 2767 2069">
     <span class='ocr_line' id='line_1_2' title="bbox 609 583 2757 678; baseline -0 -20"><span class='ocrx_word' id='word_1_6' title='bbox 609 615 716 660; x_wconf 86' lang='lat' dir='ltr'><strong>res</strong></span> <span class='ocrx_word' id='word_1_7' title='bbox 751 589 1016 658; x_wconf 82' lang='lat' dir='ltr'><strong>honesti</strong></span> <span class='ocrx_word' id='word_1_8' title='bbox 1049 585 1529 674; x_wconf 80' lang='lat' dir='ltr'><strong>adolescentes,</strong></span> <span class='ocrx_word' id='word_1_9' title='bbox 1552 598 1935 654; x_wconf 86' lang='lat' dir='ltr'><strong>senatorum</strong></span> <span class='ocrx_word' id='word_1_10' title='bbox 1970 583 2088 652; x_wconf 84' lang='lat' dir='ltr'><strong>filii</strong></span> <span class='ocrx_word' id='word_1_11' title='bbox 2130 599 2199 652; x_wconf 91' lang='lat' dir='ltr'><strong>et</strong></span> <span class='ocrx_word' id='word_1_12' title='bbox 2234 583 2485 654; x_wconf 85' lang='lat' dir='ltr'>ordinis</span> <span class='ocrx_word' id='word_1_13' title='bbox 2526 608 2757 678; x_wconf 88' lang='lat' dir='ltr'><strong>eques·</strong></span> 
     </span>
     <span class='ocr_line' id='line_1_3' title="bbox 608 689 2757 788; baseline -0.001 -24"><span class='ocrx_word' id='word_1_14' title='bbox 608 698 772 785; x_wconf 82' lang='lat' dir='ltr'><strong>tris3</strong></span> <span class='ocrx_word' id='word_1_15' title='bbox 835 709 1027 764; x_wconf 89' lang='lat' dir='ltr'><strong>erant</strong></span> <span class='ocrx_word' id='word_1_16' title='bbox 1083 693 1446 788; x_wconf 82' lang='lat' dir='ltr'><strong>legationes</strong></span> <span class='ocrx_word' id='word_1_17' title='bbox 1503 693 1848 760; x_wconf 86' lang='lat' dir='ltr'><strong>civitatum</strong></span> <span class='ocrx_word' id='word_1_18' title='bbox 1876 718 1899 776; x_wconf 64' lang='grc' dir='ltr'><strong><em>ς</em></strong></span> <span class='ocrx_word' id='word_1_19' title='bbox 1958 705 2148 760; x_wconf 88' lang='lat' dir='ltr'><strong>erant</strong></span> <span class='ocrx_word' id='word_1_20' title='bbox 2200 689 2400 786; x_wconf 82' lang='lat' dir='ltr'><strong>legati</strong></span> <span class='ocrx_word' id='word_1_21' title='bbox 2456 692 2757 762; x_wconf 83' lang='lat' dir='ltr'><strong>Caesaris.</strong></span> 
     </span>
     <span class='ocr_line' id='line_1_4' title="bbox 610 797 2761 892; baseline -0.002 -19"><span class='ocrx_word' id='word_1_22' title='bbox 610 807 752 872; x_wconf 90' lang='lat' dir='ltr'><strong>Hos</strong></span> <span class='ocrx_word' id='word_1_23' title='bbox 781 827 1013 872; x_wconf 89' lang='lat' dir='ltr'><strong>omnes</strong></span> <span class='ocrx_word' id='word_1_24' title='bbox 1043 801 1318 870; x_wconf 85' lang='lat' dir='ltr'><strong>flumina</strong></span> <span class='ocrx_word' id='word_1_25' title='bbox 1343 798 1795 868; x_wconf 82' lang='lat' dir='ltr'><strong>continebant.</strong></span> <span class='ocrx_word' id='word_1_26' title='bbox 1820 798 1927 868; x_wconf 83' lang='lat' dir='ltr'><strong>Ad</strong></span> <span class='ocrx_word' id='word_1_27' title='bbox 1950 798 2075 868; x_wconf 91' lang='lat' dir='ltr'><strong>hos</strong></span> <span class='ocrx_word' id='word_1_28' title='bbox 2106 797 2585 892; x_wconf 85' lang='lat' dir='ltr'><strong>opprimendos</strong></span> <span class='ocrx_word' id='word_1_29' title='bbox 2607 823 2761 882; x_wconf 81' lang='lat' dir='ltr'><strong>cum</strong></span> 
     </span>
     <span class='ocr_line' id='line_1_5' title="bbox 607 904 2761 1004; baseline -0.002 -25"><span class='ocrx_word' id='word_1_30' title='bbox 607 913 792 980; x_wconf 88' lang='lat' dir='ltr'><strong>omni</strong></span> <span class='ocrx_word' id='word_1_31' title='bbox 819 910 1119 1004; x_wconf 86' lang='lat' dir='ltr'><strong>equitatu</strong></span> <span class='ocrx_word' id='word_1_32' title='bbox 1147 907 1492 1000; x_wconf 82' lang='lat' dir='ltr'><strong>tribusque</strong></span> <span class='ocrx_word' id='word_1_33' title='bbox 1524 905 1893 1000; x_wconf 80' lang='lat' dir='ltr'><strong>legionibus</strong></span> <span class='ocrx_word' id='word_1_34' title='bbox 1918 905 2231 976; x_wconf 85' lang='lat' dir='ltr'><strong>Afranius</strong></span> <span class='ocrx_word' id='word_1_35' title='bbox 2261 904 2345 974; x_wconf 80' lang='lat' dir='ltr'><strong>ele</strong></span> <span class='ocrx_word' id='word_1_36' title='bbox 2374 919 2573 974; x_wconf 85' lang='lat' dir='ltr'><strong>nocte</strong></span> <span class='ocrx_word' id='word_1_37' title='bbox 2604 931 2761 1002; x_wconf 88' lang='lat' dir='ltr'><strong>pro-</strong></span> 
     </span>
     <span class='ocr_line' id='line_1_6' title="bbox 605 1011 2762 1109; baseline -0.003 -22"><span class='ocrx_word' id='word_1_38' title='bbox 605 1017 926 1086; x_wconf 87' lang='lat' dir='ltr'><strong>ficiscitur</strong></span> <span class='ocrx_word' id='word_1_39' title='bbox 947 1069 968 1104; x_wconf 89' lang='lat'><strong>,</strong></span> <span class='ocrx_word' id='word_1_40' title='bbox 1025 1013 1613 1109; x_wconf 85' lang='lat' dir='ltr'><strong>imprudentesque</strong></span> <span class='ocrx_word' id='word_1_41' title='bbox 1668 1026 1825 1083; x_wconf 83' lang='lat' dir='ltr'><strong>ante</strong></span> <span class='ocrx_word' id='word_1_42' title='bbox 1868 1012 2085 1083; x_wconf 88' lang='lat' dir='ltr'><strong>missis</strong></span> <span class='ocrx_word' id='word_1_43' title='bbox 2130 1011 2463 1106; x_wconf 85' lang='lat' dir='ltr'><strong>equitibus</strong></span> <span class='ocrx_word' id='word_1_44' title='bbox 2516 1032 2762 1108; x_wconf 80' lang='lat' dir='ltr'><strong>aggre-</strong></span> 
     </span>
     <span class='ocr_line' id='line_1_7' title="bbox 608 1118 2761 1238; baseline -0.002 -46"><span class='ocrx_word' id='word_1_45' title='bbox 608 1125 805 1192; x_wconf 86' lang='lat' dir='ltr'><strong>ditur.</strong></span> <span class='ocrx_word' id='word_1_46' title='bbox 841 1121 1164 1192; x_wconf 83' lang='lat' dir='ltr'><strong>Celeriter</strong></span> <span class='ocrx_word' id='word_1_47' title='bbox 1199 1137 1428 1192; x_wconf 86' lang='lat' dir='ltr'><strong>tamen</strong></span> <span class='ocrx_word' id='word_1_48' title='bbox 1467 1143 1609 1190; x_wconf 89' lang='lat' dir='ltr'><strong>sese</strong></span> <span class='ocrx_word' id='word_1_49' title='bbox 1647 1118 1825 1190; x_wconf 86' lang='lat' dir='ltr'><strong>Galli</strong></span> <span class='ocrx_word' id='word_1_50' title='bbox 1860 1120 2113 1238; x_wconf 86' lang='lat' dir='ltr'><strong>equites</strong></span> <span class='ocrx_word' id='word_1_51' title='bbox 2150 1119 2511 1214; x_wconf 82' lang='lat' dir='ltr'><strong>expediunt</strong></span> <span class='ocrx_word' id='word_1_52' title='bbox 2529 1170 2551 1206; x_wconf 89' lang='lat'><strong><em>‚</em></strong></span> <span class='ocrx_word' id='word_1_53' title='bbox 2592 1144 2761 1238; x_wconf 82' lang='lat' dir='ltr'><strong>prae-</strong></span> 
     </span>
     <span class='ocr_line' id='line_1_8' title="bbox 607 1225 2760 1324; baseline -0.001 -25"><span class='ocrx_word' id='word_1_54' title='bbox 607 1229 900 1324; x_wconf 89' lang='lat' dir='ltr'><strong>liumque</strong></span> <span class='ocrx_word' id='word_1_55' title='bbox 932 1230 1378 1297; x_wconf 88' lang='lat' dir='ltr'><strong>committunt.</strong></span> <span class='ocrx_word' id='word_1_56' title='bbox 1408 1227 1533 1314; x_wconf 89' lang='lat' dir='ltr'><strong>Hi,</strong></span> <span class='ocrx_word' id='word_1_57' title='bbox 1561 1225 1723 1310; x_wconf 80' lang='lat' dir='ltr'><strong>dum</strong></span> <span class='ocrx_word' id='word_1_58' title='bbox 1754 1227 1915 1324; x_wconf 88' lang='lat' dir='ltr'><strong>pari</strong></span> <span class='ocrx_word' id='word_1_59' title='bbox 1928 1228 2290 1296; x_wconf 83' lang='lat' dir='ltr'><strong>certamine</strong></span> <span class='ocrx_word' id='word_1_60' title='bbox 2324 1251 2431 1294; x_wconf 83' lang='lat' dir='ltr'><strong>res</strong></span> <span class='ocrx_word' id='word_1_61' title='bbox 2466 1228 2609 1320; x_wconf 79' lang='lat' dir='ltr'><strong>geri</strong></span> <span class='ocrx_word' id='word_1_62' title='bbox 2640 1252 2760 1322; x_wconf 90' lang='lat' dir='ltr'><strong>po·</strong></span> 
     </span>
     <span class='ocr_line' id='line_1_9' title="bbox 605 1332 2764 1444; baseline -0.002 -38"><span class='ocrx_word' id='word_1_63' title='bbox 605 1339 733 1406; x_wconf 87' lang='lat' dir='ltr'><strong>tuit</strong></span> <span class='ocrx_word' id='word_1_64' title='bbox 751 1359 1128 1444; x_wconf 80' lang='lat' dir='ltr'><strong>,magnum</strong></span> <span class='ocrx_word' id='word_1_65' title='bbox 1177 1335 1472 1404; x_wconf 83' lang='lat' dir='ltr'><strong>hostium</strong></span> <span class='ocrx_word' id='word_1_66' title='bbox 1528 1357 1883 1401; x_wconf 86' lang='lat' dir='ltr'><strong>numerum</strong></span> <span class='ocrx_word' id='word_1_67' title='bbox 1920 1334 2117 1428; x_wconf 84' lang='lat' dir='ltr'><strong>pauci</strong></span> <span class='ocrx_word' id='word_1_68' title='bbox 2167 1334 2572 1414; x_wconf 79' lang='lat' dir='ltr'><strong>sustinuere·</strong></span> <span class='ocrx_word' id='word_1_69' title='bbox 2554 1385 2575 1417; x_wconf 88' lang='lat'>,</span> <span class='ocrx_word' id='word_1_70' title='bbox 2614 1332 2764 1422; x_wconf 86' lang='lat' dir='ltr'><strong>sed,</strong></span> 
     </span>
     <span class='ocr_line' id='line_1_10' title="bbox 606 1440 2767 1537; baseline -0.001 -25"><span class='ocrx_word' id='word_1_71' title='bbox 606 1442 723 1512; x_wconf 89' lang='lat' dir='ltr'><strong>ubi</strong></span> <span class='ocrx_word' id='word_1_72' title='bbox 757 1445 946 1537; x_wconf 83' lang='lat' dir='ltr'><strong>signa</strong></span> <span class='ocrx_word' id='word_1_73' title='bbox 972 1441 1308 1536; x_wconf 85' lang='lat' dir='ltr'><strong>legionum</strong></span> <span class='ocrx_word' id='word_1_74' title='bbox 1341 1440 1881 1536; x_wconf 81' lang='lat' dir='ltr'><strong>appropinquare</strong></span> <span class='ocrx_word' id='word_1_75' title='bbox 1912 1453 2293 1534; x_wconf 80' lang='lat' dir='ltr'><strong>coeperunt,</strong></span> <span class='ocrx_word' id='word_1_76' title='bbox 2318 1441 2549 1535; x_wconf 84' lang='lat' dir='ltr'><strong>paucis</strong></span> <span class='ocrx_word' id='word_1_77' title='bbox 2578 1442 2767 1510; x_wconf 84' lang='lat' dir='ltr'><strong>amis-</strong></span> 
     </span>
     <span class='ocr_line' id='line_1_11' title="bbox 605 1547 2763 1642; baseline -0.001 -24"><span class='ocrx_word' id='word_1_78' title='bbox 605 1552 733 1638; x_wconf 87' lang='lat' dir='ltr'><strong>sis,</strong></span> <span class='ocrx_word' id='word_1_79' title='bbox 771 1573 914 1618; x_wconf 91' lang='lat' dir='ltr'><strong>sese</strong></span> <span class='ocrx_word' id='word_1_80' title='bbox 942 1549 1012 1616; x_wconf 90' lang='lat' dir='ltr'><strong>in</strong></span> <span class='ocrx_word' id='word_1_81' title='bbox 1048 1562 1312 1616; x_wconf 87' lang='lat' dir='ltr'><strong>montes</strong></span> <span class='ocrx_word' id='word_1_82' title='bbox 1346 1549 1689 1642; x_wconf 84' lang='lat' dir='ltr'><strong>proximos</strong></span> <span class='ocrx_word' id='word_1_83' title='bbox 1722 1547 2102 1616; x_wconf 78' lang='lat' dir='ltr'><strong>conferunt</strong></span> <span class='ocrx_word' id='word_1_84' title='bbox 2128 1549 2277 1616; x_wconf 86' lang='lat' dir='ltr'><strong>Hoc</strong></span> <span class='ocrx_word' id='word_1_85' title='bbox 2305 1571 2547 1642; x_wconf 78' lang='lat' dir='ltr'><strong>pugnae</strong></span> <span class='ocrx_word' id='word_1_86' title='bbox 2584 1560 2763 1616; x_wconf 81' lang='lat' dir='ltr'><strong>tem-</strong></span> 
     </span>
     <span class='ocr_line' id='line_1_12' title="bbox 605 1652 2763 1752; baseline -0 -28"><span class='ocrx_word' id='word_1_87' title='bbox 605 1681 736 1752; x_wconf 85' lang='lat' dir='ltr'><strong>pus</strong></span> <span class='ocrx_word' id='word_1_88' title='bbox 768 1679 1090 1749; x_wconf 80' lang='lat' dir='ltr'><strong>magnum</strong></span> <span class='ocrx_word' id='word_1_89' title='bbox 1127 1652 1350 1723; x_wconf 89' lang='lat' dir='ltr'><strong>attulit</strong></span> <span class='ocrx_word' id='word_1_90' title='bbox 1384 1655 1631 1722; x_wconf 87' lang='lat' dir='ltr'><strong>nostris</strong></span> <span class='ocrx_word' id='word_1_91' title='bbox 1657 1652 1743 1722; x_wconf 87' lang='lat' dir='ltr'><strong>ad</strong></span> <span class='ocrx_word' id='word_1_92' title='bbox 1772 1653 2053 1722; x_wconf 84' lang='lat' dir='ltr'><strong>salutem</strong></span> <span class='ocrx_word' id='word_1_93' title='bbox 2085 1668 2508 1724; x_wconf 69' lang='lat' dir='ltr'><strong>momentum</strong></span> <span class='ocrx_word' id='word_1_94' title='bbox 2534 1679 2550 1721; x_wconf 76' lang='grc' dir='ltr'><em>τ</em></span> <span class='ocrx_word' id='word_1_95' title='bbox 2582 1655 2763 1724; x_wconf 77' lang='lat' dir='ltr'><strong>nacti</strong></span> 
     </span>
     <span class='ocr_line' id='line_1_13' title="bbox 606 1759 2763 1856; baseline -0.001 -24"><span class='ocrx_word' id='word_1_96' title='bbox 606 1764 784 1832; x_wconf 85' lang='lat' dir='ltr'><strong>enim</strong></span> <span class='ocrx_word' id='word_1_97' title='bbox 816 1761 1103 1856; x_wconf 84' lang='lat' dir='ltr'><strong>spatium</strong></span> <span class='ocrx_word' id='word_1_98' title='bbox 1120 1814 1141 1849; x_wconf 89' lang='lat'>‚</span> <span class='ocrx_word' id='word_1_99' title='bbox 1167 1785 1238 1829; x_wconf 91' lang='lat' dir='ltr'><strong>se</strong></span> <span class='ocrx_word' id='word_1_100' title='bbox 1270 1762 1340 1828; x_wconf 91' lang='lat' dir='ltr'><strong>in</strong></span> <span class='ocrx_word' id='word_1_101' title='bbox 1375 1759 1528 1832; x_wconf 88' lang='lat' dir='ltr'><strong>loca</strong></span> <span class='ocrx_word' id='word_1_102' title='bbox 1552 1761 1898 1856; x_wconf 83' lang='lat' dir='ltr'><strong>superiora</strong></span> <span class='ocrx_word' id='word_1_103' title='bbox 1931 1775 2350 1855; x_wconf 87' lang='lat' dir='ltr'><strong>receperunt.</strong></span> <span class='ocrx_word' id='word_1_104' title='bbox 2387 1760 2763 1830; x_wconf 75' lang='lat' dir='ltr'><strong>Desidet-ati</strong></span> 
     </span>
     <span class='ocr_line' id='line_1_14' title="bbox 607 1861 2763 1962; baseline -0 -24"><span class='ocrx_word' id='word_1_105' title='bbox 607 1883 766 1938; x_wconf 84' lang='lat' dir='ltr'><strong>sunt</strong></span> <span class='ocrx_word' id='word_1_106' title='bbox 789 1893 871 1937; x_wconf 92' lang='lat' dir='ltr'><strong>eo</strong></span> <span class='ocrx_word' id='word_1_107' title='bbox 897 1867 1004 1935; x_wconf 88' lang='lat' dir='ltr'><strong>die</strong></span> <span class='ocrx_word' id='word_1_108' title='bbox 1037 1868 1360 1962; x_wconf 84' lang='lat' dir='ltr'><strong>sagittarii</strong></span> <span class='ocrx_word' id='word_1_109' title='bbox 1395 1867 1659 1936; x_wconf 79' lang='lat' dir='ltr'><strong>circiter</strong></span> <span class='ocrx_word' id='word_1_110' title='bbox 1696 1868 1815 1936; x_wconf 88' lang='lat' dir='ltr'><strong>CC</strong></span> <span class='ocrx_word' id='word_1_111' title='bbox 1831 1922 1852 1957; x_wconf 88' lang='lat'>‚</span> <span class='ocrx_word' id='word_1_112' title='bbox 1888 1869 2141 1962; x_wconf 80' lang='lat' dir='ltr'><strong>equites</strong></span> <span class='ocrx_word' id='word_1_113' title='bbox 2180 1861 2419 1962; x_wconf 69' lang='lat' dir='ltr'><strong>pauci,</strong></span> <span class='ocrx_word' id='word_1_114' title='bbox 2448 1865 2763 1938; x_wconf 81' lang='lat' dir='ltr'><strong>calonum</strong></span> 
     </span>
     <span class='ocr_line' id='line_1_15' title="bbox 607 1973 2359 2069; baseline 0.001 -27"><span class='ocrx_word' id='word_1_115' title='bbox 607 1989 810 2069; x_wconf 85' lang='lat' dir='ltr'><strong>atque</strong></span> <span class='ocrx_word' id='word_1_116' title='bbox 847 1973 1480 2069; x_wconf 87' lang='lat' dir='ltr'><strong>impedimentorum</strong></span> <span class='ocrx_word' id='word_1_117' title='bbox 1525 1999 1663 2042; x_wconf 90' lang='lat' dir='ltr'><strong>non</strong></span> <span class='ocrx_word' id='word_1_118' title='bbox 1700 1999 1983 2069; x_wconf 83' lang='lat' dir='ltr'><strong>magnus</strong></span> <span class='ocrx_word' id='word_1_119' title='bbox 2020 1997 2359 2044; x_wconf 85' lang='lat' dir='ltr'><strong>numerus.</strong></span> 
     </span>
    </p>

    <p class='ocr_par' dir='ltr' id='par_1_3' title="bbox 605 2079 2763 2390">
     <span class='ocr_line' id='line_1_16' title="bbox 707 2079 2763 2175; baseline 0 -25"><span class='ocrx_word' id='word_1_120' title='bbox 707 2083 866 2162; x_wconf 85' lang='lat' dir='ltr'><strong>LII.</strong></span> <span class='ocrx_word' id='word_1_121' title='bbox 904 2083 1025 2150; x_wconf 88' lang='lat' dir='ltr'><strong>His</strong></span> <span class='ocrx_word' id='word_1_122' title='bbox 1069 2095 1294 2150; x_wconf 86' lang='lat' dir='ltr'><strong>tamen</strong></span> <span class='ocrx_word' id='word_1_123' title='bbox 1329 2081 1638 2150; x_wconf 89' lang='lat' dir='ltr'><strong>omnibus</strong></span> <span class='ocrx_word' id='word_1_124' title='bbox 1654 2079 1673 2103; x_wconf 87' lang='lat'><em>¹</em></span> <span class='ocrx_word' id='word_1_125' title='bbox 1704 2105 1973 2150; x_wconf 87' lang='lat' dir='ltr'><strong>annona</strong></span> <span class='ocrx_word' id='word_1_126' title='bbox 2009 2082 2257 2150; x_wconf 80' lang='lat' dir='ltr'><strong>crevit:</strong></span> <span class='ocrx_word' id='word_1_127' title='bbox 2294 2105 2443 2175; x_wconf 83' lang='lat' dir='ltr'><strong>quae</strong></span> <span class='ocrx_word' id='word_1_128' title='bbox 2478 2081 2619 2149; x_wconf 81' lang='lat' dir='ltr'><strong>fere</strong></span> <span class='ocrx_word' id='word_1_129' title='bbox 2654 2105 2763 2150; x_wconf 84' lang='lat' dir='ltr'><strong>res</strong></span> 
     </span>
     <span class='ocr_line' id='line_1_17' title="bbox 605 2185 2763 2283; baseline 0.001 -27"><span class='ocrx_word' id='word_1_130' title='bbox 605 2212 746 2256; x_wconf 89' lang='lat' dir='ltr'><strong>non</strong></span> <span class='ocrx_word' id='word_1_131' title='bbox 797 2185 1014 2256; x_wconf 90' lang='lat' dir='ltr'><strong>solum</strong></span> <span class='ocrx_word' id='word_1_132' title='bbox 1066 2188 1290 2282; x_wconf 86' lang='lat' dir='ltr'><strong>inopia</strong></span> <span class='ocrx_word' id='word_1_133' title='bbox 1340 2189 1683 2283; x_wconf 84' lang='lat' dir='ltr'><strong>praesentis</strong></span> <span class='ocrx_word' id='word_1_134' title='bbox 1702 2243 1721 2275; x_wconf 86' lang='lat'>‚</span> <span class='ocrx_word' id='word_1_135' title='bbox 1772 2187 1890 2257; x_wconf 88' lang='lat' dir='ltr'><strong>sed</strong></span> <span class='ocrx_word' id='word_1_136' title='bbox 1945 2189 2146 2256; x_wconf 83' lang='lat' dir='ltr'><strong>etiam</strong></span> <span class='ocrx_word' id='word_1_137' title='bbox 2190 2186 2399 2256; x_wconf 89' lang='lat' dir='ltr'><strong>futuri</strong></span> <span class='ocrx_word' id='word_1_138' title='bbox 2441 2189 2763 2282; x_wconf 88' lang='lat' dir='ltr'><strong>temporis</strong></span> 
     </span>
     <span class='ocr_line' id='line_1_18' title="bbox 605 2293 2762 2390; baseline 0 -28"><span class='ocrx_word' id='word_1_139' title='bbox 605 2295 846 2364; x_wconf 88' lang='lat' dir='ltr'><strong>timore</strong></span> <span class='ocrx_word' id='word_1_140' title='bbox 881 2296 1343 2388; x_wconf 84' lang='lat' dir='ltr'><strong>ingravescere</strong></span> <span class='ocrx_word' id='word_1_141' title='bbox 1378 2297 1743 2366; x_wconf 85' lang='lat' dir='ltr'><strong>consuevit.</strong></span> <span class='ocrx_word' id='word_1_142' title='bbox 1781 2298 2063 2390; x_wconf 83' lang='lat' dir='ltr'><strong>Jamque</strong></span> <span class='ocrx_word' id='word_1_143' title='bbox 2090 2294 2177 2364; x_wconf 83' lang='lat' dir='ltr'><strong>ad</strong></span> <span class='ocrx_word' id='word_1_144' title='bbox 2210 2294 2519 2364; x_wconf 85' lang='lat' dir='ltr'><strong>denarios</strong></span> <span class='ocrx_word' id='word_1_145' title='bbox 2547 2293 2669 2385; x_wconf 71' lang='lat' dir='ltr'><strong>L2,</strong></span> <span class='ocrx_word' id='word_1_146' title='bbox 2691 2296 2762 2364; x_wconf 90' lang='lat' dir='ltr'><strong>in</strong></span> 
     </span>
    </p>
   </div>
   <div class='ocr_carea' id='block_1_3' title="bbox 591 2524 1639 4197">
    <p class='ocr_par' dir='ltr' id='par_1_4' title="bbox 591 2524 1638 4197">
     <span class='ocr_line' id='line_1_19' title="bbox 687 2524 1633 2581; baseline -0.004 -2"><span class='ocrx_word' id='word_1_147' title='bbox 687 2525 817 2581; x_wconf 67' lang='lat' dir='ltr'><strong>Cu».</strong></span> <span class='ocrx_word' id='word_1_148' title='bbox 849 2524 969 2577; x_wconf 88' lang='lat' dir='ltr'><strong>LII.</strong></span> <span class='ocrx_word' id='word_1_149' title='bbox 1007 2543 1055 2577; x_wconf 74' lang='grc' dir='ltr'><strong>ι.</strong></span> <span class='ocrx_word' id='word_1_150' title='bbox 1088 2524 1186 2575; x_wconf 78' lang='lat' dir='ltr'><strong>His</strong></span> <span class='ocrx_word' id='word_1_151' title='bbox 1215 2536 1372 2575; x_wconf 83' lang='lat' dir='ltr'><strong>tamen</strong></span> <span class='ocrx_word' id='word_1_152' title='bbox 1399 2524 1633 2577; x_wconf 73' lang='lat' dir='ltr'><strong>omnibus.</strong></span> 
     </span>
     <span class='ocr_line' id='line_1_20' title="bbox 605 2602 1637 2659; baseline -0.002 -1"><span class='ocrx_word' id='word_1_153' title='bbox 605 2605 725 2659; x_wconf 80' lang='lat' dir='ltr'><strong>Nic.</strong></span> <span class='ocrx_word' id='word_1_154' title='bbox 757 2602 1106 2659; x_wconf 86' lang='lat' dir='ltr'><strong>Hallebodius</strong></span> <span class='ocrx_word' id='word_1_155' title='bbox 1135 2616 1190 2655; x_wconf 88' lang='lat' dir='ltr'><strong>et</strong></span> <span class='ocrx_word' id='word_1_156' title='bbox 1214 2604 1306 2656; x_wconf 87' lang='lat' dir='ltr'><strong>Fr.</strong></span> <span class='ocrx_word' id='word_1_157' title='bbox 1336 2604 1637 2656; x_wconf 85' lang='lat' dir='ltr'><strong>Hotmanus</strong></span> 
     </span>
     <span class='ocr_line' id='line_1_21' title="bbox 593 2682 1637 2757; baseline -0.002 -20"><span class='ocrx_word' id='word_1_158' title='bbox 593 2697 876 2757; x_wconf 34' lang='lat' dir='ltr'><strong>‘reponunt</strong></span> <span class='ocrx_word' id='word_1_159' title='bbox 916 2682 990 2735; x_wconf 78' lang='lat' dir='ltr'><strong>his</strong></span> <span class='ocrx_word' id='word_1_160' title='bbox 1021 2697 1120 2735; x_wconf 82' lang='lat' dir='ltr'><strong>tum</strong></span> <span class='ocrx_word' id='word_1_161' title='bbox 1155 2682 1384 2735; x_wconf 78' lang='lat' dir='ltr'><strong>omnibus.</strong></span> <span class='ocrx_word' id='word_1_162' title='bbox 1419 2682 1524 2736; x_wconf 81' lang='lat' dir='ltr'><strong>sed</strong></span> <span class='ocrx_word' id='word_1_163' title='bbox 1560 2683 1637 2736; x_wconf 90' lang='lat' dir='ltr'><strong>nil</strong></span> 
     </span>
     <span class='ocr_line' id='line_1_22' title="bbox 604 2762 1637 2828; baseline 0 -11"><span class='ocrx_word' id='word_1_164' title='bbox 604 2763 963 2828; x_wconf 81' lang='lat' dir='ltr'><strong>mutandum3</strong></span> <span class='ocrx_word' id='word_1_165' title='bbox 999 2780 1126 2816; x_wconf 79' lang='lat' dir='ltr'><strong>nam</strong></span> <span class='ocrx_word' id='word_1_166' title='bbox 1163 2774 1320 2814; x_wconf 81' lang='lat' dir='ltr'><strong>tamen</strong></span> <span class='ocrx_word' id='word_1_167' title='bbox 1359 2764 1450 2817; x_wconf 83' lang='lat' dir='ltr'><strong>bic</strong></span> <span class='ocrx_word' id='word_1_168' title='bbox 1491 2762 1637 2817; x_wconf 85' lang='lat' dir='ltr'><strong>idem</strong></span> 
     </span>
     <span class='ocr_line' id='line_1_23' title="bbox 605 2843 1637 2915; baseline -0.002 -18"><span class='ocrx_word' id='word_1_169' title='bbox 605 2844 826 2898; x_wconf 80' lang='lat' dir='ltr'><strong>denotat</strong></span> <span class='ocrx_word' id='word_1_170' title='bbox 856 2864 916 2897; x_wconf 87' lang='lat' dir='ltr'><strong>ac</strong></span> <span class='ocrx_word' id='word_1_171' title='bbox 943 2845 1172 2909; x_wconf 75' lang='lat' dir='ltr'><strong>tandem,</strong></span> <span class='ocrx_word' id='word_1_172' title='bbox 1191 2845 1344 2915; x_wconf 74' lang='lat' dir='ltr'><strong>cujus</strong></span> <span class='ocrx_word' id='word_1_173' title='bbox 1372 2843 1637 2915; x_wconf 75' lang='lat' dir='ltr'><strong>significa-</strong></span> 
     </span>
     <span class='ocr_line' id='line_1_24' title="bbox 605 2920 1633 2994; baseline -0.001 -18"><span class='ocrx_word' id='word_1_174' title='bbox 605 2924 768 2993; x_wconf 76' lang='lat' dir='ltr'><strong>tionis</strong></span> <span class='ocrx_word' id='word_1_175' title='bbox 813 2924 1057 2994; x_wconf 84' lang='lat' dir='ltr'><strong>exempla</strong></span> <span class='ocrx_word' id='word_1_176' title='bbox 1091 2920 1338 2976; x_wconf 78' lang='lat' dir='ltr'><strong>dedimus</strong></span> <span class='ocrx_word' id='word_1_177' title='bbox 1362 2922 1458 2975; x_wconf 90' lang='lat' dir='ltr'><strong>lib.</strong></span> <span class='ocrx_word' id='word_1_178' title='bbox 1489 2941 1633 2982; x_wconf 77' lang='lat' dir='ltr'><strong>vut,</strong></span> 
     </span>
     <span class='ocr_line' id='line_1_25' title="bbox 604 3001 1639 3071; baseline -0.002 -14"><span class='ocrx_word' id='word_1_179' title='bbox 604 3004 736 3057; x_wconf 88' lang='lat' dir='ltr'><strong>Bell.</strong></span> <span class='ocrx_word' id='word_1_180' title='bbox 769 3002 908 3056; x_wconf 83' lang='lat' dir='ltr'><strong>Gall.</strong></span> <span class='ocrx_word' id='word_1_181' title='bbox 937 3022 984 3056; x_wconf 90' lang='lat' dir='ltr'><strong>c.</strong></span> <span class='ocrx_word' id='word_1_182' title='bbox 1021 3022 1111 3071; x_wconf 85' lang='lat'><strong>19.</strong></span> <span class='ocrx_word' id='word_1_183' title='bbox 1137 3003 1322 3055; x_wconf 69' lang='lat' dir='ltr'><strong>DAvrs.</strong></span> <span class='ocrx_word' id='word_1_184' title='bbox 1353 3001 1488 3057; x_wconf 86' lang='lat' dir='ltr'><strong>Cod.</strong></span> <span class='ocrx_word' id='word_1_185' title='bbox 1518 3022 1639 3055; x_wconf 87' lang='lat' dir='ltr'><strong>nos-</strong></span> 
     </span>
     <span class='ocr_line' id='line_1_26' title="bbox 603 3078 1637 3153; baseline -0.001 -16"><span class='ocrx_word' id='word_1_186' title='bbox 603 3096 688 3137; x_wconf 86' lang='lat' dir='ltr'><strong>ter</strong></span> <span class='ocrx_word' id='word_1_187' title='bbox 725 3084 792 3135; x_wconf 82' lang='lat' dir='ltr'><strong>R.</strong></span> <span class='ocrx_word' id='word_1_188' title='bbox 833 3083 1018 3153; x_wconf 85' lang='lat'><strong>5768,</strong></span> <span class='ocrx_word' id='word_1_189' title='bbox 1051 3084 1156 3134; x_wconf 79' lang='lat' dir='ltr'><strong>hoec</strong></span> <span class='ocrx_word' id='word_1_190' title='bbox 1189 3094 1344 3135; x_wconf 82' lang='lat' dir='ltr'><strong>tamen</strong></span> <span class='ocrx_word' id='word_1_191' title='bbox 1367 3087 1528 3135; x_wconf 77' lang='lat' dir='ltr'><strong>omnia</strong></span> <span class='ocrx_word' id='word_1_192' title='bbox 1554 3078 1637 3145; x_wconf 88' lang='lat' dir='ltr'><strong>(et</strong></span> 
     </span>
     <span class='ocr_line' id='line_1_27' title="bbox 605 3160 1638 3234; baseline -0.004 -18"><span class='ocrx_word' id='word_1_193' title='bbox 605 3165 664 3216; x_wconf 87' lang='lat' dir='ltr'><strong>in</strong></span> <span class='ocrx_word' id='word_1_194' title='bbox 683 3164 922 3234; x_wconf 83' lang='lat' dir='ltr'><strong>margine</strong></span> <span class='ocrx_word' id='word_1_195' title='bbox 943 3160 1273 3227; x_wconf 78' lang='lat' dir='ltr'><strong>incommoda)</strong></span> <span class='ocrx_word' id='word_1_196' title='bbox 1296 3182 1488 3215; x_wconf 84' lang='lat' dir='ltr'><strong>annona</strong></span> <span class='ocrx_word' id='word_1_197' title='bbox 1506 3183 1638 3213; x_wconf 80' lang='lat' dir='ltr'><strong>crea-</strong></span> 
     </span>
     <span class='ocr_line' id='line_1_28' title="bbox 607 3242 1635 3299; baseline -0.003 0"><span class='ocrx_word' id='word_1_198' title='bbox 607 3248 689 3299; x_wconf 70' lang='lat' dir='ltr'><strong>vit.</strong></span> <span class='ocrx_word' id='word_1_199' title='bbox 712 3242 866 3297; x_wconf 86' lang='lat' dir='ltr'><strong>Idem</strong></span> <span class='ocrx_word' id='word_1_200' title='bbox 885 3242 1458 3297; x_wconf 76' lang='lat' dir='ltr'><strong>Carr.‘codex.--Non</strong></span> <span class='ocrx_word' id='word_1_201' title='bbox 1482 3243 1635 3296; x_wconf 72' lang='lat' dir='ltr'><strong>solam</strong></span> 
     </span>
     <span class='ocr_line' id='line_1_29' title="bbox 603 3321 1637 3395; baseline -0.002 -18"><span class='ocrx_word' id='word_1_202' title='bbox 603 3326 769 3395; x_wconf 73' lang='lat' dir='ltr'><strong>inopia</strong></span> <span class='ocrx_word' id='word_1_203' title='bbox 783 3326 1058 3395; x_wconf 46' lang='lat' dir='ltr'><strong>‘praesentia</strong></span> <span class='ocrx_word' id='word_1_204' title='bbox 1086 3325 1172 3377; x_wconf 72' lang='lat' dir='ltr'><strong>Ita</strong></span> <span class='ocrx_word' id='word_1_205' title='bbox 1195 3321 1354 3376; x_wconf 84' lang='lat' dir='ltr'><strong>codd.</strong></span> <span class='ocrx_word' id='word_1_206' title='bbox 1383 3322 1556 3375; x_wconf 81' lang='lat' dir='ltr'><strong>nostri</strong></span> <span class='ocrx_word' id='word_1_207' title='bbox 1582 3335 1637 3375; x_wconf 84' lang='lat' dir='ltr'><strong>et</strong></span> 
     </span>
     <span class='ocr_line' id='line_1_30' title="bbox 601 3401 1636 3475; baseline -0.003 -18"><span class='ocrx_word' id='word_1_208' title='bbox 601 3405 696 3457; x_wconf 79' lang='lat' dir='ltr'><strong>alii</strong></span> <span class='ocrx_word' id='word_1_209' title='bbox 718 3404 928 3475; x_wconf 82' lang='lat' dir='ltr'><strong>optimi.</strong></span> <span class='ocrx_word' id='word_1_210' title='bbox 949 3403 1214 3457; x_wconf 81' lang='lat' dir='ltr'><strong>Nonnulli</strong></span> <span class='ocrx_word' id='word_1_211' title='bbox 1239 3401 1488 3455; x_wconf 82' lang='lat' dir='ltr'><strong>ordinem</strong></span> <span class='ocrx_word' id='word_1_212' title='bbox 1513 3420 1636 3456; x_wconf 84' lang='lat' dir='ltr'><strong>ver-</strong></span> 
     </span>
     <span class='ocr_line' id='line_1_31' title="bbox 601 3484 1636 3555; baseline -0.002 -18"><span class='ocrx_word' id='word_1_213' title='bbox 601 3484 798 3539; x_wconf 87' lang='lat' dir='ltr'><strong>borum</strong></span> <span class='ocrx_word' id='word_1_214' title='bbox 820 3496 1030 3537; x_wconf 82' lang='lat' dir='ltr'><strong>mutant</strong></span> <span class='ocrx_word' id='word_1_215' title='bbox 1039 3522 1058 3549; x_wconf 81' lang='lat'>‚</span> <span class='ocrx_word' id='word_1_216' title='bbox 1071 3497 1125 3537; x_wconf 83' lang='lat' dir='ltr'><strong>et</strong></span> <span class='ocrx_word' id='word_1_217' title='bbox 1142 3484 1326 3555; x_wconf 80' lang='lat' dir='ltr'><strong>legunt</strong></span> <span class='ocrx_word' id='word_1_218' title='bbox 1341 3501 1354 3535; x_wconf 77' lang='grc' dir='ltr'>ε</span> <span class='ocrx_word' id='word_1_219' title='bbox 1371 3502 1468 3535; x_wconf 76' lang='lat' dir='ltr'><strong>non</strong></span> <span class='ocrx_word' id='word_1_220' title='bbox 1481 3484 1636 3535; x_wconf 70' lang='lat' dir='ltr'><strong>solum</strong></span> 
     </span>
     <span class='ocr_line' id='line_1_32' title="bbox 591 3562 1636 3636; baseline -0.001 -20"><span class='ocrx_word' id='word_1_221' title='bbox 591 3567 847 3636; x_wconf 65' lang='lat' dir='ltr'><strong>praesentis</strong></span> <span class='ocrx_word' id='word_1_222' title='bbox 894 3569 1076 3635; x_wconf 55' lang='lat' dir='ltr'><strong>inopia.</strong></span> <span class='ocrx_word' id='word_1_223' title='bbox 1127 3564 1304 3628; x_wconf 74' lang='lat' dir='ltr'><strong>Quam</strong></span> <span class='ocrx_word' id='word_1_224' title='bbox 1350 3562 1636 3615; x_wconf 86' lang='lat' dir='ltr'><strong>lectionem</strong></span> 
     </span>
     <span class='ocr_line' id='line_1_33' title="bbox 605 3642 1635 3715; baseline -0.004 -17"><span class='ocrx_word' id='word_1_225' title='bbox 605 3645 816 3698; x_wconf 84' lang='lat' dir='ltr'><strong>Clarck.</strong></span> <span class='ocrx_word' id='word_1_226' title='bbox 847 3657 901 3697; x_wconf 89' lang='lat' dir='ltr'><strong>et</strong></span> <span class='ocrx_word' id='word_1_227' title='bbox 933 3642 1285 3715; x_wconf 82' lang='lat' dir='ltr'><strong>Oudendorp.</strong></span> <span class='ocrx_word' id='word_1_228' title='bbox 1317 3643 1599 3714; x_wconf 82' lang='lat' dir='ltr'><strong>probatam</strong></span> <span class='ocrx_word' id='word_1_229' title='bbox 1616 3680 1635 3709; x_wconf 85' lang='lat'><strong>,</strong></span> 
     </span>
     <span class='ocr_line' id='line_1_34' title="bbox 600 3720 1638 3795; baseline -0.001 -18"><span class='ocrx_word' id='word_1_230' title='bbox 600 3742 772 3795; x_wconf 86' lang='lat' dir='ltr'><strong>quum</strong></span> <span class='ocrx_word' id='word_1_231' title='bbox 798 3724 972 3778; x_wconf 88' lang='lat' dir='ltr'><strong>Ciacc.</strong></span> <span class='ocrx_word' id='word_1_232' title='bbox 993 3736 1046 3777; x_wconf 81' lang='lat' dir='ltr'><strong>et</strong></span> <span class='ocrx_word' id='word_1_233' title='bbox 1067 3723 1247 3776; x_wconf 70' lang='lat' dir='ltr'><strong>Davis.</strong></span> <span class='ocrx_word' id='word_1_234' title='bbox 1264 3722 1428 3793; x_wconf 82' lang='lat' dir='ltr'><strong>paulo</strong></span> <span class='ocrx_word' id='word_1_235' title='bbox 1453 3720 1638 3776; x_wconf 87' lang='lat' dir='ltr'><strong>durio-</strong></span> 
     </span>
     <span class='ocr_line' id='line_1_35' title="bbox 597 3802 1636 3869; baseline 0 -12"><span class='ocrx_word' id='word_1_236' title='bbox 597 3823 716 3857; x_wconf 88' lang='lat' dir='ltr'><strong>rem</strong></span> <span class='ocrx_word' id='word_1_237' title='bbox 745 3804 1050 3857; x_wconf 81' lang='lat' dir='ltr'><strong>censuerint</strong></span> <span class='ocrx_word' id='word_1_238' title='bbox 1067 3844 1084 3869; x_wconf 86' lang='lat'><em>,</em></span> <span class='ocrx_word' id='word_1_239' title='bbox 1109 3804 1199 3857; x_wconf 90' lang='lat' dir='ltr'><strong>ille</strong></span> <span class='ocrx_word' id='word_1_240' title='bbox 1225 3802 1422 3855; x_wconf 82' lang='lat' dir='ltr'><strong>delevit</strong></span> <span class='ocrx_word' id='word_1_241' title='bbox 1448 3822 1636 3857; x_wconf 80' lang='lat' dir='ltr'><strong>vocem</strong></span> 
     </span>
     <span class='ocr_line' id='line_1_36' title="bbox 599 3881 1637 3955; baseline 0 -19"><span class='ocrx_word' id='word_1_242' title='bbox 599 3888 763 3955; x_wconf 80' lang='lat' dir='ltr'><strong>inopia</strong></span> <span class='ocrx_word' id='word_1_243' title='bbox 775 3906 797 3947; x_wconf 90' lang='lat'><strong>‚·</strong></span> <span class='ocrx_word' id='word_1_244' title='bbox 812 3885 903 3937; x_wconf 76' lang='lat' dir='ltr'><strong>hic</strong></span> <span class='ocrx_word' id='word_1_245' title='bbox 921 3903 1050 3938; x_wconf 79' lang='lat' dir='ltr'><strong>vero</strong></span> <span class='ocrx_word' id='word_1_246' title='bbox 1067 3922 1084 3951; x_wconf 91' lang='lat'>‚</span> <span class='ocrx_word' id='word_1_247' title='bbox 1107 3900 1214 3935; x_wconf 84' lang='lat' dir='ltr'><strong>una</strong></span> <span class='ocrx_word' id='word_1_248' title='bbox 1234 3883 1472 3935; x_wconf 71' lang='lat' dir='ltr'><strong>litterula</strong></span> <span class='ocrx_word' id='word_1_249' title='bbox 1489 3881 1637 3936; x_wconf 88' lang='lat' dir='ltr'><strong>dem·</strong></span> 
     </span>
     <span class='ocr_line' id='line_1_37' title="bbox 597 3964 1631 4036; baseline 0.003 -20"><span class='ocrx_word' id='word_1_250' title='bbox 597 3976 652 4017; x_wconf 80' lang='lat' dir='ltr'><strong>ta</strong></span> <span class='ocrx_word' id='word_1_251' title='bbox 669 4001 686 4029; x_wconf 79' lang='lat'>‚</span> <span class='ocrx_word' id='word_1_252' title='bbox 709 3964 837 4036; x_wconf 85' lang='lat' dir='ltr'><strong>legit</strong></span> <span class='ocrx_word' id='word_1_253' title='bbox 861 3981 875 4017; x_wconf 91' lang='lat'><strong>:</strong></span> <span class='ocrx_word' id='word_1_254' title='bbox 907 3983 1004 4015; x_wconf 83' lang='lat' dir='ltr'><strong>non</strong></span> <span class='ocrx_word' id='word_1_255' title='bbox 1023 3965 1177 4015; x_wconf 75' lang='lat' dir='ltr'><strong>solum</strong></span> <span class='ocrx_word' id='word_1_256' title='bbox 1205 3966 1368 4035; x_wconf 73' lang='lat' dir='ltr'><strong>inopia</strong></span> <span class='ocrx_word' id='word_1_257' title='bbox 1382 3968 1631 4035; x_wconf 69' lang='lat' dir='ltr'><strong>praesenti.</strong></span> 
     </span>
     <span class='ocr_line' id='line_1_38' title="bbox 595 4042 1634 4115; baseline 0.001 -18"><span class='ocrx_word' id='word_1_258' title='bbox 595 4042 703 4097; x_wconf 90' lang='lat' dir='ltr'><strong>Sed</strong></span> <span class='ocrx_word' id='word_1_259' title='bbox 739 4064 909 4115; x_wconf 87' lang='lat' dir='ltr'><strong>quum</strong></span> <span class='ocrx_word' id='word_1_260' title='bbox 939 4042 1190 4097; x_wconf 86' lang='lat' dir='ltr'><strong>codicum</strong></span> <span class='ocrx_word' id='word_1_261' title='bbox 1228 4063 1410 4097; x_wconf 81' lang='lat' dir='ltr'><strong>sensus</strong></span> <span class='ocrx_word' id='word_1_262' title='bbox 1449 4063 1549 4115; x_wconf 75' lang='lat' dir='ltr'><strong>per</strong></span> <span class='ocrx_word' id='word_1_263' title='bbox 1578 4064 1634 4099; x_wconf 78' lang='lat' dir='ltr'><strong>se</strong></span> 
     </span>
     <span class='ocr_line' id='line_1_39' title="bbox 595 4122 1634 4197; baseline 0.002 -20"><span class='ocrx_word' id='word_1_264' title='bbox 595 4125 792 4195; x_wconf 81' lang='lat' dir='ltr'><strong>planus</strong></span> <span class='ocrx_word' id='word_1_265' title='bbox 823 4137 876 4179; x_wconf 89' lang='lat' dir='ltr'><strong>et</strong></span> <span class='ocrx_word' id='word_1_266' title='bbox 897 4136 1112 4197; x_wconf 73' lang='lat' dir='ltr'><strong>apertus</strong></span> <span class='ocrx_word' id='word_1_267' title='bbox 1139 4124 1234 4190; x_wconf 47' lang='lat' dir='ltr'><strong>sitss</strong></span> <span class='ocrx_word' id='word_1_268' title='bbox 1256 4122 1391 4195; x_wconf 89' lang='lat' dir='ltr'><strong>quid</strong></span> <span class='ocrx_word' id='word_1_269' title='bbox 1416 4124 1490 4179; x_wconf 79' lang='lat' dir='ltr'><strong>ita</strong></span> <span class='ocrx_word' id='word_1_270' title='bbox 1522 4136 1634 4179; x_wconf 80' lang='lat' dir='ltr'><strong>tex-</strong></span> 
     </span>
    </p>
   </div>
   <div class='ocr_carea' id='block_1_4' title="bbox 1719 2522 2761 4199">
    <p class='ocr_par' dir='ltr' id='par_1_5' title="bbox 1719 2522 2761 4199">
     <span class='ocr_line' id='line_1_40' title="bbox 1724 2522 2758 2589; baseline -0.001 -12"><span class='ocrx_word' id='word_1_271' title='bbox 1724 2536 1809 2577; x_wconf 88' lang='lat' dir='ltr'><strong>tus</strong></span> <span class='ocrx_word' id='word_1_272' title='bbox 1840 2536 2079 2577; x_wconf 76' lang='lat' dir='ltr'><strong>mutetur</strong></span> <span class='ocrx_word' id='word_1_273' title='bbox 2124 2536 2179 2578; x_wconf 83' lang='lat' dir='ltr'><strong>et</strong></span> <span class='ocrx_word' id='word_1_274' title='bbox 2220 2522 2523 2589; x_wconf 77' lang='lat' dir='ltr'><strong>recidatur,</strong></span> <span class='ocrx_word' id='word_1_275' title='bbox 2556 2523 2758 2578; x_wconf 84' lang='lat' dir='ltr'><strong>nescio.</strong></span> 
     </span>
     <span class='ocr_line' id='line_1_41' title="bbox 1808 2604 2760 2675; baseline 0 -20"><span class='ocrx_word' id='word_1_276' title='bbox 1808 2624 1859 2655; x_wconf 63' lang='grc' dir='ltr'><strong>α.</strong></span> <span class='ocrx_word' id='word_1_277' title='bbox 1891 2604 1985 2656; x_wconf 84' lang='lat' dir='ltr'><strong>Ad</strong></span> <span class='ocrx_word' id='word_1_278' title='bbox 2002 2605 2223 2655; x_wconf 75' lang='lat' dir='ltr'><strong>denarzos</strong></span> <span class='ocrx_word' id='word_1_279' title='bbox 2244 2605 2306 2656; x_wconf 92' lang='lat' dir='ltr'><strong>L.</strong></span> <span class='ocrx_word' id='word_1_280' title='bbox 2340 2604 2410 2655; x_wconf 86' lang='lat' dir='ltr'><strong>In</strong></span> <span class='ocrx_word' id='word_1_281' title='bbox 2434 2604 2671 2675; x_wconf 83' lang='lat' dir='ltr'><strong>antiquis</strong></span> <span class='ocrx_word' id='word_1_282' title='bbox 2692 2604 2760 2655; x_wconf 88' lang='lat' dir='ltr'><strong>li-</strong></span> 
     </span>
     <span class='ocr_line' id='line_1_42' title="bbox 1722 2665 2759 2749; baseline -0.001 -13"><span class='ocrx_word' id='word_1_283' title='bbox 1722 2682 1876 2749; x_wconf 74' lang='lat' dir='ltr'><strong>bris,</strong></span> <span class='ocrx_word' id='word_1_284' title='bbox 1930 2665 2179 2737; x_wconf 81' lang='lat' dir='ltr'><strong>videlicet</strong></span> <span class='ocrx_word' id='word_1_285' title='bbox 2226 2684 2592 2738; x_wconf 83' lang='lat' dir='ltr'><strong>Romanorum</strong></span> <span class='ocrx_word' id='word_1_286' title='bbox 2644 2702 2759 2736; x_wconf 76' lang='lat' dir='ltr'><strong>oevo</strong></span> 
     </span>
     <span class='ocr_line' id='line_1_43' title="bbox 1723 2762 2757 2835; baseline 0 -19"><span class='ocrx_word' id='word_1_287' title='bbox 1723 2764 1967 2835; x_wconf 82' lang='lat' dir='ltr'><strong>scriptis,</strong></span> <span class='ocrx_word' id='word_1_288' title='bbox 1998 2765 2305 2835; x_wconf 77' lang='lat' dir='ltr'><strong>legebatur·</strong></span> <span class='ocrx_word' id='word_1_289' title='bbox 2332 2762 2623 2829; x_wconf 80' lang='lat' dir='ltr'><strong>IAMQVE</strong></span> <span class='ocrx_word' id='word_1_290' title='bbox 2656 2764 2757 2816; x_wconf 78' lang='lat' dir='ltr'><strong>AD</strong></span> 
     </span>
     <span class='ocr_line' id='line_1_44' title="bbox 1724 2833 2759 2913; baseline 0.002 -18"><span class='ocrx_word' id='word_1_291' title='bbox 1724 2833 1799 2913; x_wconf 66' lang='grc' dir='ltr'>χ</span> <span class='ocrx_word' id='word_1_292' title='bbox 1834 2846 1879 2895; x_wconf 88' lang='lat' dir='ltr'>L</span> <span class='ocrx_word' id='word_1_293' title='bbox 1913 2845 1995 2897; x_wconf 81' lang='grc' dir='ltr'><strong>ΙΝ</strong></span> <span class='ocrx_word' id='word_1_294' title='bbox 2038 2842 2401 2897; x_wconf 71' lang='lat' dir='ltr'><strong>siNGvLos</strong></span> <span class='ocrx_word' id='word_1_295' title='bbox 2438 2843 2759 2909; x_wconf 71' lang='grc' dir='ltr'>Μουιοε,</span> 
     </span>
     <span class='ocr_line' id='line_1_45' title="bbox 1722 2923 2757 2995; baseline 0.002 -20"><span class='ocrx_word' id='word_1_296' title='bbox 1722 2934 1823 2977; x_wconf 89' lang='lat' dir='ltr'><strong>etc.</strong></span> <span class='ocrx_word' id='word_1_297' title='bbox 1840 2923 2030 2995; x_wconf 88' lang='lat' dir='ltr'><strong>,quod</strong></span> <span class='ocrx_word' id='word_1_298' title='bbox 2056 2943 2225 2994; x_wconf 88' lang='lat' dir='ltr'><strong>quum</strong></span> <span class='ocrx_word' id='word_1_299' title='bbox 2257 2942 2369 2975; x_wconf 89' lang='lat' dir='ltr'><strong>non</strong></span> <span class='ocrx_word' id='word_1_300' title='bbox 2394 2924 2757 2994; x_wconf 78' lang='lat' dir='ltr'><strong>intelligerent</strong></span> 
     </span>
     <span class='ocr_line' id='line_1_46' title="bbox 1723 2990 2754 3076; baseline -0.001 -21"><span class='ocrx_word' id='word_1_301' title='bbox 1723 3004 1909 3056; x_wconf 84' lang='lat' dir='ltr'><strong>scribae</strong></span> <span class='ocrx_word' id='word_1_302' title='bbox 1934 3004 2286 3076; x_wconf 62' lang='lat' dir='ltr'><strong>posteriores»,</strong></span> <span class='ocrx_word' id='word_1_303' title='bbox 2316 3022 2419 3075; x_wconf 93' lang='lat' dir='ltr'><strong>pro</strong></span> <span class='ocrx_word' id='word_1_304' title='bbox 2450 2992 2535 3075; x_wconf 62' lang='grc' dir='ltr'>Χ</span> <span class='ocrx_word' id='word_1_305' title='bbox 2560 3002 2646 3055; x_wconf 86' lang='lat' dir='ltr'><strong>vel</strong></span> <span class='ocrx_word' id='word_1_306' title='bbox 2681 2990 2754 3074; x_wconf 56' lang='grc' dir='ltr'><strong>ἒξ</strong></span> 
     </span>
     <span class='ocr_line' id='line_1_47' title="bbox 1721 3082 2759 3154; baseline 0.001 -20"><span class='ocrx_word' id='word_1_307' title='bbox 1721 3097 1849 3136; x_wconf 87' lang='lat' dir='ltr'><strong>nota</strong></span> <span class='ocrx_word' id='word_1_308' title='bbox 1863 3082 2070 3137; x_wconf 84' lang='lat' dir='ltr'><strong>denarii</strong></span> <span class='ocrx_word' id='word_1_309' title='bbox 2093 3084 2356 3153; x_wconf 78' lang='lat' dir='ltr'><strong>argentei,</strong></span> <span class='ocrx_word' id='word_1_310' title='bbox 2374 3101 2493 3154; x_wconf 77' lang='lat' dir='ltr'><strong>quae</strong></span> <span class='ocrx_word' id='word_1_311' title='bbox 2512 3084 2759 3153; x_wconf 83' lang='lat' dir='ltr'><strong>frequen-</strong></span> 
     </span>
     <span class='ocr_line' id='line_1_48' title="bbox 1723 3161 2757 3233; baseline 0 -18"><span class='ocrx_word' id='word_1_312' title='bbox 1723 3161 1829 3215; x_wconf 88' lang='lat' dir='ltr'><strong>tior</strong></span> <span class='ocrx_word' id='word_1_313' title='bbox 1850 3176 1929 3216; x_wconf 89' lang='lat' dir='ltr'><strong>est</strong></span> <span class='ocrx_word' id='word_1_314' title='bbox 1949 3164 2005 3216; x_wconf 90' lang='lat' dir='ltr'><strong>in</strong></span> <span class='ocrx_word' id='word_1_315' title='bbox 2027 3164 2260 3215; x_wconf 86' lang='lat' dir='ltr'><strong>nummis</strong></span> <span class='ocrx_word' id='word_1_316' title='bbox 2278 3164 2539 3233; x_wconf 81' lang='lat' dir='ltr'><strong>argenteis</strong></span> <span class='ocrx_word' id='word_1_317' title='bbox 2559 3181 2757 3215; x_wconf 88' lang='lat' dir='ltr'><strong>consu-</strong></span> 
     </span>
     <span class='ocr_line' id='line_1_49' title="bbox 1720 3238 2757 3315; baseline 0 -20"><span class='ocrx_word' id='word_1_318' title='bbox 1720 3242 1921 3296; x_wconf 79' lang='lat' dir='ltr'><strong>laribus</strong></span> <span class='ocrx_word' id='word_1_319' title='bbox 1938 3238 2069 3306; x_wconf 82' lang='lat' dir='ltr'><strong>(vid.</strong></span> <span class='ocrx_word' id='word_1_320' title='bbox 2083 3242 2279 3315; x_wconf 68' lang='lat' dir='ltr'><strong>passim</strong></span> <span class='ocrx_word' id='word_1_321' title='bbox 2294 3244 2351 3295; x_wconf 87' lang='lat' dir='ltr'><em>V</em></span> <span class='ocrx_word' id='word_1_322' title='bbox 2344 3244 2539 3304; x_wconf 70' lang='lat' dir='ltr'><strong>uillam,</strong></span> <span class='ocrx_word' id='word_1_323' title='bbox 2552 3254 2607 3295; x_wconf 91' lang='lat' dir='ltr'><strong>et</strong></span> <span class='ocrx_word' id='word_1_324' title='bbox 2624 3242 2757 3295; x_wconf 78' lang='lat' dir='ltr'><strong>alios</strong></span> 
     </span>
     <span class='ocr_line' id='line_1_50' title="bbox 1720 3318 2754 3394; baseline 0 -19"><span class='ocrx_word' id='word_1_325' title='bbox 1720 3324 1818 3394; x_wconf 85' lang='lat' dir='ltr'><strong>qui</strong></span> <span class='ocrx_word' id='word_1_326' title='bbox 1844 3322 1913 3375; x_wconf 81' lang='lat' dir='ltr'><strong>de</strong></span> <span class='ocrx_word' id='word_1_327' title='bbox 1942 3342 2003 3376; x_wconf 87' lang='lat' dir='ltr'><strong>re</strong></span> <span class='ocrx_word' id='word_1_328' title='bbox 2028 3324 2328 3375; x_wconf 76' lang='lat' dir='ltr'><strong>nummaria</strong></span> <span class='ocrx_word' id='word_1_329' title='bbox 2352 3322 2681 3393; x_wconf 65' lang='lat' dir='ltr'><strong>scripserunt</strong></span> <span class='ocrx_word' id='word_1_330' title='bbox 2699 3318 2721 3386; x_wconf 95' lang='lat'><em>)</em></span> <span class='ocrx_word' id='word_1_331' title='bbox 2738 3360 2754 3384; x_wconf 86' lang='lat'>,</span> 
     </span>
     <span class='ocr_line' id='line_1_51' title="bbox 1720 3400 2757 3475; baseline -0.002 -20"><span class='ocrx_word' id='word_1_332' title='bbox 1720 3415 2077 3475; x_wconf 82' lang='lat' dir='ltr'><strong>reposuerunt</strong></span> <span class='ocrx_word' id='word_1_333' title='bbox 2090 3404 2324 3455; x_wconf 85' lang='lat' dir='ltr'><strong>litteram</strong></span> <span class='ocrx_word' id='word_1_334' title='bbox 2332 3403 2385 3455; x_wconf 90' lang='lat' dir='ltr'><strong>X</strong></span> <span class='ocrx_word' id='word_1_335' title='bbox 2400 3414 2520 3455; x_wconf 77' lang='lat' dir='ltr'><strong>ante</strong></span> <span class='ocrx_word' id='word_1_336' title='bbox 2533 3404 2595 3460; x_wconf 89' lang='lat' dir='ltr'><strong>L,</strong></span> <span class='ocrx_word' id='word_1_337' title='bbox 2608 3400 2757 3473; x_wconf 86' lang='lat' dir='ltr'><strong>quod</strong></span> 
     </span>
     <span class='ocr_line' id='line_1_52' title="bbox 1721 3482 2755 3555; baseline -0.003 -19"><span class='ocrx_word' id='word_1_338' title='bbox 1721 3484 1887 3537; x_wconf 79' lang='lat' dir='ltr'><strong>efficit</strong></span> <span class='ocrx_word' id='word_1_339' title='bbox 1902 3503 1971 3537; x_wconf 74' lang='lat' dir='ltr'><strong>xi.</strong></span> <span class='ocrx_word' id='word_1_340' title='bbox 1986 3520 2003 3549; x_wconf 87' lang='lat'>‚</span> <span class='ocrx_word' id='word_1_341' title='bbox 2024 3485 2111 3537; x_wconf 74' lang='lat' dir='ltr'><strong>vel</strong></span> <span class='ocrx_word' id='word_1_342' title='bbox 2130 3482 2458 3555; x_wconf 66' lang='lat' dir='ltr'><strong>quadraginta</strong></span> <span class='ocrx_word' id='word_1_343' title='bbox 2474 3502 2495 3535; x_wconf 88' lang='lat'><strong>.·</strong></span> <span class='ocrx_word' id='word_1_344' title='bbox 2516 3483 2591 3537; x_wconf 76' lang='lat' dir='ltr'><strong>ita</strong></span> <span class='ocrx_word' id='word_1_345' title='bbox 2608 3482 2755 3537; x_wconf 86' lang='lat' dir='ltr'><strong>enim</strong></span> 
     </span>
     <span class='ocr_line' id='line_1_53' title="bbox 1720 3561 2761 3627; baseline 0 -12"><span class='ocrx_word' id='word_1_346' title='bbox 1720 3563 1921 3617; x_wconf 71' lang='lat' dir='ltr'><strong>habent</strong></span> <span class='ocrx_word' id='word_1_347' title='bbox 1932 3562 2092 3617; x_wconf 80' lang='lat' dir='ltr'><strong>codd.</strong></span> <span class='ocrx_word' id='word_1_348' title='bbox 2106 3582 2311 3627; x_wconf 72' lang='lat' dir='ltr'><strong>omnes,</strong></span> <span class='ocrx_word' id='word_1_349' title='bbox 2322 3574 2377 3615; x_wconf 88' lang='lat' dir='ltr'><strong>et</strong></span> <span class='ocrx_word' id='word_1_350' title='bbox 2388 3561 2653 3616; x_wconf 77' lang='lat' dir='ltr'><strong>editiones</strong></span> <span class='ocrx_word' id='word_1_351' title='bbox 2665 3580 2761 3615; x_wconf 71' lang='lat' dir='ltr'><strong>an·</strong></span> 
     </span>
     <span class='ocr_line' id='line_1_54' title="bbox 1722 3642 2755 3714; baseline -0.002 -18"><span class='ocrx_word' id='word_1_352' title='bbox 1722 3644 1919 3714; x_wconf 70' lang='lat' dir='ltr'><strong>tiques:</strong></span> <span class='ocrx_word' id='word_1_353' title='bbox 1948 3642 2095 3697; x_wconf 82' lang='lat' dir='ltr'><strong>unde</strong></span> <span class='ocrx_word' id='word_1_354' title='bbox 2137 3644 2402 3697; x_wconf 72' lang='lat' dir='ltr'><strong>Heni-icus</strong></span> <span class='ocrx_word' id='word_1_355' title='bbox 2453 3642 2755 3714; x_wconf 70' lang='lat' dir='ltr'><strong>Stephanus</strong></span> 
     </span>
     <span class='ocr_line' id='line_1_55' title="bbox 1721 3718 2749 3794; baseline -0.002 -17"><span class='ocrx_word' id='word_1_356' title='bbox 1721 3722 1817 3777; x_wconf 78' lang='lat' dir='ltr'><strong>HS</strong></span> <span class='ocrx_word' id='word_1_357' title='bbox 1828 3726 1929 3777; x_wconf 75' lang='lat' dir='ltr'><strong>XL</strong></span> <span class='ocrx_word' id='word_1_358' title='bbox 1946 3724 2132 3777; x_wconf 81' lang='lat' dir='ltr'><strong>scribit</strong></span> <span class='ocrx_word' id='word_1_359' title='bbox 2145 3756 2167 3788; x_wconf 56' lang='grc' dir='ltr'><strong><em>ς</em></strong></span> <span class='ocrx_word' id='word_1_360' title='bbox 2180 3724 2393 3777; x_wconf 81' lang='lat' dir='ltr'><strong>minore</strong></span> <span class='ocrx_word' id='word_1_361' title='bbox 2408 3718 2615 3794; x_wconf 81' lang='lat' dir='ltr'><strong>pretio(</strong></span> <span class='ocrx_word' id='word_1_362' title='bbox 2626 3724 2659 3775; x_wconf 83' lang='lat'><strong>8</strong></span> <span class='ocrx_word' id='word_1_363' title='bbox 2682 3723 2749 3775; x_wconf 79' lang='lat' dir='ltr'><strong>fr.</strong></span> 
     </span>
     <span class='ocr_line' id='line_1_56' title="bbox 1726 3800 2753 3875; baseline -0.002 -18"><span class='ocrx_word' id='word_1_364' title='bbox 1726 3822 1801 3857; x_wconf 73' lang='lat'><strong>20</strong></span> <span class='ocrx_word' id='word_1_365' title='bbox 1828 3800 1907 3869; x_wconf 82' lang='lat' dir='ltr'><strong>c.)</strong></span> <span class='ocrx_word' id='word_1_366' title='bbox 1928 3804 1973 3858; x_wconf 79' lang='lat' dir='ltr'><strong>si</strong></span> <span class='ocrx_word' id='word_1_367' title='bbox 1999 3808 2237 3857; x_wconf 56' lang='lat' dir='ltr'><strong>sestertios</strong></span> <span class='ocrx_word' id='word_1_368' title='bbox 2268 3802 2521 3875; x_wconf 80' lang='lat' dir='ltr'><strong>intelligit</strong></span> <span class='ocrx_word' id='word_1_369' title='bbox 2534 3842 2552 3867; x_wconf 88' lang='lat'>‚</span> <span class='ocrx_word' id='word_1_370' title='bbox 2580 3802 2753 3855; x_wconf 75' lang='lat' dir='ltr'><strong>nimio</strong></span> 
     </span>
     <span class='ocr_line' id='line_1_57' title="bbox 1719 3880 2757 3951; baseline -0.001 -13"><span class='ocrx_word' id='word_1_371' title='bbox 1719 3903 1850 3938; x_wconf 72' lang='lat' dir='ltr'><strong>vero</strong></span> <span class='ocrx_word' id='word_1_372' title='bbox 1866 3923 1883 3951; x_wconf 85' lang='grc'><strong>.,</strong></span> <span class='ocrx_word' id='word_1_373' title='bbox 1898 3886 1942 3938; x_wconf 88' lang='lat' dir='ltr'><strong>si</strong></span> <span class='ocrx_word' id='word_1_374' title='bbox 1956 3884 2195 3938; x_wconf 86' lang='lat' dir='ltr'><strong>sertertia</strong></span> <span class='ocrx_word' id='word_1_375' title='bbox 2214 3880 2235 3945; x_wconf 94' lang='lat'>(</span> <span class='ocrx_word' id='word_1_376' title='bbox 2250 3886 2441 3939; x_wconf 84' lang='lat'><strong>88000</strong></span> <span class='ocrx_word' id='word_1_377' title='bbox 2458 3884 2524 3937; x_wconf 84' lang='lat' dir='ltr'><strong>fr.</strong></span> <span class='ocrx_word' id='word_1_378' title='bbox 2534 3881 2574 3948; x_wconf 89' lang='lat'><strong>).</strong></span> <span class='ocrx_word' id='word_1_379' title='bbox 2590 3886 2757 3937; x_wconf 83' lang='lat' dir='ltr'><strong>Recte</strong></span> 
     </span>
     <span class='ocr_line' id='line_1_58' title="bbox 1720 3961 2756 4036; baseline -0.001 -20"><span class='ocrx_word' id='word_1_380' title='bbox 1720 3964 1884 4036; x_wconf 76' lang='lat' dir='ltr'><strong>igitur</strong></span> <span class='ocrx_word' id='word_1_381' title='bbox 1935 3984 2000 4018; x_wconf 85' lang='lat' dir='ltr'><strong>ex</strong></span> <span class='ocrx_word' id='word_1_382' title='bbox 2047 3962 2206 4017; x_wconf 79' lang='lat' dir='ltr'><strong>codd.</strong></span> <span class='ocrx_word' id='word_1_383' title='bbox 2224 4002 2241 4029; x_wconf 89' lang='lat'>‚</span> <span class='ocrx_word' id='word_1_384' title='bbox 2295 3961 2588 4017; x_wconf 80' lang='lat' dir='ltr'><strong>Beroaldus</strong></span> <span class='ocrx_word' id='word_1_385' title='bbox 2636 3982 2756 4015; x_wconf 88' lang='lat' dir='ltr'><strong>rem</strong></span> 
     </span>
     <span class='ocr_line' id='line_1_59' title="bbox 1720 4044 2753 4117; baseline -0.006 -17"><span class='ocrx_word' id='word_1_386' title='bbox 1720 4046 1984 4099; x_wconf 81' lang='lat' dir='ltr'><strong>intellexit</strong></span> <span class='ocrx_word' id='word_1_387' title='bbox 2004 4058 2058 4099; x_wconf 88' lang='lat' dir='ltr'><strong>et</strong></span> <span class='ocrx_word' id='word_1_388' title='bbox 2079 4044 2343 4117; x_wconf 82' lang='lat' dir='ltr'><strong>reposuit,</strong></span> <span class='ocrx_word' id='word_1_389' title='bbox 2369 4045 2441 4095; x_wconf 84' lang='lat' dir='ltr'><strong>ad</strong></span> <span class='ocrx_word' id='word_1_390' title='bbox 2452 4044 2675 4095; x_wconf 79' lang='lat' dir='ltr'><strong>denarios</strong></span> <span class='ocrx_word' id='word_1_391' title='bbox 2692 4044 2753 4105; x_wconf 90' lang='lat' dir='ltr'><strong>L,</strong></span> 
     </span>
     <span class='ocr_line' id='line_1_60' title="bbox 1721 4122 2756 4199; baseline -0.003 -19"><span class='ocrx_word' id='word_1_392' title='bbox 1721 4126 1823 4189; x_wconf 62' lang='lat' dir='ltr'><strong>vel,</strong></span> <span class='ocrx_word' id='word_1_393' title='bbox 1839 4128 2226 4199; x_wconf 74' lang='lat' dir='ltr'><strong>quinquaginta,</strong></span> <span class='ocrx_word' id='word_1_394' title='bbox 2254 4125 2367 4179; x_wconf 84' lang='lat' dir='ltr'><strong>scil.</strong></span> <span class='ocrx_word' id='word_1_395' title='bbox 2394 4131 2428 4189; x_wconf 77' lang='grc'><em>4</em></span> <span class='ocrx_word' id='word_1_396' title='bbox 2441 4143 2463 4177; x_wconf 93' lang='lat'>1</span> <span class='ocrx_word' id='word_1_397' title='bbox 2514 4125 2581 4179; x_wconf 79' lang='lat' dir='ltr'><strong>fr.</strong></span> <span class='ocrx_word' id='word_1_398' title='bbox 2610 4122 2756 4178; x_wconf 80' lang='lat' dir='ltr'><strong>Vide</strong></span> 
     </span>
    </p>
   </div>
  </div>
 </body>
</html>
