3025 5025
679 438 854 558 'DE
907 489 1264 559 BELLo
1319 490 1683 560 clv1L1.
1740 492 1932 562 Lm.
1984 493 2041 562 1.

2346 495 2450 595 69

301 618 634 690 rationem
663 623 884 716 operis
906 622 1192 692 instituit
1209 677 1230 711 ‚
1257 622 1647 718 singulaque
1672 622 1879 694 latera
1912 640 2285 698 castrorum
2320 631 2449 700 sin-

300 726 474 821 gulis
501 728 812 800 attribuit
837 726 1208 823 legionibus
1245 730 1607 800 munienda
1620 784 1640 819 ‚
1670 731 2009 828 fossasque
2031 735 2117 804 ad
2148 735 2450 807 eamdem

298 834 834 929 magnitudinem
870 835 1100 930 perfici
1146 836 1393 930 jubet:

1455 837 1743 931 reliquas
1794 836 2085 934 legiones
2132 843 2203 910 in
2250 845 2453 914 armis

299 941 642 1035 expeditas
688 957 922 1013 contra
963 942 1229 1013 hostem
1273 945 1632 1014 constituit.
1670 945 1983 1016 Afranius
2026 950 2455 1044 Petreiusque

299 1047 596 1118 terrendi
627 1033 862 1119 causa³
884 1064 1128 1144 ‚atque
1171 1052 1392 1146 operis
1432 1051 1873 1147 impediendi,
1914 1054 2143 1148 copias
2182 1080 2335 1126 suas
2366 1056 2453 1126 ad

299 1227 725 1300 circumductam
744 1229 974 1282 multum
995 1229 1178 1284 laudat
1204 1233 1333 1285 Tm·-

293 1310 452 1379 pinde
473 1310 673 1374 Crisse',
702 1323 741 1362 t.
769 1327 848 1373 11,
867 1330 923 1381 p.
944 1311 1091 1378 335;
1117 1329 1216 1365 nec
1237 1311 1336 1367 du·

300 1389 432 1445 bitat
445 1427 462 1455 ,
479 1391 622 1460 quin
647 1409 710 1443 ea
729 1389 890 1443 duces
909 1389 1161 1444 hodierni
1186 1411 1333 1446 com-

301 1467 458 1522 mode
472 1468 560 1540 uti
576 1470 785 1541 possint
797 1508 814 1536 ,
832 1471 934 1524 alia
950 1481 1159 1526 tantum
1178 1471 1333 1527 adhi-

297 1549 408 1602 bita
424 1549 758 1604 defensionis
770 1551 977 1604 ratione
991 1570 1004 1604 :
1025 1571 1152 1604 nam
1164 1566 1333 1608 castra

300 1647 522 1682 romana
547 1629 805 1701 quadrata
835 1645 987 1685 erant
1001 1670 1018 1698 ,
1041 1646 1223 1687 nostra
1245 1654 1336 1688 au·

301 1721 407 1762 tem
431 1711 702 1782 oblougag
724 1723 979 1782 praterea
1005 1711 1336 1768 dissimilitu-

301 1789 426 1843 dine
458 1791 944 1844 instrumentorum
977 1805 1033 1846 et
1059 1787 1333 1848 'machina-

300 1888 421 1922 rum
447 1870 797 1937 bellicarum,
827 1870 1137 1944 hujusmodi
1161 1871 1357 1928 muni-²

301 1964 479 2002 menta
521 1949 738 2004 infirma
775 1951 1067 2004 admodum
1111 1953 1333 2022 fierent3

299 2031 464 2084 nimia
490 2049 710 2102 quoque
735 2033 985 2102 pontium
1007 2033 1300 2088 multitudo
1313 2073 1331 2100 ‚

297 2109 368 2162 ad
389 2109 790 2182 erumpendum
817 2113 1109 2166 necessaria
1123 2151 1140 2180 ,
1161 2115 1337 2167 muni·

301 2191 504 2244 tionem
533 2211 598 2244 eo
629 2191 982 2245 infirmiorem
998 2230 1015 2259 ,
1035 2212 1142 2264 quo
1167 2195 1334 2266 magis

301 2272 616 2324 continuam
633 2312 648 2336 ‚
675 2271 866 2343 sapius
902 2286 1208 2344 rumperet;
1249 2274 1334 2328 his

295 2350 456 2417 adde,
471 2349 622 2422 quod
635 2352 762 2406 tales
777 2349 927 2406 fossas
939 2352 1092 2406 facile
1106 2354 1334 2416 fascibus

301 2451 358 2485 ac
381 2431 624 2486 cratibus
647 2431 861 2504 impleri
885 2446 1118 2504 possent.
1147 2435 1231 2488 Ne
1260 2448 1335 2488 ta-

299 2532 421 2567 men
449 2526 640 2585 pereat
679 2512 990 2566 Caesarianae
1019 2514 1334 2568 munitionis

297 2594 616 2659 inventum,
650 2590 796 2645 idem
838 2593 1052 2648 criticus
1069 2634 1086 2660 ‚
1120 2592 1227 2648 hoc
1265 2594 1334 2647 ad

295 2674 567 2727 rationem
581 2684 788 2743 *nostre
827 2674 994 2727 aetatis
1037 2693 1333 2732 accommo-

297 2752 425 2807 dare
473 2753 580 2805 sibi
626 2753 925 2825 proposuit.
965 2754 999 2807 J
1002 2754 1130 2807 ubet
1167 2755 1334 2827 igitur

297 2834 510 2887 castella
540 2832 753 2885 minora
775 2827 891 2894 (cles
935 2830 1187 2899 redoutes)
1203 2872 1217 2895 ,
1249 2836 1333 2887 in-

298 2912 535 2967 tex-vallis
571 2918 678 2975 140
706 2908 968 2985 hexapod.
987 2914 1138 2989 inter
1163 2933 1218 2969 se
1249 2914 1333 2969 di-

295 2994 488 3047 stantia
503 3031 522 3057 ,
549 3011 784 3064 quorum
815 2994 994 3065 anguli
1029 2992 1098 3047 ad
1125 2994 1335 3049 hostem

295 3085 540 3145 spectent
555 3110 574 3136 ‚
608 3074 675 3125 ab
714 3072 973 3144 operariis
1017 3094 1080 3127 ex
1123 3095 1334 3147 quaque

297 3154 525 3207 cohorte
553 3151 772 3206 delectis
800 3152 946 3218 fieri,
976 3153 1108 3207 dum
1133 3156 1334 3209 exerci-

299 3246 386 3287 tus
416 3234 478 3285 in
503 3234 668 3285 armis
694 3245 816 3285 ante
837 3246 1020 3293 staret,
1047 3246 1101 3289 et
1127 3236 1333 3307 equita-

299 3325 384 3367 tm
403 3332 507 3385 per
531 3324 736 3365 turmas
758 3311 1048 3386 dispositus
1062 3316 1334 3387 operarios

300 3405 626 3465 protegeret.
653 3394 842 3447 Unum
865 3412 994 3447 vero
1018 3414 1096 3457 ex,
1112 3396 1198 3449 his
1220 3415 1333 3451 cas·

302 3473 436 3526 tellis
453 3512 471 3539 ,
483 3472 599 3526 dux
612 3492 774 3545 supra
792 3472 1034 3529 laudatus
1050 3469 1328 3541 (Maurice,

305 3566 453 3605 comte
481 3554 545 3605 de
573 3552 734 3616 Same,
757 3554 1004 3623 Rem-ies,
1023 3567 1058 3609 t.
1087 3574 1163 3619 11,
1192 3576 1237 3610 c.
1269 3577 1296 3611 2
1309 3597 1327 3621 ,

307 3627 339 3692 S
365 3651 388 3685 1
402 3630 490 3697 2.)
516 3634 704 3686 asserit
719 3653 748 3685 a
769 3653 790 3687 1
804 3654 874 3703 9²
895 3636 1230 3702 hominibus,
1247 3636 1330 3691 in·

308 3722 386 3764 tra
430 3712 621 3767 decem
666 3714 824 3767 horas
838 3753 856 3779 ‚
901 3715 1094 3771 confici
1140 3736 1330 3789 posse;

305 3811 468 3865 porro
497 3794 544 3845 si
570 3811 654 3845 111
683 3795 892 3850 castella
927 3802 1034 3860 140
1067 3796 1328 3869 hexapod.

271 3928 277 3935 ,
303 3872 442 3926 inter
477 3892 536 3925 se
577 3872 826 3926 distantia
855 3874 1144 3946 fingamus,
1177 3878 1328 3942 2034

303 3950 546 4007 homines
582 3966 876 4007 castrorum
920 3956 1152 4013 frontem
1183 3977 1206 4011 1
1219 3958 1331 4011 680

303 4030 565 4104 bexapod.
597 4034 655 4086 in
684 4033 1020 4105 longitudine
1039 4048 1330 4108 patentem,

301 4111 440 4165 intra
457 4113 644 4167 decem
669 4111 925 4168 horarum
941 4116 1173 4187 spatium
1183 4154 1202 4184 ‚
1212 4136 1330 4171 mu·-

301 4191 413 4249 nire
432 4207 596 4266 atque
609 4190 898 4257 defendere
924 4209 1194 4268 poterunt.
1217 4197 1326 4258 Mi-

1419 1251 1545 1286 rum
1591 1252 1717 1287 sane
1757 1245 1967 1287 nostros
2014 1233 2175 1288 duces
2190 1273 2207 1301 ‚
2231 1250 2449 1291 caetero·

1419 1313 1553 1385 quin
1590 1313 1937 1385 peritissimos
1953 1353 1970 1381 ,
1994 1313 2133 1368 hanc
2176 1328 2343 1369 artem
2390 1317 2451 1371 in

1419 1393 1725 1447 novissimis
1745 1395 1897 1450 bellis
1914 1395 2201 1467 neglexisse
2214 1433 2231 1461 ,
2246 1397 2305 1448 ni
2328 1415 2452 1450 con-

1419 1475 1561 1527 sulto
1585 1475 1888 1541 omiserint,
1907 1494 2075 1546 quum
2101 1476 2452 1548 popularibus

1419 1553 1642 1621 nostris,
1668 1555 1873 1625 impetu
1902 1555 2199 1626 plurimum
2224 1557 2451 1610 valenti-

1419 1634 1521 1688 bus
1531 1672 1547 1700 ,
1560 1653 1659 1688 nec
1672 1653 1835 1687 morae
1848 1634 2172 1706 patientibus
2180 1672 2197 1700 ,
2206 1637 2452 1690 munien-

1419 1711 1617 1766 do'rum
1646 1727 1941 1768 castrorum
1970 1733 2087 1770 mos
2112 1735 2321 1787 semper
2340 1715 2452 1770 dis·

1417 1794 1687 1866 plicuerit.
1709 1795 1851 1847 Mihi
1871 1807 2047 1848 tamen
2068 1815 2180 1849 non
2205 1815 2340 1850 vana
2364 1815 2449 1850 ra-

1421 1874 1699 1929 tiocinatio
1717 1913 1736 1941 ‚
1754 1873 1850 1928 sed
1862 1876 1975 1948 ipsa
1988 1895 2073 1928 res
2086 1875 2289 1930 clarum
2306 1877 2452 1942 fecit,

1419 1973 1570 2007 suam
1592 1956 1878 2008 utilitatem
1904 1956 2102 2009 habere
2130 1957 2453 2010 munimenti

1419 2033 1645 2088 modum
1660 2074 1677 2102 ‚
1708 2054 1868 2107 quem
1897 2037 2153 2109 proponit
2186 2037 2373 2109 Turpia
2392 2035 2455 2090 de

1424 2115 1601 2168 Crisse'.
1644 2117 1826 2180 Quum
1865 2135 2006 2168 anno
2037 2123 2185 2186 1794
2204 2154 2221 2182 ‚
2252 2118 2452 2170 Borus·

1421 2213 1605 2247 sorum
1625 2213 1845 2260 manus,
1866 2195 1956 2248 vix
1988 2199 2134 2250 6000
2160 2196 2291 2249 viris
2320 2215 2450 2250 con-

1421 2287 1563 2327 stans
1577 2314 1593 2340 ,
1620 2288 1787 2329 castra
1814 2294 1905 2328 sua
1922 2313 1938 2342 ,
1963 2276 2020 2328 in
2048 2276 2267 2329 saltibus
2301 2276 2453 2349 queis

1419 2355 1745 2408 vocabulum
1788 2355 2159 2410 Kaisa-laurera
2172 2394 2187 2418 ,
2238 2356 2410 2427 posita
2434 2393 2451 2423 ,

1421 2433 1684 2506 ejusmodi
1719 2434 1942 2488 castellis
1974 2433 2223 2488 adversus
2253 2436 2450 2487 Mosel-

1419 2515 1604 2568 lanum
1636 2516 1928 2569 exercitum
1963 2527 2073 2569 tam
2102 2514 2327 2588 feliciter
2354 2514 2449 2568 de-

1419 2594 1651 2649 fenderit
1665 2633 1682 2661 ,
1708 2610 1768 2650 ut
1797 2615 1827 2650 a
1849 2602 2040 2661 30,ooo
2060 2594 2321 2647 militibus
2336 2590 2449 2657 (in-

1420 2685 1501 2727 ter
1532 2694 1667 2747 quos
1698 2693 1795 2747 ego
1823 2676 1937 2747 ipse
1963 2688 2089 2728 tunc
2120 2672 2449 2742 merebam),

1419 2754 1591 2807 tribus
1638 2755 1905 2808 continuis
1953 2753 2141 2809 diebus
2187 2754 2452 2809 incassum

1421 2847 1726 2907 oppugnata
1754 2835 1992 2900 fuerint‚.
2011 2853 2204 2906 magno
2230 2834 2450 2907 quidem

1419 2928 1729 2969 nostrorum
1755 2914 1969 2969 damnoss
1996 2916 2129 2981 Quae
2150 2917 2358 2969 castella
2383 2935 2449 2968 ex

1420 2996 1703 3049 arboribus
1721 2994 1939 3067 dejectis
1961 3008 2185 3063 structa,
2203 3015 2315 3049 uno
2336 3009 2447 3049 tor-

1419 3089 1603 3129 mento
1644 3077 1883 3142 munita,
1906 3088 1970 3129 'et
1996 3077 2087 3129 vix
2118 3077 2355 3149 quinque
2393 3088 2447 3129 et

1418 3155 1611 3226 viginti
1668 3156 1799 3210 viris
1857 3154 2179 3228 recipiendis
2240 3159 2390 3229 paria
2428 3175 2448 3223 3

1419 3253 1588 3307 quum
1603 3273 1619 3303 ‚
1638 3234 1818 3289 medio
1843 3236 1901 3289 in
1928 3237 2063 3290 saltu
2078 3274 2095 3303 ,
2114 3256 2281 3308 parvo
2302 3256 2447 3308 quae-

1419 3333 1523 3387 que
1554 3316 1833 3375 intervallo
1862 3314 2109 3371 distantia
2124 3354 2141 3382 ,
2162 3336 2448 3387 consurge-

1417 3408 1570 3462 rent3
1597 3395 1665 3471 ad
1696 3416 1757 3450 ea
1772 3436 1789 3463 ,
1814 3416 1913 3451 nec
1936 3394 2171 3468 pedites,
2188 3415 2285 3455 nec
2304 3398 2449 3467 equi·

1420 3487 1496 3529 tes
1542 3475 1790 3531 accedere
1828 3489 2105 3546 poterant,
2132 3476 2193 3537 hi
2224 3489 2447 3547 propter

1417 3568 1666 3627 magnam
1682 3557 2017 3628 asperitatem
2038 3556 2167 3614 soli3
2192 3567 2245 3611 et
2262 3574 2447 3608 nemo·

1416 3636 1491 3689 ris
1505 3656 1669 3708 opaca
1680 3636 1797 3702 ;i11i,
1816 3634 1983 3707 quod,
1998 3635 2148 3688 nullo
2162 3636 2447 3693 comitante

1417 3717 1657 3787 equitatu
1671 3754 1688 3782 ,
1717 3716 1971 3769 arborum
1994 3715 2153 3778 ramis
2175 3714 2447 3787 impediti,

1415 3796 1794 3869 plumbearum
1804 3793 2079 3865 glandium
2093 3795 2107 3847 i
2112 3814 2242 3866 gnea
2256 3797 2311 3851 vi
2322 3834 2339 3861 ,
2347 3815 2446 3867 per

1415 3876 1721 3931 intricatam
1735 3888 1788 3928 et
1800 3872 1854 3925 di
1860 3873 2076 3927 fficilem
2082 3874 2243 3943 iriam,
2258 3877 2448 3929 obrue-

1415 3968 1622 4011 rentur.
1642 3953 1710 4007 Id
1730 3954 2048 4009 munimenti
2058 3974 2225 4027 genus
2242 3975 2445 4011 memo·

1415 4048 1539 4091 ratu
1556 4033 1780 4107 dignum
1802 4034 1935 4087 mihi
1957 4054 2101 4089 nunc
2121 4037 2296 4091 visum
2316 4049 2411 4089 est.

1501 4117 1552 4171 3.
1609 4116 1661 4169 T
1654 4114 1844 4170 ert-endi
1876 4134 2035 4169 causa.
2066 4116 2274 4175 vitiose
2311 4116 2415 4173 cod

1413 4198 1617 4261 Lovan.
1643 4194 1807 4255 habet
1834 4196 2033 4253 tenneli.

1932 4262 2128 4348 .5⁸
