3025 5025
586 467 598 482 ‘
659 479 801 548 DE
855 478 1203 548 BELLo
1259 479 1633 549 clv1L1.
1690 483 1879 552 LIB.
1934 485 1989 552 1.
2308 484 2407 581 73

264 595 424 678 dum
465 612 703 682 crebro
747 612 1310 682 submittebantur
1323 666 1342 700 ‚
1389 625 1468 680 ut
1501 615 1743 708 integri
1782 614 2053 686 defessis
2095 617 2408 690 succede-

265 733 428 786 rent.
465 723 614 790 Hoc
648 719 826 788 idem
864 723 1091 790 Caesar
1129 719 1349 788 facere
1389 721 1756 816 cogebatur
1774 775 1793 810 ,
1824 737 1929 812 ut,
1964 723 2304 800 submissis
2338 726 2408 794 in

267 825 574 896 eumdem
609 826 835 896 locum
872 826 1260 896 cohortibus
1275 880 1294 916 ,
1337 825 1631 897 defessos
1675 830 2019 924 reciperet.

370 935 618 1004 XLVI.
659 937 811 1003 Hoc
863 957 1074 1028 quum
1111 949 1284 1002 esset
1324 934 1530 1003 modo
1574 951 1950 1030 pugnatum
1994 939 2411 1010 continenter

256 1038 446 1108 -boris
481 1043 549 1111 V
565 1095 586 1129 ,
631 1043 974 1136 nostrique
1021 1043 1290 1136 gravius
1341 1065 1380 1108 a
1425 1040 1848 1112 multitudine
1906 1061 2409 1138 premerentur3

265 1149 675 1242 consumptis
711 1148 1024 1217 omnibus
1049 1146 1198 1216 telis
1218 1201 1237 1235 ,
1265 1146 1498 1242 gladiis
1536 1149 1897 1239 destrictis,
1924 1153 2248 1248 impetum
2285 1153 2411 1222 ad·-

265 1278 490 1323 versus
534 1255 838 1327 montem
881 1257 951 1322 in
995 1254 1306 1324 cohortes
1355 1255 1613 1326 faciunt
1630 1311 1649 1344 ,
1684 1259 2043 1352 paucisque
2078 1258 2349 1352 dejectis
2365 1259 2411 1349 ²,

261 1358 550 1454 reliquos
611 1387 756 1432 sese
806 1373 1218 1432 convertere
1259 1377 1529 1457 cogunt.
1586 1364 1925 1434 Submotis
1970 1364 2095 1433 sub
2138 1389 2411 1436 murum

265 1467 689 1556 cohortibus,
727 1493 826 1538 ac
847 1467 1171 1538 nonnulla
1206 1483 1398 1564 parte
1434 1483 1713 1564 propter
1743 1481 2069 1540 terrorem
2105 1474 2176 1542 in
2212 1476 2411 1569 oppi-

263 1573 420 1642 dum
465 1573 871 1670 compulsiS,
911 1574 1143 1644 facilis
1158 1589 1260 1644 es't
1301 1578 1547 1645 nostris
1590 1592 1899 1672 receptus
1937 1578 2149 1648 datus.
2196 1582 2411 1673 Equi-

266 1695 434 1750 tatus
475 1691 708 1752 autem
751 1697 978 1751 noster
1025 1682 1108 1750 ab
1144 1697 1432 1777 unoque
1468 1681 1710 1773 latere,
1743 1685 1865 1753 etsi
1909 1685 2179 1779 dejectis
2212 1700 2411 1781 atque

261 1788 688 1858 inferioribus
733 1786 928 1858 locis²
977 1791 1400 1878 constiterat,
1439 1803 1663 1858 tamen
1699 1793 1779 1859 in
1806 1816 2143 1862 summum
2173 1794 2410 1888 jugum

264 1895 512 1963 virtute
537 1897 905 1966 connititur
914 1910 1154 1989 ,atque
1181 1898 1355 1964 inter
1375 1895 1542 1966 duas
1564 1899 1737 1966 acies
1759 1901 2219 1993 perequitanS,
2238 1925 2414 1970 com-

265 2001 640 2071 modiorem
691 2026 773 2070 ac
831 2004 1148 2072 tutiorem
1206 2004 1450 2072 nostris
1502 2018 1845 2100 receptum
1900 2005 2029 2076 dat.
2077 2009 2183 2076 Ita
2223 2009 2411 2077 vario

265 2110 628 2178 certamine
669 2123 1044 2204 pugnatum
1094 2123 1210 2179 est.
1251 2110 1542 2180 Nostri
1522 2136 1592 2178 ιιι
1632 2114 1852 2206 primo
1899 2134 2261 2208 congressu
2286 2117 2411 2185 cir-

264 2216 416 2285 citer
457 2217 669 2284 LXX
701 2215 1117 2306 ceciderunt3
1155 2218 1224 2284 in
1256 2217 1362 2285 his
1397 2218 1484 2306 Q.
1524 2216 1865 2312 Fulginius
1894 2245 1976 2288 ex
2007 2223 2227 2338 primo
2262 2221 2413 2290 has·
2437 2209 2445 2217 ’

265 2335 392 2391 tato
439 2321 730 2420 legionis
789 2307 1000 2394 X1V³
1003 2376 1024 2412 ,
1075 2325 1188 2418 qui
1244 2338 1523 2419 propter
1585 2326 1891 2396 eximiam
1956 2328 2275 2398 virtutem
2331 2353 2411 2396 ex

263 2572 369 2625 quos
379 2574 440 2605 ex
449 2558 593 2607 omni
603 2558 742 2625 copia
753 2555 936 2624 singuli
944 2554 1181 2624 sing-ulos,
1200 2542 1292 2607 etex.=
1381 2566 1512 2607 vett.
1567 2556 1713 2627 lapp.
1762 2556 2057 2610 innumera⁸
2086 2556 2379 2611 occurrunt
2392 2596 2409 2623 ‚

265 2632 394 2687 Vide
415 2647 679 2688 nostrum
707 2634 919 2688 Sallust.
945 2633 1101 2687 Catil.
1126 2652 1174 2687 c.
1200 2633 1296 2687 56.
1382 2635 1538 2704 quale
1562 2634 1666 2688 boc
1692 2653 1707 2688 τ

263 2731 368 2786 pag.
387 2732 520 2767 101.
527 2715 1097 2785 VulgataetnosterR.
1120 2714 1294 2784 5768,
1702 2715 1749 2768 1.
1820 2712 1918 2768 Ὀ.
2017 2717 2095 2769 Μ.

269 2794 572 2863 augebantur
588 2795 688 2847 illis
706 2798 873 2865 copia.
1661 2796 1808 2847 IVL.
1851 2794 2143 2849 PRIMVS.

335 2875 460 2927 Cn.
481 2875 696 2927 XLVI.
726 2892 770 2925 1.
790 2875 1062 2945 Pauci-sque
1081 2874 1291 2943 dejectis.
1562 2886 1613 2937 7.
1655 2874 1817 2927 LEG.
1860 2876 2015 2929 XIII.
2058 2876 2235 2929 GEM.

267 2952 482 3009 Hausius
507 2952 701 3007 mallet
729 2956 1029 3022 interfectis;
1056 2952 1150 3006 sed
1175 2954 1296 3007 voci
1646 2955 1715 3007 V.
1760 2954 1813 3008 S.
1855 2956 1918 3007 L.
1959 2957 2021 3009 L.
2066 2957 2145 3010 Μ.

267 3032 447 3104 dq'ectis
465 3034 626 3089 idem
649 3052 832 3087 sensus
853 3046 933 3087 est
949 3034 1216 3099 hocloco,
1235 3052 1296 3086 ac

267 3116 320 3167 B.
351 3115 418 3168 G.
445 3118 482 3169 1.
519 3132 608 3181 11,
634 3116 858 3184 27:11ss
887 3115 1082 3186 dejectis
1109 3125 1161 3165 et
1180 3132 1295 3165 coa·

265 3200 452 3249 cer-vatis
481 3194 820 3247 cadaver-ihm.

343 3296 391 3329 2.
421 3278 656 3347 Dejectis
679 3286 822 3347 atque
841 3272 1145 3342 inferioribus
1161 3274 1294 3327 locis.

267 3357 326 3409 'rh
355 3356 564 3427 dejectis
585 3355 708 3421 hic,
732 3352 976 3407 dissimili
1003 3372 1163 3419 sensu
1185 3372 1296 3425 quo

267 3452 443 3507 supra,
475 3434 542 3489 id
577 3447 660 3489 est
675 3471 692 3499 ,
731 3432 988 3487 demissis.
1019 3464 1101 3476 —-
1135 3435 1298 3487 Recte

201 3572 206 3577 ⁶
272 3527 396 3585 optt.
425 3513 592 3570 codd.
627 3514 830 3585 habent
847 3524 991 3586 atque
1006 3554 1023 3577 ‚
1045 3532 1156 3566 non
1183 3526 1292 3577 aut,

271 3606 327 3649 ut
347 3596 452 3649 fert
474 3597 698 3667 vulgata
722 3595 900 3648 lectio.

343 3668 401 3727 3.
420 3678 512 3729 Ex
521 3680 688 3748 primo
705 3674 898 3726 hastato
915 3674 1118 3744 legionis
1134 3674 1295 3727 XIV.

274 3752 432 3825 Lips„
453 3757 492 3809 1.
519 3772 604 3821 11,
627 3754 756 3808 dial.
786 3758 818 3809 8
836 3792 854 3820 ‚
879 3752 948 3807 de
975 3754 1093 3806 Mil.
1109 3756 1291 3820 Rom,

271 3830 550 3905 legendum
564 3847 740 3907 putat,
754 3836 964 3887 centurio
970 3838 1124 3905 primi
1129 3836 1296 3885 hasta-

275 3916 332 3975 ti,
351 3927 402 3967 et
418 3934 665 3969 errorem
685 3924 866 3967 ortum
887 3927 1040 3987 putat
1051 3953 1068 3979 ,
1085 3934 1152 3967 ex
1170 3926 1298 3967 nota

275 4010 370 4063 qua
397 3994 749 4067 designantur
777 3996 1113 4048 centuriones
1129 4031 1147 4060 ‚
1160 3994 1166 4003 ’
1177 4012 1295 4065 quae

274 4070 402 4127 flexa
420 4074 489 4127 ad
505 4076 738 4129 formam
751 4074 969 4147 flagelli,
983 4076 1110 4147 quia
1129 4074 1296 4130 vitem

274 4156 602 4211 centuriones
628 4157 921 4232 gestabant.
954 4154 1207 4227 Exempla
1235 4156 1293 4209 in

1380 3032 1494 3084 Ubi
1522 3045 1553 3096 7
1582 3034 1679 3103 leg.
1696 3052 1805 3087 x111
1820 3038 2005 3105 gemss...
2026 3035 2275 3096 denotat',
2298 3058 2409 3090 een-

1383 3116 1509 3163 turio
1544 3113 1744 3183 legionis
1783 3132 1893 3168 xm
1934 3119 2169 3185 gemelloe.
2196 3119 2278 3171 Ex
2306 3119 2409 3172 hac

1381 3204 1508 3245 nota
1530 3204 1562 3258 7
1587 3206 1742 3265 putat
1758 3196 1971 3267 Lipsius
1986 3235 2003 3262 ,
2022 3197 2229 3251 inscitia
2251 3198 2411 3251 libra-

1379 3272 1589 3325 riorum
1607 3286 1781 3327 ortam
1796 3277 2041 3329 voculam
2054 3298 2129 3330 ex.
2146 3278 2412 3349 Equidem

1383 3366 1592 3405 acutam
1616 3359 1978 3425 conjecturam
1996 3376 2105 3411 esse
2120 3375 2232 3410 non
2250 3378 2409 3429 nega·

1382 3434 1555 3485 verim
1584 3453 1599 3487 ε
1620 3434 1755 3487 illud
1786 3437 2027 3509 ambigo,
2053 3456 2146 3503 an,
2166 3449 2226 3490 ut
2252 3439 2311 3491 in
2330 3439 2408 3489 la-

1382 3512 1631 3585 pidibus,
1654 3514 1728 3567 ita
1774 3517 1833 3569 in
1885 3518 2037 3570 libris
2085 3536 2299 3587 quoque
2348 3536 2417 3570 ea.

1381 3606 1510 3645 nota
1532 3607 1781 3665 usurpata
1796 3598 2112 3668 reperiatur.
2126 3596 2261 3649 Sane
2276 3616 2414 3650 non·

1382 3671 1514 3727 dum
1528 3693 1645 3728 eam
1657 3675 1855 3729 inveni.
1872 3678 1938 3729 In
1952 3675 2110 3729 editis
2117 3676 2269 3729 libris
2276 3696 2409 3730 non-

1383 3754 1545 3807 nullis
1571 3767 1649 3808 est
1663 3793 1680 3821 ,
1697 3760 1882 3826 primus
1912 3757 2128 3807 hastatus
2144 3776 2165 3809 .·
2190 3755 2339 3828 quod
2363 3759 2409 3810 si

1383 3836 2412 3908 auctoritatemanuscriptorumimpres—

1383 3932 1501 3965 sum
1533 3926 1635 3979 est,
1666 3915 1872 3968 retineo
1898 3934 1912 3968 ε
1942 3934 2066 3969 nam
2086 3920 2275 3987 primus
2301 3919 2413 3969 has·

1383 4005 1540 4055 tatus,
1564 4005 1617 4046 et
1645 3998 1859 4053 centurio
1867 3995 1873 4001 ”
1875 3999 2023 4067 primi
2052 3998 2235 4049 hastati
2262 3996 2409 4051 idem

1382 4070 1715 4145 est.(Veget.
1738 4075 1775 4129 l.
1807 4093 1885 4141 11,
1914 4094 1960 4129 c.
1984 4078 2051 4130 8:
2078 4080 2272 4130 Pn‘mus
2293 4079 2406 4128 kas·

1382 4166 1513 4209 tatus
1540 4154 1665 4209 duae
1690 4160 1929 4211 centurias
1940 4198 1954 4222 ‚
1989 4157 2045 4211 id
2066 4168 2157 4223 est,
2183 4158 2408 4211 ducentos
