3025 5025
595 427 735 496 DE
789 425 1137 494 BELLO
1193 426 1560 496 CIVILI.
1619 427 1809 496 LIB.
1867 429 1967 498 ΙΙ.

2192 431 2335 518 143

233 562 366 628 novi
404 558 688 654 generis¹
715 573 916 654 atque
952 559 1324 627 inauditum
1357 581 1440 628 ex
1473 557 1770 630 lateritiis
1801 561 2063 631 duobus
2096 567 2303 636 muris
2320 622 2339 655 ,

231 691 434 737 senum
517 667 766 762 pedum
843 666 1276 735 crassitudine
1308 719 1327 753 ,
1399 680 1601 761 atque
1684 681 1917 738 eorum
1992 694 2338 742 murorum

229 775 756 868 contignationem
825 772 1049 842 facere
1137 775 1565 842 instituerunt
1615 827 1634 862 ‚
1701 797 1890 870 aequa
1962 775 2099 845 fere
2187 778 2339 848 lati-

228 881 458 967 tudine,
493 896 693 974 atque
745 878 855 948 ille
905 881 1334 974 congestitius
1391 905 1473 948 ex
1526 882 1804 949 materia
1848 881 2065 951 fuerat
2114 908 2336 982 agger.

229 987 340 1056 Ubi
371 985 520 1057 aut²
567 987 857 1082 spatium
908 987 1084 1054 inter
1126 1011 1388 1076 muros,
1426 1002 1542 1056 aut
1585 987 1999 1059 imbecillitas
2048 994 2341 1063 materiae

229 1094 532 1188 postulare
566 1093 910 1162 videretur
931 1147 950 1182 ‚
981 1092 1130 1188 pilae
1166 1095 1718 1192 interponuntur,
1758 1099 2238 1167 transversaria
2274 1102 2349 1168 ti-

231 1225 338 1296 gna
373 1202 790 1296 injiciuntur,
824 1225 974 1294 quae
1011 1199 1439 1272 firmamento
1476 1226 1618 1270 esse
1663 1203 1917 1297 possint
1954 1229 1969 1271 :
2009 1218 2109 1292 et,
2152 1206 2343 1298 quid-

231 1307 363 1400 quid
407 1323 505 1376 est
559 1309 1016 1402 contignatum
1039 1361 1086 1396 ‚„
1113 1309 1404 1378 cratibus
1451 1311 1899 1378 consternitur
1923 1365 1941 1398 ‚
1998 1325 2345 1406 cratesque

235 1411 350 1482 luto
386 1416 790 1510 integuntur.
819 1414 957 1483 Sub
987 1428 1164 1484 tecto
1200 1414 1420 1504 mileti,
1443 1415 1716 1484 dextera
1742 1441 1821 1485 ac
1852 1418 2117 1486 sinistra
2146 1445 2343 1488 muro

241 1534 452 1612 tectus,
493 1521 812 1591 adversus
872 1521 1082 1618 plutei
1137 1521 1439 1616 objectu,
1491 1524 1679 1618 operi
1718 1547 2155 1618 quaecumque
2198 1527 2348 1595 usui

300 1723 412 1776 Cir.
435 1725 542 1777 XV
543 1763 558 1778 .
593 1743 644 1778 1.
675 1724 910 1776 Omnibus
940 1723 1224 1776 arboribus..

239 1821 428 1874 aggerem
451 1809 561 1856 novi
586 1809 792 1875 generis.
823 1803 966 1856 Novi
989 1805 1195 1875 generis
1211 1842 1228 1870 ,

238 1883 338 1953 quia
361 1903 465 1937 non
498 1895 561 1937 ut
591 1885 706 1942 alii,
737 1903 801 1938 ex
838 1895 952 1936 toto
993 1882 1192 1936 solidus
1211 1922 1228 1950 ,

239 1961 312 2016 ned
347 1981 526 2030 cavus,
556 1982 790 2030 vacuus,
817 1964 875 2016 in
899 1963 1073 2017 vicem
1103 1965 1230 2016 Cas-

240 2043 327 2094 telli
371 2059 456 2098 aut
500 2045 823 2116 receptaculi
874 2045 1118 2096 habetur.
1150 2075 1232 2086 —-

239 2123 409 2177 Duobus
439 2129 584 2178 muris
612 2145 774 2176 senum
797 2125 976 2195 pedum
1005 2127 1233 2175 crassitu-

240 2201 340 2256 dine.
362 2205 641 2259 Murorum
661 2218 884 2276 uterque
903 2223 995 2256 sex
1017 2215 1129 2257 erat
1144 2223 1235 2274 pe-

240 2280 346 2337 dum
368 2282 740 2350 crassitudine,
772 2297 824 2338 et
852 2284 993 2337 inter
1025 2297 1235 2336 utrum-

238 2379 322 2433 que
362 2365 592 2437 spatium
635 2379 749 2418 erat
795 2381 1022 2418 vacuum
1040 2401 1056 2429 ,
1087 2361 1238 2434 quod

239 2453 406 2515 tegeret
451 2449 779 2516 contignatio,
824 2465 892 2496 un
945 2444 1239 2514 assemblage

238 2523 286 2574 de
308 2526 462 2580 solim
501 2544 562 2577 en
593 2527 757 2593 forme
799 2526 859 2577 de
887 2526 1142 2597 plancher.
1160 2546 1238 2557 -···

241 2604 388 2677 AEqua
403 2609 514 2672 fere
541 2606 816 2659 latitudine.
845 2606 928 2657 Ita
953 2603 1126 2657 edidit
1150 2606 1182 2655 J
1186 2622 1242 2657 o·

240 2686 363 2755 seph.
381 2686 638 2757 Scaliger,
656 2698 711 2738 et
730 2686 930 2738 habent
945 2683 1095 2738 editt.
1111 2695 1238 2737 vett.

240 2776 404 2834 prester
432 2766 880 2837 Stephanionem:
905 2766 1035 2817 item
1071 2764 1243 2816 nostri

242 2842 372 2898 codd.
401 2848 512 2899 RR.
527 2883 544 2911 ,
569 2857 651 2911 et,
676 2859 738 2899 ut
763 2844 1042 2917 probabile
1066 2843 1246 2897 admo·

241 2920 350 2978 dum
373 2940 447 2979 est
463 2963 480 2990 ,
512 2927 624 2980 fere
649 2944 834 2978 omnes
859 2924 975 2990 alii,
1007 2924 1106 2977 etsi
1135 2924 1248 2976 Ou-

242 3000 512 3077 dendorpio
528 3018 584 3059 et
597 3006 800 3059 caeteris
821 3005 1020 3058 criticis
1043 3004 1245 3057 nullam

241 3082 334 3138 sm
353 3087 680 3139 mentionem
707 3085 778 3138 de
801 3085 1124 3138 membranis
1149 3084 1246 3137 ha-

243 3162 348 3218 bere
361 3167 578 3237 placuit.
601 3165 708 3219 Sed
726 3166 906 3219 Davis.
929 3166 1162 3236 primus,
1180 3182 1249 3217 ex

245 3242 451 3299 editione
463 3248 648 3319 Steph.
655 3284 671 3311 ,
683 3246 964 3318 proposuit
975 3246 1244 3307 altitudine,

245 3324 364 3394 quia,
373 3346 415 3381 c.
429 3346 451 3380 1
470 3329 633 3397 hujus
643 3327 789 3392 libri,
799 3328 974 3381 Caesar
988 3323 1056 3378 de
1067 3326 1250 3396 priore

246 3420 406 3475 aggere
419 3407 634 3460 locutus
646 3445 661 3473 ,
677 3408 776 3459 ait:
795 3407 1045 3477 Agger-em
1065 3409 1114 3456 in
1141 3406 1252 3456 alti·-

247 3486 432 3539 “ulinem
436 3488 613 3559 pedam
621 3486 830 3539 LXXX
841 3486 1094 3540 extruxit:
1107 3482 1252 3537 unde

247 3580 390 3633 quum
416 3568 472 3620 h.
509 3568 548 3621 l.
589 3584 747 3639 agger
775 3566 1040 3637 posterior
1082 3564 1253 3638 priori

248 3660 582 3717 comparetur,
611 3646 816 3717 colligit
836 3644 1122 3718 legendum
1141 3662 1254 3699 esse

248 3724 500 3788 altiuadiue,
531 3744 646 3779 non
671 3727 954 3779 latitudine:
975 3726 1025 3779 ei
1043 3738 1252 3779 eontra-

249 3800 360 3858 dicit
385 3808 566 3861 Clark.
589 3805 694 3860 Sed
717 3808 750 3859 J
753 3818 899 3860 ustus
927 3806 1140 3878 Lipsius
1155 3842 1172 3871 ,
1197 3806 1255 3858 in

251 3881 508 3941 Polion-cet.
527 3924 544 3952 ,
588 3885 774 3940 eadem
822 3886 890 3941 de
937 3904 1092 3939 causa
1105 3924 1122 3951 ,
1154 3902 1258 3957 qua

251 3961 472 4020 Davisius
487 4006 503 4032 ,
533 3966 849 4039 praeferebat
885 3966 1140 4019 altitudine
1151 3986 1172 4029 ,·
1207 3978 1260 4019 et

251 4040 324 4097 his
361 4048 638 4100 assentitur
675 4045 1028 4119 Oudendorp.
1044 4085 1062 4113 ,
1091 4046 1260 4099 maxi-

253 4139 386 4178 mum
413 4127 556 4181 enim
593 4140 927 4181 momentum
967 4126 1262 4183 constitisse

1315 1723 1390 1780 ait
1405 1761 1420 1782 ‚
1450 1742 1564 1776 non
1588 1723 1646 1776 in
1668 1722 1951 1788 latitudine,
1981 1723 2075 1778 sed
2100 1726 2159 1779 in
2177 1728 2347 1780 altitu-

1315 1804 1455 1870 dine,
1484 1823 1591 1875 qua
1626 1805 1885 1858 moenium
1914 1806 2192 1859 hostilium
2229 1809 2348 1862 alti-

1317 1882 1562 1937 tudinem
1575 1897 1791 1956 possent
1808 1903 2013 1956 aequare
2026 1905 2038 1938 ε
2058 1887 2186 1939 hinc
2199 1888 2349 1954 infn,

1317 1983 1364 2016 c.
1393 1983 1502 2036 seq.
1515 2003 1533 2030 ,
1554 1985 1696 2037 quum
1716 1985 1839 2034 pene
1856 1963 2151 2035 inaedificata
2174 1973 2224 2018 in
2243 1987 2348 2019 mu·

1319 2048 1442 2099 ris...
1483 2049 1657 2096 moenia
1682 2045 1939 2098 viderent:
1967 2044 2114 2099 unde
2140 2046 2350 2119 liquido

1317 2137 1483 2196 patet,
1495 2125 1814 2187 altitudinem,
1827 2145 1923 2177 non
1932 2127 2231 2180 latitudinem
2242 2147 2354 2181 esse

1319 2203 1671 2258 scribendam.
1702 2205 1847 2257 Vera
1876 2225 2001 2258 sane
2028 2209 2209 2260 omnia
2239 2208 2353 2260 haec

1321 2303 1433 2336 esse
1457 2284 1737 2348 videntur,
1761 2283 1853 2337 sed
1880 2286 1994 2338 sine
2023 2287 2351 2340 auctoritate.

1323 2364 1484 2417 Serva
1509 2364 1675 2434 igitur
1700 2364 2001 2416 latitudinem
2034 2377 2088 2417 et
2117 2367 2353 2437 intellige

1322 2444 1469 2496 hunc
1507 2462 1747 2515 aggerem
1777 2443 1937 2496 fuisse
1970 2445 2143 2516 priori
2170 2463 2358 2518 parem

1321 2522 1607 2577 latitudine
1646 2536 1701 2575 et
1742 2524 1880 2577 forte
1923 2524 2202 2578 altitudine
2244 2527 2359 2597 ipsa

1325 2616 1379 2658 et
1397 2601 1734 2675 longitudine
1751 2603 2021 2674 aequalem.
2040 2638 2120 2646 —
2138 2604 2353 2675 Conges-

1327 2688 1478 2737 titiuS.
1495 2682 1646 2735 MSS.
1658 2682 1854 2735 ElienS.
1866 2722 1882 2748 ,
1898 2684 1961 2736 R.
1973 2684 2358 2755 Angl.,Ursin.,

1327 2764 1515 2834 Scalig.
1534 2802 1551 2829 ,
1571 2763 1778 2825 Petam,
1800 2760 1950 2815 Leid.
1976 2784 2081 2835 pr.,
2104 2777 2157 2818 et
2176 2779 2359 2819 noster

1328 2847 1393 2897 R.
1414 2844 1681 2913 5764‚ita
1705 2843 1919 2896 habent.
1948 2844 2163 2897 Rectius
2192 2858 2359 2899 certe:

1328 2941 1466 2977 nam⁴
1485 2923 1627 2976 hanc
1650 2941 1837 2976 vocem
1867 2924 2119 2978 exhibent
2142 2926 2361 2981 Vitruv.

1331 3018 1384 3058 et
1403 3003 1718 3058 Columella.
1739 3002 1825 3056 Sic
1844 3008 2161 3073 importatitia
2168 3009 2362 3077 jumen-

1334 3096 1412 3147 ta,
1436 3084 1496 3138 B.
1520 3084 1587 3137 G.
1615 3085 1651 3136 l.
1674 3084 1836 3149 1V‚c.
1860 3104 1909 3137 τι.
1930 3084 2160 3156 Vulgata
2178 3100 2233 3140 et
2244 3106 2363 3141 nos-

1333 3177 1414 3218 ter
1451 3164 1601 3236 5768
1616 3202 1632 3230 ,
1658 3176 1925 3234 congestus.

1418 3264 1470 3297 π.
1499 3243 1625 3297 Aut.
1644 3244 1838 3297 Melius
1863 3264 2025 3316 quam
2041 3257 2200 3297 autem
2219 3245 2366 3317 quod

1334 3324 1496 3377 offert
1519 3325 1733 3395 vulgata
1758 3325 1934 3377 lectio.
1952 3348 2029 3359 -
2044 3324 2268 3395 Spatium
2292 3330 2367 3378 in-

1336 3417 1410 3456 ter
1452 3422 1629 3457 muros.
1663 3402 1731 3457 Id
1768 3404 1865 3457 etsi
1898 3424 2009 3457 non
2050 3404 2335 3457 definiatur
2350 3442 2367 3471 ,

1336 3486 1523 3557 ingens
1554 3502 1664 3538 esse
1682 3482 1893 3549 debuit,
1919 3483 2067 3556 quod
2087 3485 2371 3555 conjicitur

1337 3584 1402 3618 ex
1425 3564 1833 3636 interpositione
1849 3564 2097 3635 pilarum.
2116 3596 2199 3607 —-
2215 3564 2371 3617 Imbe-

1339 3646 1519 3697 cillitas
1547 3646 1776 3696 mater-icc.
1806 3641 2073 3697 Videlicet
2097 3645 2371 3715 contigna-

1340 3724 1519 3779 tionis.
1574 3722 1746 3777 Porro
1806 3721 1915 3775 duo
1968 3734 2177 3775 tantum
2233 3724 2375 3777 muri

1341 3818 1525 3869 erant,
1556 3822 1695 3857 unus
1721 3802 1938 3869 dextra,
1972 3804 2105 3855 alter
2132 3803 2375 3870 sinistra3

1341 3902 1464 3956 pars
1497 3884 1732 3937 anterior
1769 3882 1963 3953 pluteis
1976 3920 1993 3949 ,
2021 3884 2253 3937 cratibus
2281 3884 2375 3938 de-

1343 3962 1687 4028 fendebatur,
1723 3975 1785 4015 ut
1810 3974 1979 4033 patet,
2003 3964 2087 4016 his
2104 4002 2119 4029 ,
2155 3964 2378 4018 adver-sus

1339 4044 1498 4117 plutei
1513 4044 1713 4113 objectu.
1735 4042 1938 4096 Caetera
1955 4043 2011 4095 in
2028 4044 2129 4097 hac
2152 4042 2383 4118 descrip-

1347 4126 1495 4178 tione
1521 4123 1681 4197 plana
1708 4135 1833 4178 sunt
1858 4136 1914 4179 et
1938 4138 2137 4197 aperta.
