3025 5025
1032 493 1634 562 AFRICANo.
2223 492 2368 578 431

220 618 379 690 tus²
384 621 616 708 ‚bona
649 645 1020 717 paucorum
1054 625 1283 696 vendit
1320 624 1622 720 publice·
1650 623 1889 693 deinde
1925 623 2183 694 Allieno
2212 649 2379 721 prae—

219 713 399 795 tori³
407 731 601 823 ‚qui
618 729 903 799 Siciliam
934 729 1307 819 obtinebat,
1330 733 1413 801 de
1456 730 1766 802 omnibus
1793 729 2007 800 rebus
2044 734 2379 868 praecipit,

216 848 303 902 et·
296 835 401 904 de
433 835 688 931 reliquo
717 839 1008 906 exercitu
1045 835 1345 908 celeriter
1380 837 1804 933 imponendo.
1843 839 2034 906 Datis
2095 837 2378 908 manda-

215 942 331 1030 tis,
379 943 525 1036 ipse
564 967 803 1012 navem
849 943 1237 1014 conscendit
1266 969 1322 1015 a
1364 945 1425 1014 d.
1458 946 1579 1014 VI.
1617 942 1744 1014 kal.
1795 945 1938 1012 Jan.
1984 958 2051 1011 et
2101 943 2380 1037 reliquas

216 1071 432 1116 naves
490 1051 711 1118 statim
762 1063 862 1118 est
924 1065 1338 1120 consecutus.
1394 1054 1501 1119 Ita
1554 1065 1758 1120 vento
1814 1065 1998 1119 certo
2052 1048 2381 1143 celerique

216 1155 497 1248 navigio
522 1169 794 1243 vectus,
820 1170 972 1252 post
1008 1156 1181 1226 diem
1212 1172 1518 1252 quartam
1553 1181 1710 1228 cum
1745 1155 1958 1252 longis
1993 1159 2226 1252 paucis
2261 1180 2381 1226 na·

218 1260 421 1330 vibus
450 1263 523 1330 in
550 1277 981 1356 conspectum
1010 1263 1253 1334 Afrieae
1289 1265 1472 1332 venit
1500 1287 1515 1330 :
1551 1287 1838 1356 namque
1873 1264 2190 1332 onerariae
2222 1262 2381 1332 reli-

218 1390 372 1460 quae
391 1422 413 1456 ‚
459 1383 701 1464 praeter
740 1393 987 1463 paucas
1014 1422 1033 1456 ‚
1076 1385 1279 1438 vento
1330 1369 1640 1464 dispersae
1689 1383 1890 1463 atque
1941 1368 2334 1437 errabundae
2357 1423 2376 1454 ‚

218 1473 498 1543 diversa
522 1473 669 1544 loca
691 1476 1041 1572 petierunt.
1065 1474 1391 1571 Clupeam
1414 1475 1620 1544 classe
1642 1475 2182 1570 praeter-vehitur,
2196 1474 2379 1544 dein·-

215 1578 301 1648 de
335 1579 743 1676 Neapolim:
784 1581 1129 1675 complura
1172 1596 1491 1676 praeterea
1528 1579 1830 1670 castella,
1867 1594 1936 1649 et
1970 1579 2216 1676 oppida
2243 1606 2378 1652 non

217 1684 429 1782 longe
475 1713 515 1757 a
556 1690 723 1757 mari
762 1687 1091 1782 relinquit.

328 1796 469 1862 ΠΙ.
528 1795 882 1890 Postquam
942 1795 1383 1866 Adrumetum
1431 1794 1708 1864 accessit
1754 1767 1920 1882 (ubi
1963 1794 2380 1889 praesidium⁸

220 1879 373 1970 erat
408 1899 975 1984 adversariorum,
1009 1904 1116 1972 cui
1152 1916 1433 1997 praeerat
1472 1903 1548 1970 C.
1580 1893 2017 1989 Considius),
2047 1915 2114 1970 et
2141 1927 2182 1969 a
2211 1900 2379 1972 Clu-
2448 1979 2455 1996 ¹

218 2009 371 2100 peis
416 2005 787 2078 secundum
824 2033 1011 2078 oram
1048 2011 1447 2080 maritimam
1486 2033 1640 2076 cum
1677 2009 1976 2102 equitatu
2002 2007 2379 2095 Adrumeti‚
2489 2081 2500 2092 ,

224 2193 311 2246 bus
333 2191 557 2244 millibus
576 2192 869 2263 suspicatur
894 2193 1069 2247 Davis.
1104 2193 1267 2246 Hein-

222 2273 333 2326 sius
349 2313 369 2340 ,
392 2271 549 2331 LM„
574 2273 610 2324 i.
630 2291 676 2325 e.
703 2293 797 2324 uno
815 2273 1058 2325 milliario.
1074 2273 1179 2326 ΟΒ.
1198 2275 1264 2325 Ῑιι

223 2351 351 2406 cod.
388 2364 576 2404 nostro
608 2351 759 2422 5764
773 2391 790 2414 ,
811 2352 869 2405 τὸ
895 2373 992 2406 non
1012 2353 1155 2406 abest
1171 2372 1190 2418 3
1208 2353 1265 2405 in

223 2435 406 2486 altero
425 2445 603 2484 autem
626 2433 683 2485 in
706 2433 943 2503 margine
962 2433 1267 2486 restitutum

226 2509 499 2567 fuitNid.
528 2524 665 2566 nost.
689 2512 789 2566 Ed.
816 2525 857 2566 t.
879 2532 977 2579 111,
1002 2533 1057 2585 p.
1093 2534 1120 2566 2
1135 2517 1225 2568 16.

313 2614 375 2647 2.
409 2594 596 2665 Ipse....
626 2606 955 2646 commoratus.
986 2593 1073 2646 Sic
1100 2592 1267 2665 codex

226 2673 447 2729 Davisii
471 2713 485 2741 ‚
505 2671 668 2744 idque
696 2671 910 2727 videtur
926 2692 1113 2727 verum
1125 2692 1138 2726 :
1149 2675 1267 2730 vul·

222 2774 294 2827 go
310 2796 330 2823 ‚
382 2752 541 2825 ibique
588 2766 903 2805 commoratus
946 2774 965 2805 .·
1008 2751 1103 2805 sed
1144 2773 1265 2805 rur-

156 2836 161 2846 “
223 2856 320 2889 vsus
359 2852 502 2886 unus
540 2832 709 2885 codex
738 2834 937 2886 omittit
970 2834 1083 2885 haec
1114 2833 1269 2906 ibique

226 2924 559 2967 commoratus
580 2933 602 2975 ;
640 2912 861 2985 quidam
901 2914 1085 2984 ibique.
1108 2914 1267 2965 omit-

228 3007 383 3048 tunt.
405 2994 485 3047 M.
515 2994 689 3047 Bentl.
711 2994 839 3046 velit
846 3012 1122 3063 parumper.

318 3076 380 3127 3.
394 3074 599 3127 Allieno
614 3076 838 3144 praetori.
856 3073 1075 3125 Allienus
1096 3073 1268 3144 gentis

228 3172 443 3207 nomen
482 3154 548 3205 ab
592 3154 735 3207 Allia
770 3151 1058 3207 deductum
1078 3193 1095 3222 ,
1135 3165 1197 3204 ut
1238 3172 1271 3205 3

230 3234 487 3295 Nasidia,
526 3233 722 3295 Cluuia,
764 3232 955 3295 Satria,
992 3246 1082 3285 etc.
1122 3233 1175 3285 N
1176 3234 1271 3285 asi·

230 3314 463 3368 dienam
482 3350 499 3377 ,
546 3313 887 3379 Cluvienam,
938 3314 1231 3366 Satrienam
1252 3350 1267 3379 ,

230 3408 343 3450 etc.
381 3396 535 3447 Inter
562 3394 795 3465 plebeias
820 3407 996 3446 autem
1024 3394 1269 3447 versaba-

232 3488 333 3527 tur
359 3492 374 3527 ε
400 3491 527 3525 nam
547 3486 609 3531 et,
626 3474 865 3545 plebeius
892 3487 1004 3527 erat
1022 3474 1269 3529 tribunus

234 3556 283 3609 is
307 3553 410 3625 qui
428 3554 599 3625 legem
617 3552 686 3605 de
712 3553 951 3606 terminis
974 3554 1112 3607 tulit.
1137 3552 1271 3605 Nos-

233 3648 325 3697 ter
360 3645 541 3686 autem
567 3633 805 3687 Allienus
842 3634 963 3695 trib,
994 3634 1135 3703 pleb.
1168 3632 1273 3685 fuit

234 3735 327 3769 an.
368 3732 513 3784 70⁰3
542 3712 739 3783 sedilis,
760 3730 903 3787 7⁰²3
936 3725 1133 3783 praetor
1177 3731 1269 3763 ur·

234 3796 444 3857 banus,
469 3799 585 3865 7⁰4
606 3811 625 3859 ;
661 3806 715 3845 et
740 3792 1082 3864 peregrinus,
1118 3795 1230 3861 706
1252 3828 1275 3856 ‚

232 3874 338 3928 ubi
346 3886 635 3945 praeturam
642 3873 833 3928 Siciliae
840 3871 1074 3925 obtinuit
1084 3910 1100 3937 ,
1111 3889 1273 3941 quam

222 3956 351 4008 hoc
388 3954 514 4005 loco
551 3964 710 4005 tenet.
750 3952 1011 4005 Nummus
1056 3953 1168 4022 ejus
1197 3951 1273 4002 ita

234 4033 558 4104 insignitur:
570 4032 652 4086 -C..
664 4032 926 4087 CAESAR.
942 4031 1093 4084 IMP.
1118 4029 1270 4083 COS.

239 4114 439 4167 ITER.
486 4124 651 4185 eaput
684 4113 945 4177 Veneris;
986 4112 1042 4165 iu
1094 4129 1275 4169 aversa

242 4205 429 4269 parte,-
465 4191 659 4245 mulier
700 4191 871 4259 nuda,
908 4190 1045 4268 pede
1086 4189 1275 4243 dextro

1350 2211 1528 2265 prorae
1575 2193 1825 2264 imposito
1839 2230 1858 2257 ‚
1899 2204 1952 2244 et
1997 2191 2182 2246 dextra
2213 2211 2378 2246 mauu

1354 2285 1537 2324 tenens
1565 2277 1842 2344 triquetram
1856 2267 1876 2332 (
1888 2273 2115 2342 figuram
2133 2269 2377 2336 Siciliae):

1352 2350 1479 2404 vide
1512 2369 1672 2424 supra
1700 2352 1830 2404 Bell.
1874 2352 2023 2416 civ„
2049 2352 2087 2404 l.
2116 2370 2186 2404 111
2208 2390 2234 2420 ,ι
2255 2371 2379 2404 eum

1352 2432 1642 2504 epigraphe
1673 2433 1737 2484 A.
1763 2431 2214 2484 ALLIENVs—
2235 2431 2380 2484 PRO

1296 2531 1307 2539 ·
1355 2508 1507 2565 COS.
1544 2506 1806 2564 Nummus
1837 2514 1950 2581 ejus
1983 2513 2181 2583 absque
2212 2511 2379 2565 dubio

1354 2610 1515 2644 cusus
1535 2606 1600 2644 ut
1623 2591 1818 2647 Caesari
1847 2590 2198 2644 blandiretur.

1439 2679 1490 2737 4.
1513 2671 1822 2742 Imponenda.
1842 2672 2008 2723 Datis.
2031 2671 2194 2723 Tollit
2216 2690 2382 2743 punc·

1354 2764 1467 2803 tum
1496 2751 1768 2816 Clarkius‚
1789 2764 1849 2803 ut
1867 2734 2138 2821 sequentia
2159 2754 2378 2823 jungat:

1354 2850 1467 2885 non
1481 2833 1618 2884 male
1627 2843 1808 2901 ,put0.
1822 2833 1917 2886 Ast
1941 2830 2083 2883 Oud.
2103 2832 2232 2883 datas
2249 2850 2382 2883 man-

1354 2912 1482 2965 datis
1512 2913 1766 2983 glossema
1795 2930 1905 2963 esse
1939 2923 2110 2981 putat.
2123 2942 2205 2955 —
2221 2912 2294 2965 A.
2328 2912 2379 2963 d.

1360 2992 1417 3043 V
1410 2993 1441 3044 Ι
1470 2991 1567 3045 Ital.
1609 2993 1720 3061 jan.
1765 2991 1868 3043 Die
1903 2992 2092 3043 XXXI
2129 2992 2380 3044 octobris.

1435 3072 1566 3125 Car.
1580 3072 1690 3123 111.
1719 3088 1767 3124 ι.
1797 3071 1896 3123 Ubi
1909 3070 2111 3141 proesid.
2133 3071 2218 3125 Sic
2245 3090 2276 3124 e
2297 3090 2382 3125 co-

1356 3150 1564 3206 dicibus
1595 3149 1913 3216 Goduinus,
1945 3163 1997 3203 et
2025 3149 2376 3223 Oudendorp.

1357 3232 1569 3301 Vulgo,
1603 3231 1684 3283 ibi.
1713 3263 1794 3273 —
1826 3232 1904 3283 Et
1927 3251 1960 3283 a
1994 3230 2203 3302 Clupeis.
2239 3232 2381 3285 Male

1356 3312 1788 3382 conjunctionem
1801 3310 2018 3364 damnat
2029 3312 2288 3366 Davisius.
2300 3344 2382 3354 --

1357 3390 1620 3453 Adrumeti
1629 3430 1646 3454 ,
1686 3391 1780 3445 Cn.
1800 3393 1936 3445 Piso.
1959 3392 2028 3445 In
2057 3392 2192 3443 mira
2218 3389 2376 3444 codd.

1355 3471 1608 3525 varietate
1635 3472 1886 3541 legerim:
1918 3471 2238 3524 Adrumetum
2261 3490 2382 3542 pro·

1344 3552 1506 3617 fectus
1535 3550 1626 3603 Cn.
1650 3552 1770 3602 Piso
1794 3570 1900 3603 cum
1923 3551 2116 3603 Mauris
2131 3554 2262 3611 circ„
2279 3562 2382 3604 ete.

1356 3627 1558 3681 Addidi
1607 3630 1832 3681 verbum
1871 3632 2115 3701 projectus
2138 3650 2160 3692 ;
2197 3642 2384 3683 eaetera

1357 3710 1538 3761 omnia
1567 3710 1624 3761 in
1652 3707 1810 3762 codd.
1843 3722 2062 3761 exstant.
2084 3710 2160 3761 M.
2181 3709 2382 3763 Contra

1358 3788 1501 3841 Oud.
1528 3789 1842 3854 arbitratur,
1861 3808 1966 3839 cum
1983 3793 2196 3861 equitatu
2215 3789 2384 3842 Adru-

1356 3873 1471 3921 meti
1510 3864 1645 3940 (pro
1688 3886 1795 3939 quo
1840 3870 1989 3921 malit
2017 3866 2380 3934 Adrumetina)

1358 3962 1594 4021 spectare
1639 3946 1709 4001 ad
1755 3947 2072 4001 Considium
2097 3967 2113 4013 ;
2156 3947 2382 4020 proinde
2474 4014 2480 4022 ·

1360 4028 1748 4102 postAdrumeti
1753 4047 1962 4093 comma
1973 4028 2128 4100 ponit
2141 4046 2154 4081 ε
2165 4046 2374 4100 sequor.
2413 4082 2418 4085 ,

1360 4110 1394 4160 J
1396 4109 1603 4163 urinius
1632 4109 1736 4179 legi
1761 4106 1946 4163 suadet
1968 4126 1983 4161 ε
2005 4129 2039 4159 a
2069 4108 2148 4161 Ct.
2188 4128 2280 4161 sec.
2307 4128 2382 4161 or.

1364 4210 1423 4243 m.
1456 4190 1549 4243 Cn.
1571 4190 1691 4241 Piso
1705 4208 1810 4241 cum
1827 4193 2035 4261 equitum
2056 4190 2223 4243 Maur.
2247 4209 2289 4240 c.
2321 4201 2384 4240 tr.
