3025 5025
647 451 799 539 384
1449 454 1592 524 DE
1648 454 2009 524 BELLO

645 610 934 680 quorum
981 582 1301 679 religione
1360 586 1623 679 precari
1665 584 1965 658 offensos
2006 585 2343 678 iratosque
2386 585 2664 655 animos¹
2686 609 2782 653 re-

647 718 808 787 gum
850 706 1042 761 erant
1089 690 1300 778 soliti,
1343 691 1723 766 advenienti
1768 693 2018 765 Caesari
2063 706 2517 771 occurrerunt
2540 744 2560 778 ‚
2608 716 2785 784 seque

647 801 708 866 ei
743 797 1162 871 dediderunt.
1211 800 1439 867 Caesar
1483 800 1553 873 in
1596 798 1799 870 fidem
1866 813 2175 893 receptos
2234 796 2615 869 consolatus
2632 850 2653 885 ,
2684 822 2788 891 per

645 904 1384 977 hostium*munitiones
1419 906 1489 975 in
1541 929 1731 976 suam
1769 920 2031 999 partem
2076 904 2309 1000 oppidi
2364 928 2610 999 magna
2648 928 2787 999 gra·-

646 1011 970 1083 tulatione
1013 1013 1198 1084 venit
1237 1036 1514 1089 suorum
1548 1064 1569 1098 ‚
1604 1014 1719 1107 qui
1771 1037 1909 1082 non
1964 1026 2227 1083 tantum
2282 1010 2537 1083 bellum
2594 1013 2788 1105 ipsum

646 1142 726 1188 ac
770 1116 1299 1205 dimicationem,
1325 1118 1443 1190 sed
1485 1120 1687 1195 etiam
1732 1117 1937 1191 talem
1972 1118 2339 1190 adventum
2376 1119 2521 1211 ejus
2558 1116 2788 1187 felicem

645 1224 848 1297 fuisse
884 1224 1280 1296 laetabantur
1305 1223 1348 1293 ².

753 1335 1084 1404 XXXIII.
1145 1334 1370 1403 Caesar
1391 1383 1410 1417 ‚
1453 1332 1745 1426 AEgypto
1806 1345 2009 1425 abque
2051 1330 2453 1403 Alexandria
2513 1331 2747 1426 potitus
2772 1385 2790 1418 ‚

647 1464 838 1533 reges
875 1440 1255 1524 constituit,
1297 1462 1466 1532 quos
1502 1437 1899 1511 Ptolemaeus
1942 1437 2379 1509 testamento¹
2428 1439 2789 1532 scripserat,

647 1560 848 1639 atque
878 1546 1248 1615 obtestatus
1275 1559 1418 1637 erat
1450 1544 1779 1639 populum
1810 1547 2195 1617 Romanum
2216 1598 2237 1632 ‚
2260 1570 2347 1615 ne
2372 1558 2787 1615 mutarentur.

645 1654 858 1736 Nam,
887 1652 1140 1745 majore
1173 1676 1255 1721 ex
1284 1651 1550 1722 duobus
1588 1652 1811 1745 pueris
1840 1676 1997 1745 rege
2030 1653 2271 1723 amisso
2288 1704 2307 1735 ‚
2331 1652 2573 1723 minori
2598 1666 2790 1723 trans-

647 1758 815 1828 didit
879 1782 1162 1853 regnum
1181 1812 1200 1844 ‚
1255 1758 1625 1852 majorique
1668 1783 1751 1830 ex
1794 1758 2059 1831 duabus
2122 1758 2275 1831 filiis
2299 1812 2319 1845 ,
2363 1757 2731 1853 Cleopatrae
2753 1754 2791 1843 ²,

647 1890 796 1958 quae
819 1879 1158 1945 manserat
1184 1867 1256 1936 in
1274 1864 1406 1939 fide
1425 1864 1879 1961 praesidiisque
1900 1866 2041 1958 ejus
2062 1890 2077 1937 ε
2102 1867 2427 1937 minorem
2446 1866 2761 1935 Arsinoen
2774 1914 2791 1943 ,

648 1971 842 2064 cujus
873 1973 1144 2044 nomine
1172 1971 1288 2039 diu
1316 1996 1630 2066 regnasse
1662 1973 2070 2067 impotenter
2104 1972 2543 2065 Ganymeden
2580 1971 2793 2041 docui-

647 2102 798 2147 mus
816 2130 836 2164 ,
872 2077 1204 2147 deducere
1242 2103 1326 2149 ex
1363 2104 1577 2173 regno
1622 2081 1883 2163 statuit3
1908 2103 1995 2150 ne
2029 2103 2162 2172 qua
2196 2104 2429 2149 rursus
2464 2103 2643 2147 nova
2678 2078 2792 2147 dis·

647 2186 902 2271 sensio,
929 2187 1320 2279 priusquam
1347 2184 1786 2256 diuturnitate
1814 2184 2379 2261 confirmarentur
2414 2210 2649 2280 regum
2677 2186 2791 2253 im·

647 2292 833 2385 peria
848 2276 898 2377 ³,
938 2316 1060 2387 per
1097 2291 1401 2362 homines
1443 2291 1792 2367 seditiosos
1838 2306 2249 2365 nasceretur,
2290 2294 2589 2387 Legione
2628 2306 2791 2361 vete-

647 2525 770 2580 edd.
801 2539 911 2580 ant.
961 2544 1086 2581 cum
1119 2511 1374 2581 Oudend'.
1407 2525 1687 2582 meliorem

646 2608 932 2662 lectionem
949 2625 1060 2662 esse
1071 2619 1226 2676 puto,
1241 2606 1322 2660 M.
1343 2605 1430 2658 Sic
1449 2619 1504 2658 et
1513 2607 1576 2660 Β.
1592 2606 1683 2666 C..

1773 2529 2025 2596 §mmm
2050 2525 2214 2580 fuisse
2240 2524 2376 2578 dicit
2404 2527 2793 2579 matrimonium

1774 2607 2077 2678 Cleopatrae
2120 2624 2245 2661 cum
2300 2607 2404 2661 hoc
2452 2625 2551 2660 suo
2598 2608 2793 2662 stati-e:

647 2706 722 2753 11,
742 2687 834 2756 39.
854 2685 1123 2740 Caeterum
1151 2706 1244 2756 pro
1279 2685 1336 2736 in
1372 2685 1685 2756 compositis

647 2785 788 2838 saepe
804 2767 1086 2836 oequiiralet
1103 2773 1173 2838 τῷ
1185 2763 1448 2836 proe.Vid.
1465 2765 1684 2836 Sciopp.

649 2847 806 2918 Susp.
825 2847 947 2904 lect,
968 2864 1046 2910 iv,
1059 2865 1144 2916 ep.
1169 2864 1193 2902 1
1206 2853 1259 2910 4.
1274 2845 1682 2900 One-Prema.

648 2925 894 2980 Jurinius
925 2942 1046 2981 cum
1082 2925 1328 2980 Manutio
1357 2925 1540 2978 mallet
1570 2926 1686 2996 plaa-

651 3027 778 3058 care.
816 3003 921 3057 Sed
948 3003 1109 3058 codd.
1144 3024 1256 3058 non
1283 3002 1558 3058 addicunt·

735 3106 765 3138 α
779 3126 790 3138 .
814 3086 1025 3137 Felicem
1043 3087 1204 3152 fuisse
1235 3085 1547 3138 laetabantur.
1582 3086 1685 3136 De·

649 3167 872 3220 leverim
891 3167 1118 3233 filicem,
1151 3178 1208 3218 et
1237 3184 1339 3236 pro
1370 3184 1436 3218 eo
1467 3183 1497 3216 e
1526 3183 1687 3236 supe-

652 3245 884 3298 rioribus
918 3247 1026 3298 huc
1054 3245 1329 3317 posuerim
1373 3245 1533 3297 talem.
1566 3246 1684 3296 Lae-

654 3327 906 3378 tabantur
917 3364 936 3391 ‚
953 3344 1064 3378 non
1088 3338 1297 3377 tantum
1311 3325 1512 3392 bellum
1528 3337 1581 3376 et
1599 3322 1684 3376 di-

650 3406 992 3459 micationem
1048 3406 1207 3476 talem
1241 3399 1434 3466 (talem
1450 3442 1468 3470 ,
1511 3405 1685 3474 qualis

648 3487 856 3550 fuerat,
879 3486 935 3538 h.
963 3503 1008 3538 e.
1041 3481 1279 3548 felicem)
1305 3484 1500 3548 fuisse,
1518 3482 1611 3540 sed
1632 3496 1686 3538 et

651 3564 942 3619 adventum
983 3565 1146 3620 fuisse
1176 3566 1336 3618 talem
1357 3559 1379 3626 (
1397 3564 1456 3620 h.
1483 3583 1531 3618 e.
1566 3565 1685 3618 feli·

652 3642 822 3711 cem).
837 3646 1038 3716 ‘Voluit
1067 3663 1193 3716 ergo
1221 3645 1412 3716 aliquis
1443 3643 1581 3699 illud
1606 3657 1685 3695 ta-

653 3727 744 3780 lem
770 3726 1064 3798 explicere,
1081 3724 1312 3796 ideoque
1337 3723 1550 3779 addidit
1568 3726 1688 3792 seli-

651 3826 770 3860 cem.
789 3807 866 3858 M.
891 3808 1026 3858 Rem
1056 3825 1158 3858 acu
1187 3805 1361 3876 tetigit
1385 3806 1593 3861 Morus.
1612 3804 1681 3858 Ο.

733 3887 864 3940 Cn.
889 3886 1154 3941 XXXIII.
1179 3904 1226 3940 ι.
1251 3887 1583 3940 Testamenta.
1604 3887 1685 3940 De

653 3968 716 4021 Β.
745 3967 838 4034 C.‚
861 3966 956 4020 lib.
989 3985 1094 4031 111,
1117 3985 1234 4037 cap.
1257 3967 1386 4020 108.
1402 3967 1480 4020 M.

735 4066 790 4100 τι.
813 4046 1102 4117 Cleopatrae.
1129 4047 1236 4102 Dio
1268 4040 1640 4108 Cassius(m1
1666 4083 1683 4110 ,

655 4121 765 4192 44)
800 4145 922 4180 cum
953 4127 1054 4180 hac
1084 4126 1334 4180 societate
1369 4126 1523 4198 regni
1550 4144 1681 4180 con·

1771 2705 1969 2758 nempe
1984 2724 2001 2751 ,
2042 2698 2104 2738 ut
2146 2705 2285 2738 uxor
2329 2685 2510 2739 fratris
2557 2699 2609 2739 et
2654 2685 2792 2760 pueri

1772 2767 1956 2818 omnia
1978 2777 2159 2837 posset
2180 2779 2234 2818 et
2255 2779 2461 2820 teneret
2486 2767 2616 2819 sola.
2637 2767 2711 2818 M.
2725 2795 2794 2808 --

1774 2847 2109 2914 —Regaeme
2142 2849 2440 2917 &repetentem
2462 2845 2635 2918 Supra
2650 2885 2669 2911 ‚
2688 2863 2790 2916 cap.

1780 2928 1849 2980 23
1867 2964 1885 2992 ,
1910 2925 2111 2980 dicitur
2140 2924 2506 2980 crudelissima
2534 2927 2790 2998 Ganyme·

1773 3003 1857 3058 dis
1903 3004 2205 3058 dominatio
2240 3025 2255 3058 ε
2300 3017 2353 3059 et
2396 3005 2599 3060 dicitur
2644 3006 2790 3060 homo

1770 3083 2032 3155 impotens,
2061 3086 2301 3157 quisquis
2332 3105 2389 3139 se
2427 3105 2539 3138 non
2565 3087 2721 3140 habet
2741 3086 2791 3136 in

1772 3177 2063 3237 potestate,
2080 3165 2175 3220 sed
2196 3185 2303 3219 suoe
2328 3165 2547 3219 libidini
2574 3179 2631 3220 et
2650 3180 2794 3219 teme·

1772 3247 1920 3300 ritati
1952 3247 2135 3300 omnia
2166 3244 2442 3318 indulget;
2474 3259 2567 3300 aut
2598 3247 2675 3300 ira
2712 3250 2789 3299 im·

1764 3338 1956 3397 potens,
1981 3343 2099 3397 quoe
2116 3322 2361 3398 impedit,
2378 3328 2672 3398 quominus
2687 3323 2791 3396 quis

1772 3425 1830 3458 se
1864 3406 2057 3458 habeat
2094 3407 2153 3458 in
2193 3419 2485 3478 potestate3
2526 3421 2620 3460 aut
2656 3421 2791 3476 agere

1774 3485 1979 3556 aliquid
2008 3490 2315 3558 impotenter,
2352 3487 2449 3558 qui
2479 3487 2591 3557 agit
2618 3489 2714 3552 ita,
2739 3495 2791 3536 ut

1774 3585 1829 3618 se
1854 3585 2135 3638 nunquam
2158 3567 2409 3620 refrenet.
2435 3567 2517 3621 M.
2542 3599 2623 3610 -—
2638 3564 2792 3618 Dedu-

1774 3666 1879 3700 σιω
1908 3667 1969 3698 ex
2010 3667 2162 3717 negem
2186 3652 2374 3700 statuit.
2418 3644 2603 3700 Finito
2631 3646 2761 3698 bello
2774 3681 2789 3710 ,

1775 3725 2263 3800 CasanArsinoen,
2294 3745 2407 3781 non
2438 3728 2555 3780 sine
2578 3724 2789 3788 invidis,

1772 3806 1832 3858 in
1881 3806 2221 3878 triumphum
2256 3805 2431 3860 duxit.
2461 3808 2567 3860 Dio
2624 3807 2757 3859 Cass.
2772 3841 2787 3868 ,

1773 3904 1941 3951 um,
1980 3905 2067 3956 ¹9·
2092 3887 2245 3940 Idem.
2336 3923 2343 3927 -

1858 3968 1915 4020 3.
1932 3967 2119 4036 Regum
2146 3971 2363 4039 imperia,
2384 3968 2513 4038 [εὖ
2532 3985 2655 4020 cum
2670 3965 2787 4034 Lip-

1773 4046 1855 4100 εἰσ
1871 4085 1888 4112 ,
1916 4051 2053 4117 regia
2084 4052 2313 4119 nuper-ia,
2350 4046 2409 4100 id
2438 4059 2550 4114 est,
2580 4048 2787 4115 Cleopa-‚-

1778 4139 1871 4180 trae
1902 4140 1957 4180 et
2002 4128 2180 4184 fratris
2206 4146 2221 4180 ε
2254 4129 2367 4197 vel·
2388 4145 2515 4182 eum
2558 4124 2788 4184 Duritia,
