3025 5025
584 461 728 542 124
866 460 942 528 c,
1001 460 1286 529 JULII
1342 459 1817 528 cAEsAms
1872 412 2425 528 COMMENT.

572 588 750 659 enim
793 589 932 658 fere
975 615 1056 660 ex
1097 591 1310 660 tribus
1355 589 1593 684 oppidi
1630 589 1933 684 partibus
1970 589 2142 658 mari
2181 586 2515 657 adluitur:
2558 583 2733 654 reli-

575 718 706 790 qua
743 711 981 789 quarta
1017 711 1117 766 est
1137 751 1156 785 ,
1183 681 1388 792 quae3
1435 695 1691 766 aditum
1730 695 1934 764 habet
1976 720 2015 763 a
2052 710 2247 764 terra.
2296 695 2513 788 Hujus
2544 717 2735 786 quo·-

574 825 706 894 que
741 805 935 896 spatii
974 828 1130 898 pars
1180 828 1294 891 ea,
1339 828 1486 897 quae
1532 803 1616 871 ad
1658 826 1879 872 arcem
1917 804 2235 897 pertinet,
2288 799 2419 871 loci
2478 813 2736 868 natura

575 921 644 975 et
685 907 856 977 valle
893 908 1210 979 altissima
1245 911 1535 996 munita,
1570 909 1838 1004 longam
1878 922 1946 977 et
1977 907 2313 978 difficilem
2350 907 2556 976 habet
2600 931 2737 1004 op·

571 1017 1071 1109 pugnationem.
1109 1016 1215 1086 Ad
1247 1041 1336 1085 ea.
1360 1014 1768 1111 perficienda
1804 1040 2009 1109 opera
2048 1016 2124 1084 C.
2160 1014 2541 1084 Trebonius
2580 1037 2735 1082 ma-

572 1145 774 1215 gnam
845 1122 1308 1214 jumentorum
1380 1137 1579 1216 atque
1652 1122 2003 1191 hominum
2078 1119 2572 1190 multitudinem
2646 1143 2738 1186 ex

571 1229 757 1295 omni
800 1230 1146 1323 provincia
1186 1244 1386 1298 vocat
1424 1256 1439 1296 :
1484 1229 1734 1297 vimina
1791 1230 2271 1322 materiamque
2314 1227 2737 1321 comportari

561 1331 774 1425 jubet.
813 1337 1076 1423 Quibus
1121 1337 1525 1431 comparatis
1564 1335 1763 1404 rebus
1784 1389 1803 1422 ,
1847 1359 2159 1430 aggerem
2196 1336 2267 1402 in
2304 1332 2733 1402 altitudinem

569 1439 818 1533 pedum
863 1444 1128 1510 LXXX
1169 1443 1466 1511 exstruit.

676 1549 770 1615 II.
816 1547 946 1616 Sed
981 1548 1148 1617 tanti
1185 1563 1376 1617 erant
1401 1548 1766 1641 antiquitus
1794 1548 1861 1615 in
1892 1545 2143 1642 oppido
2170 1547 2469 1615 omnium
2496 1569 2736 1612 rerum

571 1651 657 1719 ad
683 1651 932 1722 bellum
961 1669 1351 1749 apparatus,
1370 1669 1687 1748 tantaque
1718 1652 2079 1722 multitudo
2106 1667 2631 1740 tormentorum,
2653 1665 2738 1719 ut

571 1783 807 1827 eorum
841 1761 978 1828 vim
1005 1759 1202 1830 nullae
1232 1776 1559 1830 contextae
1595 1761 1954 1830 viminibus
1987 1761 2197 1830 vineae
2228 1761 2551 1828 sustinere
2576 1783 2737 1852 pos-

573 1879 736 1934 sent.
775 1867 1050 1935 Asseres
1079 1867 1258 1935 enim
1289 1867 1537 1961 pedum
1564 1869 1702 1934 XII
1722 1865 1767 1954 ¹,
1796 1866 2181 1962 cuspidibus
2209 1865 2492 1960 praefixi,
2526 1879 2738 1959 atque

575 2043 732 2096 affert
744 2044 1008 2108 Davisius,
1023 2046 1164 2097 inter
1177 2063 1294 2115 quae
1306 2045 1606 2098 notavimus
1687 2051 2108 2118 propinquantem,
2132 2049 2345 2116 promoti
2370 2057 2539 2096 contra
2567 2046 2739 2098 validi

557 2122 712 2190 ‚illud
727 2124 1024 2195 Propertii,
1039 2124 1189 2196 eleg„
1208 2126 1242 2176 l.
1261 2144 1302 2191 1,
1326 2144 1482 2195 17‚v.
1505 2143 1605 2194 27:
1696 2145 1873 2177 asseres
1916 2138 1965 2177 et
2002 2128 2201 2178 incussae
2240 2126 2395 2176 trabes
2427 2126 2735 2196 perfregere.

625 2206 843 2259 Siquando
857 2217 1006 2246 vestras
1019 2207 1158 2246 lahem
1173 2221 1284 2246 amor
1301 2209 1427 2260 attigit
1440 2209 1581 2246 undas.

573 2282 679 2336 Sed
697 2283 800 2336 hoc
823 2285 1048 2337 verbum
1070 2286 1341 2356 ἀρχαισμὸς
1370 2283 1602 2338 videtur.

575 2364 860 2427 UsitatiuS,
902 2370 1132 2434 attingit;
1178 2364 1324 2435 quod
1363 2365 1608 2417 firmatur

510 2455 512 2458 ’
575 2461 642 2496 ex
671 2442 996 2497 editionibus
1022 2445 1216 2496 S'rnru.
1233 2457 1286 2496 et
1303 2447 1524 2498 Vascos.

662 2525 715 2577 3.
749 2525 954 2596 Reliqua
984 2538 1159 2597 quarta
1198 2536 1292 2587 est,
1345 2546 1474 2598 quoe,
1515 2537 1605 2577 etc.

576 2604 778 2657 Ursino
821 2616 874 2656 et
907 2606 1193 2659 Ciacconio
1225 2618 1466 2676 suspecta
1503 2624 1611 2659 vox

580 2685 778 2754 reliqua,
804 2698 857 2737 et
880 2698 1104 2756 uterque
1131 2685 1314 2755 legunt
1344 2706 1464 2758 qua,
1496 2704 1608 2737 non

580 2784 688 2835 quae
703 2786 724 2825 ,·
746 2764 825 2818 nil
847 2778 1008 2817 muta.
1027 2766 1197 2817 Porro
1206 2771 1226 2826 ‘,
1247 2763 1474 2817 Massilia
1495 2766 1611 2816 solis

583 2844 709 2894 mille
737 2847 1005 2915 quingentis
1029 2845 1250 2914 passibus
1283 2856 1422 2895 ter-ra.»
1451 2846 1609 2895 cohoe-

583 2934 679 2984 ret,
717 2942 813 2993 qua
839 2922 1143 2993 firmissimus
1175 2936 1224 2974 et
1264 2924 1470 2975 turribus
1499 2925 1610 2991 sne-

583 3021 728 3073 quens
757 3022 916 3054 mut-as
942 3007 1222 3073 opponitur,-
1243 3014 1305 3054 ut
1328 3015 1510 3055 auctor
1536 3016 1615 3056 est

582 3082 875 3134 Eumenius
890 3120 906 3147 ,
926 3082 1186 3154 Panegyr.
1205 3101 1291 3149 w,
1323 3102 1370 3135 c.
1399 3102 1422 3135 1
1437 3102 1489 3151 9.

667 3161 796 3213 Car.
827 3162 898 3214 11.
926 3181 976 3214 1.
1007 3163 1206 3215 Asseres
1223 3167 1348 3214 enim
1367 3163 1479 3233 ped.
1503 3182 1608 3224 111,

586 3240 857 3312 cuspidibus
863 3240 1079 3312 praefixi.
1094 3244 1241 3295 Inter
1261 3242 1496 3296 remedia
1520 3242 1613 3295 ad-

585 3340 769 3375 versus
806 3332 1005 3386 turreS,
1045 3323 1193 3374 fuere
1232 3323 1362 3375 olim
1406 3325 1581 3376 trabes
1596 3360 1612 3388 ,

587 3420 718 3472 quas
730 3400 965 3453 incutere
976 3402 1234 3467 solebant,
1247 3401 1314 3454 ad
1328 3403 1619 3473 infringen-

589 3479 682 3537 das
705 3500 807 3533 eas.
837 3479 997 3534 Unde
1023 3482 1112 3535 hic
1138 3501 1236 3553 per
1263 3502 1438 3533 asseres
1467 3496 1619 3554 puta-

586 3562 680 3613 bat
720 3560 971 3615 Hotman.
1007 3562 1162 3624 trabes
1188 3560 1449 3615 denotari.
1482 3563 1617 3625 Sane

587 3660 778 3712 parum
797 3642 987 3706 refert,
1015 3661 1208 3695 asseres
1227 3662 1296 3695 an
1314 3644 1489 3701 trabes
1506 3644 1619 3695 fue-

587 3722 700 3774 rint
722 3739 737 3774 :
767 3721 968 3774 interea
996 3734 1193 3774 temere
1219 3742 1388 3775 unum
1409 3741 1510 3793 pro
1542 3724 1617 3774 al-

589 3813 706 3853 tero
745 3820 855 3854 non
894 3800 1261 3873 accipiendum
1276 3840 1295 3868 ‚
1335 3801 1491 3855 docet
1532 3821 1619 3853 me

587 3892 866 3934 auctorum
895 3882 1257 3952 gravissimus,
1296 3882 1389 3952 qui
1435 3882 1619 3935 Histo-

590 3960 718 4013 riar.
742 3978 800 4013 ιν
829 3961 984 4027 1ἱ1)ι·.,
1011 3980 1056 4015 c.
1081 3963 1154 4015 30
1171 4001 1188 4027 ,
1216 3962 1321 4015 ait:
1355 3962 1623 4014 eduxerant

593 4040 779 4092 Batavi
801 4044 968 4092 turrim
995 4041 1181 4112 duplici
1204 4042 1448 4105 tabulato,
1477 4064 1619 4115 quam

591 4120 850 4176 Proetorioe
859 4118 1055 4191 portoe(
1073 4124 1114 4173 is
1138 4126 1440 4193 oequissimus,
1455 4120 1619 4189 locus)

1696 2207 1885 2276 Neque
1914 2205 2005 2258 hio
2032 2204 2176 2258 dicat
2211 2205 2475 2277 quispiam
2512 2223 2611 2276 per
2648 2223 2737 2258 as-

1693 2305 1833 2338 seres
1862 2297 1917 2338 et
1946 2286 2120 2338 trabes
2152 2284 2392 2338 eamdem
2416 2303 2532 2336 rem
2563 2283 2737 2337 deno-

1695 2366 1827 2418 tari:
1848 2378 2033 2418 contra
2056 2383 2263 2417 morem
2284 2365 2456 2416 Taciti
2477 2365 2609 2430 hoc,
2634 2365 2735 2434 qui

1693 2446 2033 2517 supervacuis
2062 2445 2239 2498 verbis
2267 2463 2379 2496 non
2405 2445 2594 2497 utitur.
2623 2443 2735 2496 Sed

1694 2526 1925 2579 sufficit:
1953 2545 2129 2597 neque
2157 2526 2302 2578 enim
2334 2525 2467 2579 tanti
2497 2544 2583 2578 res
2614 2538 2727 2588 est,

1696 2604 1911 2676 quando
1928 2606 2043 2658 loca
2058 2605 2418 2678 reperiuntur,
2429 2605 2624 2676 quibus
2646 2624 2732 2658 as-

1696 2705 1779 2738 ser
1787 2704 1887 2757 pro
1902 2687 2051 2737 trabe
2065 2698 2314 2756 ponatur.
2327 2686 2646 2738 D.VossmS.
2661 2716 2734 2728 —

1696 2766 1911 2818 Asseres.
1943 2765 2011 2817 H.
2034 2765 2073 2817 l.
2099 2765 2243 2835 tigna
2268 2764 2537 2822 tenuiora,
2565 2784 2733 2835 quam

1696 2846 1869 2897 trabes
1898 2864 2009 2898 esse
2034 2845 2235 2909 solent,
2256 2855 2319 2896 ut
2346 2846 2392 2897 si
2417 2846 2593 2897 trabes
2617 2843 2733 2896 dis-

1698 2936 1848 2977 sectae
1878 2936 2049 2977 essent
2076 2925 2132 2976 in
2165 2926 2309 2995 tigna
2334 2924 2594 2976 tenuiora.
2624 2924 2733 2977 Ut-

1697 3023 1926 3074 cumque
1961 3004 2099 3057 verti
2141 3004 2341 3075 poterit
2370 3022 2384 3055 :
2418 3005 2499 3055 des
2530 3005 2735 3073 perches

1594 3106 1602 3119 =
1687 3086 1803 3151 fort
1824 3088 2047 3155 e‘paisses,
2071 3085 2269 3153 longaes
2290 3084 2349 3135 de
2377 3102 2459 3137 ΧΠ
2478 3083 2649 3155 piceis,
2686 3096 2737 3135 et
2826 3114 2832 3123 ·

1692 3167 1913 3235 pointues
1934 3184 2031 3235 par
2055 3166 2099 3215 le
2130 3164 2261 3215 boat.
2284 3196 2359 3205 —-
2382 3164 2615 3216 Maximis
2646 3163 2734 3214 ba-

1700 3245 1837 3297 listis.
1871 3246 1952 3296 De
1984 3244 2380 3315 scorpionibus,
2408 3244 2609 3296 balistae
2638 3262 2735 3314 ge·

1698 3343 1853 3389 nere,
1880 3326 1989 3395 jam
2020 3323 2277 3389 diximus,
2309 3324 2346 3375 l.
2380 3324 2522 3388 VH,
2550 3342 2597 3377 c.
2635 3324 2733 3391 25,

1700 3404 1832 3456 Bell.
1864 3403 2031 3469 Gall„
2059 3424 2113 3456 n.
2154 3402 2214 3469 5,
2245 3422 2365 3475 pag.
2410 3404 2543 3456 315.
2586 3402 2654 3455 H.
2692 3404 2729 3455 l..

1703 3483 1897 3541 ballista
1915 3504 1944 3535 a
1964 3485 2155 3550 βάλλειν
2170 3484 2336 3535 verbo
2356 3501 2550 3553 graeco,
2568 3501 2735 3554 quan-

1701 3581 1863 3634 quam
1892 3564 2067 3616 Graeci
2096 3563 2233 3615 hanc
2262 3564 2562 3615 machinam
2590 3582 2733 3615 nun-

1702 3662 1862 3715 quam
1893 3644 1967 3695 ita
1994 3662 2277 3708 vocavere,
2310 3640 2729 3724 κάλιθοὲῦους,

1678 3764 1684 3769 .
1702 3720 2045 3793 πετροΰόλους,
2056 3721 2384 3793 πετροὸολικὰ
2400 3722 2733 3793 ὅργανα,ᾳι]ἇει

1702 3802 2018 3875 plerumque
2034 3801 2235 3874 lapides
2252 3803 2538 3873 jaciebant,
2568 3800 2662 3853 sed
2680 3813 2735 3853 et

1704 3883 1830 3937 alias
1858 3902 2071 3955 quoque
2088 3902 2172 3935 res
2192 3922 2207 3949 ‚
2234 3895 2294 3934 ut
2318 3882 2407 3935 hic
2434 3898 2655 3947 asseres3
2680 3893 2733 3934 et

1706 3964 1763 4016 in
1792 3963 2035 4017 Athenai
2054 3964 2128 4028 V,
2160 3981 2206 4015 c.
2244 3964 2351 4027 43,
2389 3961 2459 4015 de
2482 3962 2733 4013 Hieronis

1704 4044 1844 4115 regis
1872 4062 2033 4109 nave,
2060 4043 2147 4095 cui
2169 4043 2339 4095 Faber
2360 4040 2731 4095 Archimedes:

1708 4127 1878 4191 Τεῖχος
1910 4119 1969 4175 δὲ
1992 4122 2411 4191 ἐπάλξειςβχον,
2450 4122 2535 4175 καὶ
2576 4138 2731 4183 κοιτα-
