3025 5025
585 443 727 510 DE
774 437 1123 510 BELLO
1179 439 1538 511 CIVILI.
1597 441 1792 510 LIB..
1841 443 2000 510 III.

2235 467 2403 540 217-

244 569 425 668 loqui
444 571 525 641 de
546 597 712 670 pace
728 627 747 664 ‚
762 587 961 668 atque
979 572 1289 642 altercari
1310 598 1465 642 cum
1484 574 1758 643 Vatinio
1785 574 2038 670 incipit.
2071 575 2380 664 Quorum

240 679 525 749 mediam
564 681 939 752 orationem
968 681 1469 801 interrumpunt
1494 679 1798 774 undique
1829 681 2048 749 subito
2084 681 2270 750 tela
2251 708 2382 750 nna·

238 787 465 876 missa,
500 811 651 882 quae
690 785 799 858 ille
842 787 1149 856 obtectus
1202 787 1403 856 annis
1462 785 1754 855 militum·
1804 787 2096 855 vitavit7.
2126 787 2382 858 Vulne-

238 907 469 962 rantur
520 908 751 962 tamen
792 890 1223 987 complures3
1258 895 1329 961 in
1370 893 1474 962 his
1531 891 1880 963 Cornelius
1929 879 2221 962 Balbus⁸
2226 896 2382 980 ‚M.

235 997 536 1087 Plotius,
581 1003 660 1069 L.
712 1000 1053 1069 Tiburtius
1112 1001 1574 1083 centuriones,
1628 999 1996 1094 militesque
2054 998 2375 1068 nonnulli.

233 1105 401 1173 Tum
438 1107 779 1176 Labienus
824 1132 840 1174 ε

895 1135 929 1171 α
960 1108 1263 1176 Desinite
1304 1130 1469 1200 ergo>
1502 1105 1587 1174 de
1631 1107 2110 1200 compositione
2155 1103 2377 1198 loqui:

232 1234 383 1279 nam
438 1213 637 1282 nobis
664 1265 683 1301 ‚
748 1213 873 1281 nisi
924 1214 1203 1284 Caesaris
1234 1213 1477 1307 capite
1529 1211 1738 1282 relato
1761 1267 1781 1300 ‚
1835 1237 1987 1308 pax.
2005 1236 2148 1281 esse
2195 1210 2379 1280 nulla

228 1331 573 1411 potest.»

326 1425 485 1492 XX.
536 1424 791 1494 Iisdem
852 1425 1271 1520 temporibus
1325 1427 1578 1493 Romae
1591 1422 1609 1448 ¹
1679 1427 1777 1518 Μ.
1847 1422 2095 1494 Coelius
2158 1423 2402 1494 Rufus-

223 1545 505 1622 praetor,
546 1555 747 1600 causa
782 1529 1159 1601 debitorum
1196 1545 1536 1626 suscepta,
1567 1532 1754 1599 initio
1797 1533 2224 1624 magistratus
2254 1533 2370 1600 tri-

225 1691 406 1784 bienus
436 1727 731 1797 altercans,
752 1744 807 1785 et
826 1731 1123 1786 saevissimis
1139 1749 1257 1785 ver-

225 1810 299 1862 bis
324 1810 579 1864 desinens
611 1831 724 1864 non
748 1809 963 1865 videtur
989 1830 1113 1864 usus
1142 1829 1253 1864 esse

223 1892 478 1944 submissa
512 1891 772 1944 oratione.
799 1891 1087 1963 Perperam
1113 1908 1127 1944 ε
1150 1892 1253 1943 La-

222 1971 406 2025 bienus
424 1970 625 2025 leniter
642 1972 882 2042 primum
904 1983 959 2023 et
980 1969 1253 2024 moderate

224 2051 351 2120 egit,
376 2049 580 2104 deinde
612 2050 681 2103 ad
707 2051 881 2123 jurgia
911 2069 1217 2122 progressus
1234 2089 1253 2116 ,

222 2127 436 2184 demum
461 2131 523 2183 in
548 2129 880 2185 iracundiam
899 2131 1107 2203 erupit,
1124 2143 1177 2183 et
1194 2129 1251 2182 id

216 2223 419 2264 naturae
447 2211 737 2282 animoque
755 2211 1006 2265 ‘humano
1031 2229 1253 2282 prorsus

222 2289 675 2344 accommodatur.

294 2390 346 2440 7.
359 2371 459 2423 Ille
474 2375 669 2423 vitavit.
680 2369 965 2423 Vatinium
980 2369 1247 2441 intelligit.

220 2449 361 2503 Vide
390 2463 647 2504 nostrum
669 2451 703 2502 J
706 2451 878 2503 ulium.
890 2451 1121 2516 Celsum,
1140 2451 1247 2504 vol.

216 2548 282 2583 111
306 2532 479 2603 hujus
509 2529 639 2584 edit.
670 2549 789 2603 pag.
826 2549 935 2599 190
958 2549 972 2585 τ
996 2532 1250 2583 Vatinium

217 2611 383 2663 milites
401 2623 741 2681 protexerunt.

290 2696 343 2746 8.
380 2690 643 2746 Corneliae
672 2692 874 2743 Balbus.
904 2691 959 2743 Is
986 2709 1099 2745 non
1122 2708 1247 2761 per-

216 2770 344 2824 tinet
372 2769 449 2825 ad
475 2784 687 2842 gentem
706 2771 1033 2833 Corneliam,
1052 2769 1121 2823 de
1140 2790 1249 2842 qua

210 2852 315 2921 jam
338 2848 611 2916 diximus,
628 2850 665 2903 l.
694 2869 717 2904 1
735 2888 753 2917 ,
770 2870 819 2904 c.
846 2854 899 2905 6.
923 2849 1030 2903 Sed
1048 2850 1247 2903 Lucius

214 2944 264 2983 et
276 2932 511 2983 Publius
526 2930 735 2996 fratres,
754 2930 913 2983 ambo
926 2949 992 2983 ex
1002 2929 1245 2983 Gadibus

211 3010 461 3075 oriundi,
476 3011 691 3065 civitate
704 3012 761 3063 in
778 3011 921 3064 bello
938 3009 1245 3065 Senot-iano

211 3088 395 3143 donati
413 3103 567 3157 sunt3
586 3108 819 3161 quorum
834 3109 1003 3162 quum
1023 3090 1245 3144 Publius

211 3168 552 3235 decessisset,
574 3171 793 3243 reliquit
814 3171 989 3223 filium
1018 3170 1082 3223 L.
1116 3170 1247 3225 Cor-

208 3252 418 3305 nelium
448 3250 704 3317 Balbum,
728 3249 797 3303 de
827 3269 935 3322 quo
966 3268 1111 3303 nunc
1142 3250 1247 3321 agi-

210 3344 309 3384 tur.
329 3332 465 3403 Ipse
480 3328 780 3384 Gaditanus
796 3343 940 3395 erat,
958 3342 1013 3383 et
1030 3328 1245 3383 civitate

207 3400 413 3481 pariter
434 3409 683 3465 donatus.
709 3409 947 3465 Adhaesit
962 3411 996 3462 J
999 3410 1110 3463 ulio
1135 3410 1247 3469 Cae·

194 3492 307 3552 ‚sari
334 3492 399 3543 in
430 3484 574 3545 bello
606 3490 777 3556 civili,
806 3502 860 3544 et
890 3491 957 3543 ab
986 3508 1051 3543 eo
1080 3487 1147 3541 ad
1175 3490 1240 3545 L.

208 3570 507 3625 Lentulum
546 3572 819 3623 consulem
854 3571 1073 3635 missus,
1102 3586 1243 3623 anno

210 3653 352 3720 705,
382 3668 557 3721 quum
592 3670 715 3703 eum
740 3654 853 3721 jam
883 3648 1243 3721 Dyrrachium

207 3731 575 3784 mnsfretasse
596 3731 826 3797 invenit,
840 3750 940 3803 per
956 3748 1103 3783 mare
1119 3748 1244 3784 cum

203 3810 403 3864 litteris
418 3808 491 3863 ad
502 3828 627 3864 eum
640 3811 908 3882 navigavit
918 3850 935 3877 ‚
952 3808 1097 3863 unde
1111 3828 1244 3881 pon·

205 3890 473 3945 tificatum
488 3888 715 3961 adeptus
726 3903 829 3956 est,
846 3903 899 3943 et
911 3903 1093 3963 postea
1110 3908 1241 3943 con-

203 3971 476 4023 sulatum:
497 3988 624 4021 nam
646 3971 891 4023 tribunus
917 3970 1089 4043 plebis
1112 3970 1241 4035 fuit,

204 4068 285 4103 au.
323 4053 477 4121 7063
496 4046 691 4117 aedilis,
716 4070 802 4105 an.
830 4069 969 4121 7⁰73
993 4062 1241 4122 quaestor,

205 4147 342 4197 710.
379 4129 691 4199 Paterculus
736 4148 863 4188 eum
908 4130 1241 4213 consularem

1346 1731 1611 1802 appellat·
1595 1769 1612 1796 ,
1645 1730 1879 1785 Afiicam
1909 1732 2198 1802 proconsul
2232 1731 2370 1786 obti-
2368 1800 2372 1804 Ι

1344 1811 1491 1876 nuit,
1512 1809 1860 1863 Garamantas
1890 1811 2095 1882 subegit
2109 1849 2126 1875 ‚
2145 1823 2198 1863 et
2219 1809 2288 1863 de
2307 1811 2371 1864 iis

1340 1891 1680 1960 triumphum
1697 1891 1933 1944 nobilem
1953 1891 2058 1962 egit
2071 1928 2088 1954 ‚
2109 1889 2255 1963 quod
2274 1904 2372 1944 tes·

1340 1984 1526 2024 tantur
1541 1989 1810 2047 marmora
1824 1969 2146 2042 Capitolina,
2155 1984 2207 2025 et
2217 1990 2372 2024 num·

1339 2069 1459 2104 mus
1486 2070 1514 2105 a
1533 2051 1619 2105 Jo.
1653 2051 1711 2103 V
1705 2051 1884 2103 aillant
1906 2048 2204 2122 descriptus
2233 2063 2278 2105 t.
2308 2069 2331 2104 1
2351 2089 2367 2114 ,

1342 2130 1477 2194 346.
1506 2132 1684 2202 Caput
1707 2131 1890 2184 Romae
1917 2131 2205 2201 galeatum,
2228 2123 2369 2202 pone

1341 2209 1489 2282 quod
1521 2211 1766 2275 ROMA3
1797 2211 1856 2262 in
1879 2229 2061 2262 aversa
2088 2222 2274 2280 parte,
2301 2210 2367 2262 L.

1336 2289 1630 2344 BALBVS.
1660 2291 1721 2342 P.
1755 2289 1818 2342 F.
1855 2290 1966 2344 PR.
2009 2289 2162 2342 COS.
2197 2289 2369 2360 figura

1338 2381 1513 2440 togata
1545 2369 1604 2422 in
1633 2367 1905 2441 quadrigis
1927 2367 2366 2439 triumphalibus3

1335 2447 1550 2516 dextra,
1569 2467 1832 2521 equorum
1849 2448 2106 2513 habenas;
2126 2447 2337 2500 sinistra
2348 2485 2365 2514 ,

1336 2530 1644 2601 Scipionem
1670 2530 1996 2593 eburneum3
2022 2528 2248 2581 victoria
2277 2548 2366 2581 su·

1334 2610 1660 2681 pervolitans
1683 2608 1733 2660 ei
1755 2626 2011 2661 coronam
2024 2607 2268 2678 porrigit.
2283 2640 2365 2651 -—

1333 2720 1415 2733 --
1450 2690 1528 2743 M.
1571 2690 1783 2743 Plotius.
1827 2685 2106 2741 Oriundus
2150 2699 2293 2739 certe
2317 2706 2366 2745 e

1334 2781 1490 2839 gente
1519 2768 1752 2833 Plautia,
1779 2786 1872 2820 seu
1901 2766 2104 2830 Plotia,
2124 2767 2363 2837 plebeia;

1334 2866 1459 2901 nam
1480 2848 1689 2901 Plautia
1709 2848 1795 2901 lex
1817 2860 1896 2901 est
1911 2847 2146 2917 πει-πίας
2166 2859 2219 2899 et
2237 2848 2363 2901 Plo·

1334 2928 1407 2982 tia
1422 2966 1438 2994 ‚
1459 2925 1529 2980 de
1551 2925 1767 3000 judiciis
1781 2964 1798 2992 ‚
1831 2928 2073 2979 etaltera
2095 2925 2164 2981 de
2183 2927 2240 2979 vi
2265 2947 2364 2999 pu·

1332 3009 1469 3061 blica
1484 3046 1503 3073 ‚
1519 3028 1549 3059 a
1573 3009 1802 3061 tribunis
1820 3008 1990 3079 plebis
2016 3007 2176 3077 hujus
2191 3008 2363 3079 gentis

1331 3090 1684 3160 promulgata.
1736 3088 1948 3149 Nomen
1989 3099 2166 3141 autem
2210 3087 2365 3140 Plau-

1332 3169 1534 3221 tiorum
1547 3207 1565 3235 ,
1587 3181 1648 3221 ut
1673 3168 1793 3221 vult
1809 3169 1936 3221 Ant.
1954 3167 2282 3239 Augustinus
2297 3206 2314 3233 ,
2334 3187 2362 3220 a

1332 3249 1655 3321 cognomine
1697 3248 1882 3299 Plauto
1929 3245 2154 3301 ductum
2190 3266 2203 3300 ε
2235 3266 2361 3299 nam

1331 3330 1507 3381 Plauti
1511 3370 1528 3392 ‚
1559 3348 1654 3383 seu
1701 3329 1841 3380 Ploti
1883 3325 2142 3381 dicuntur
2157 3367 2173 3393 ‚
2197 3325 2238 3378 ii
2268 3326 2362 3398 qui

1332 3407 1624 3463 admodum
1649 3422 1774 3463 sunt
1798 3408 1972 3479 planis
1995 3405 2238 3478 pedibus.
2259 3406 2360 3459 Co-

1331 3490 1584 3564 gnomina
1602 3490 1762 3559 hujus
1781 3487 1954 3559 gentis
1977 3498 2102 3539 sunt
2117 3487 2362 3557 Hypsaeus

1330 3564 1511 3633 (altus,
1534 3588 1564 3621 a
1581 3588 1659 3640 gr.
1678 3564 1847 3638 ὕψος),
1865 3568 2108 3628 Plancus,
2131 3584 2162 3619 a
2187 3564 2360 3637 planis

1328 3647 1584 3720 pedibus,
1612 3648 1854 3719 Sylvanus
1881 3664 1912 3697 a
1933 3644 2106 3717 sylva,
2130 3656 2184 3697 et
2201 3644 2359 3711 Rufus,

1331 3746 1362 3779 a
1393 3728 1710 3799 capillorum
1741 3727 1940 3783 colore.
1966 3724 2150 3786 Nostri
2183 3734 2360 3777 autem

1331 3806 1493 3864 Plotii
1522 3808 1726 3865 nullam
1753 3806 1910 3859 aliam
1936 3804 2212 3874 notitiam,
2233 3804 2359 3870 nul-

1319 3889 1549 3958 {umque
1574 3887 1838 3953 numisma
1859 3885 2132 3941 habemus.
2155 3942 2164 3951 ⁸

1413 3968 1545 4020 Cir.
1560 3966 1684 4019 XX.
1696 3985 1720 4019 1
1733 4006 1746 4019 .
1761 3966 1944 4031 Romoe.
1961 3964 2089 4017 Haec
2105 3983 2212 4017 vox
2229 3982 2352 4017 exu-

1330 4048 1405 4100 lat
1428 4066 1460 4099 a
1490 4046 1686 4099 nostris
1718 4043 1876 4099 codd.
1907 4056 1962 4099 et
1991 4045 2062 4112 ab*
2084 4045 2200 4098 aliis
2229 4064 2354 4117 per·

1330 4128 1528 4183 multis.
1562 4159 1642 4174 -ι
1672 4127 1821 4182 Initio
1861 4127 2185 4204 magistratus.
2228 4126 2354 4208 Esse
