3025 5025
971 456 1821 526 ALEXANDRINO.

2308 456 2460 555 373

299 587 580 682 navigio
617 586 812 683 ejecit
829 640 848 676 ‚
887 603 1085 682 atque
1142 588 1228 657 ad
1277 614 1388 659 eas
1404 644 1424 678 ‚
1479 614 1629 684 quae
1680 587 1941 684 longius
1990 591 2429 660 constiterant
2445 647 2465 681 ‚

297 716 511 761 naves
555 693 914 764 adnatavit.
962 678 1138 765 Hinc
1177 697 1312 765 suis
1348 695 1803 766 laborantibus
1844 696 2139 766 subsidio
2183 700 2465 793 scaphas

297 801 579 869 mittens
596 853 616 889 ,
659 800 1016 871 nonnullos
1061 804 1485 872 conservavit
1521 830 1536 870 :
1582 805 1921 898 navigium
1974 803 2243 897 quidem
2290 807 2465 898 ejus,

296 905 734 977 multitudine
775 908 1165 1003 depressum
1201 909 1527 998 militum,
1560 935 1695 979 una
1738 936 1893 979 cum
1936 910 2317 980 hominibus
2356 914 2464 981 ina-

297 1014 503 1082 teriit.
535 1017 683 1083 Hoc
709 1014 936 1109 praelio
967 1015 1320 1085 desiderati
1347 1030 1503 1086 sunt
1530 1042 1613 1085 ex
1638 1042 1921 1085 numero
1946 1014 2463 1111 legionariorum

297 1118 593 1188 militum
629 1122 892 1191 circiter
930 1125 1058 1193 CD
1080 1177 1100 1211 ‚
1131 1138 1200 1192 et
1231 1122 1456 1218 paullo
1487 1123 1663 1193 ultra
1694 1148 1848 1192 eum
1878 1120 2272 1195 numerum'
2298 1123 2463 1195 clas-

299 1228 485 1294 siarii
539 1242 607 1295 et
633 1231 956 1323 remiges.
1008 1229 1438 1312 Alexandrini
1487 1256 1568 1299 eo
1620 1230 1771 1300 loco
1821 1228 2165 1300 castellum
2206 1233 2467 1325 magnis

297 1335 808 1404 munitionibus·
833 1336 1190 1435 multisque
1225 1338 1575 1407 tormentis
1608 1337 2207 1425 confirmaverunt,
2236 1352 2466 1431 atque,

293 1442 552 1535 egestis
589 1466 673 1509 ex
717 1445 883 1511 mari
927 1442 1286 1538 lapidibus,
1325 1441 1532 1513 libere
1578 1460 1733 1514 sunt
1764 1447 1867 1513 usi
1909 1459 2143 1538 postea
2186 1443 2271 1512 ad
2315 1446 2465 1513 mit·-

295 1546 510 1615 tenda
545 1550 826 1643 navigia.

409 1656 640 1723 XXII.
688 1660 837 1725 Hoc
863 1656 1266 1727 detrimento
1298 1656 1538 1727 milites
1568 1659 1777 1726 nostri
1807 1672 2070 1727 tantum
2106 1656 2469 1725 abfuerunt

297 1774 377 1828 ut
413 1763 1001 1855 perturbarentur,
1029 1778 1107 1833 ut
1137 1766 1387 1835 incensi
1421 1765 1645 1861 potius
1670 1779 1871 1861 atque
1903 1766 2155 1833 incitati
2189 1788 2466 1857 magnas

293 1870 716 1939 accessiones
757 1870 1067 1941 fecerint¹
1093 1872 1164 1939 in
1199 1871 1512 1966 operibus
1550 1871 1843 1940 hostium
1878 1870 2370 1965 expugnandiS‚
2398 1872 2467 1939 in

297 1973 549 2069 praeliis
577 1976 1011 2071 quotidianiS‚
1041 1977 1601 2071 quandocumque
1630 1978 1767 2047 fors
1796 1977 2161 2064 obtul-erat,
2190 2001 2466 2071 procur-

299 2082 608 2151 rentibus
637 2098 705 2151 et
735 2085 1238 2178 erumpentibus
1273 2076 1735 2153 Alexandrinis
1760 2075 1825 2108 μ
1850 2106 2126 2155 manum
2162 2100 2470 2177 compre-

300 2300 510 2371 jubere
541 2304 596 2352 et'
625 2300 982 2365 constituere3
1007 2300 1064 2353 h.
1095 2301 1132 2352 1.
1157 2301 1352 2371 guber-

303 2378 500 2433 nando
518 2419 534 2445 ,
558 2379 888 2451 remigando.
903 2380 1163 2433 —Naoes
1195 2380 1353 2431 adna-

305 2463 456 2514 tavit.
507 2460 588 2513 Eo
629 2474 902 2532 tempore,
939 2473 1002 2513 ut
1034 2459 1354 2513 Plutarchus

303 2544 372 2595 in
409 2536 636 2610 Caes.,c.
667 2549 771 2610 493
795 2541 1048 2613 Appiam,
1079 2541 1139 2592 B.
1175 2541 1236 2594 C.
1271 2558 1352 2605 11,

309 2640 396 2692 90
412 2660 428 2687 ,
443 2641 500 2692 p.
532 2625 678 2686 484;
699 2621 983 2673 Suetonius
1005 2621 1063 2672 in
1079 2621 1114 2672 J
1117 2620 1212 2684 ul„
1237 2637 1353 2690 cap.

315 2705 430 2766 643
441 2701 553 2754 Dio
568 2702 802 2764 Cassius,
819 2719 936 2753 XLII
949 2739 964 2766 ‚
987 2707 1084 2764 4ο,
1103 2712 1323 2752 narrant
1335 2737 1354 2764 ‚

311 2783 420 2834 hac
447 2781 614 2834 animi
638 2781 919 2852 praesentia
948 2781 1124 2834 Caesar
1143 2779 1249 2831 fuit
1265 2793 1357 2845 ,ut

313 2879 544 2914 manum
575 2862 758 2913 loevam
791 2862 933 2913 inter
959 2857 1258 2922 natandum
1286 2858 1358 2909 le-

314 2954 474 2994 varet
495 2978 510 3005 ,
557 2959 626 2993 ne
674 2941 877 3006 libelli,
922 2959 1056 3010 quos
1107 2940 1322 2992 tenebat
1344 2979 1358 3006 ‚

312 3019 673 3074 madefierent
700 3039 714 3072 ε
747 3021 916 3072 verbo
933 3020 1050 3072 haec
1075 3032 1357 3071 monuerat

314 3102 593 3154 Brantius.
627 3099 742 3152 Etsi
777 3119 908 3152 ‘vero
939 3099 1228 3152 Suetonius
1261 3117 1355 3150 ne-

313 3193 408 3253 gat
421 3219 439 3247 ,
467 3199 590 3232 eum
612 3179 1052 3252 paludamentum
1079 3178 1357 3250 abjecisse,
1387 3243 1394 3250 ι

317 3275 502 3315 tamen
529 3261 808 3332 Appianus
830 3273 886 3312 vet
909 3260 1014 3312 Dio
1039 3260 1144 3312 hoc
1165 3258 1360 3312 confir·

317 3353 472 3394 mam
489 3379 505 3404 ‚
533 3337 848 3411 adduntque
865 3338 999 3392 adeo
1016 3378 1031 3405 ‚
1051 3337 1360 3392 Alexandri-

311 3439 420 3474 nos
451 3418 588 3472 illud
623 3421 892 3472 sublatum
913 3433 1117 3492 tropeo
1145 3417 1357 3472 adfixis-

319 3520 392 3554 se.
415 3501 666 3553 Fortasse
685 3499 970 3574 Suetonius
989 3541 1004 3568 ,
1025 3500 1226 3571 quippe
1245 3501 1355 3551 Ro-

320 3599 512 3634 manus
529 3619 546 3647 ‚
575 3582 662 3633 cui
687 3581 812 3633 talia
833 3592 980 3632 certo
1013 3579 1222 3652 cognita
1247 3597 1358 3631 esse

321 3671 574 3733 poterant
587 3699 604 3722 ‚
635 3659 846 3714 disertis
889 3661 1066 3712 verbis
1109 3657 1320 3712 addidit
1341 3697 1357 3724 ,

320 3759 435 3794 non
464 3739 746 3793 dimissum
771 3759 884 3793 esse
913 3759 944 3792 a
971 3741 1176 3792 Caesare
1204 3740 1358 3811 palu-

321 3819 666 3885 damentum,
690 3833 752 3873 ut
781 3831 1054 3873 rumorem
1071 3859 1086 3886 ‚
1111 3823 1172 3872 ea'
1201 3818 1270 3872 de
1299 3839 1359 3872 re

316 3902 465 3954 >inter
496 3914 706 3954 exteros
747 3919 1018 3972 sparsum,
1045 3919 1140 3951 sua
1174 3917 1358 3951 narra-

317 3982 472 4034 tione
515 3981 764 4053 opposita
799 3981 1050 4034 vanitatis
1098 3991 1358 4050 argueret.

316 4061 572 4114 Usserius
590 4073 770 4114 tamen
785 4058 805 4122 (
819 4061 1038 4126 Annal.‚
1052 4079 1176 4132 pag.
1204 4065 1318 4129 471⁷
1338 4055 1359 4122 )

312 4153 638 4198 caeterorum
649 4142 1014 4196 narrationem
1031 4141 1264 4213 praefert.
1279 4140 1358 4192 Μ.

1528 2320 1579 2352 2.
1600 2298 1785 2351 Paullo
1796 2300 1929 2353 ultra
1947 2312 2053 2351 eum
2076 2309 2205 2351 num.
2222 2298 2367 2351 Vera
2390 2310 2470 2353 cst
2522 2288 2527 2291 ¹

1441 2376 1675 2431 duorum
1694 2376 1852 2433 codd.
1875 2378 2061 2443 lectio,
2078 2396 2233 2449 prope
2256 2396 2361 2431 eum
2376 2396 2470 2433 nu·

1441 2478 1636 2513 merum.
1670 2458 1724 2512 Si
1768 2458 1857 2512 oui
1902 2458 2057 2513 aliter
2086 2455 2333 2522 videtur,
2362 2458 2409 2513 is
2438 2477 2469 2511 e

1441 2540 1604 2592 variis
1644 2538 1965 2592 lectionibus
1994 2533 2179 2609 (paulo
2214 2549 2332 2609 post
2364 2558 2470 2590 eum

1441 2637 1685 2673 numerum
1700 2657 1714 2680 ,
1742 2618 1826 2672 vel
1846 2657 1861 2686 ,
1878 2619 2031 2688 paulo
2062 2637 2166 2672 eum
2196 2636 2440 2673 numerum
2454 2659 2468 2682 ,

1439 2699 1526 2752 vel
1554 2717 1587 2750 e
1608 2698 1838 2768 Vulgata
1854 2737 1869 2764 ,
1890 2698 2044 2768 paulo
2072 2698 2203 2750 ultr-a
2232 2717 2273 2750 e.
2298 2717 2427 2752 nm·
2448 2695 2469 2762 )

1441 2778 1721 2833 meliorem
1738 2777 1911 2848 eligat.
1934 2777 2013 2830 M.
2034 2808 2116 2820 --
2132 2777 2329 2831 Noster
2346 2775 2467 2829 cod.

1441 2861 1506 2911 R.
1540 2858 1889 2928 5764,paulo
1912 2877 2019 2908 eum
2046 2876 2306 2911 numerum.
2322 2857 2473 2910 Alter

1441 2937 1584 2991 idem
1600 2977 1615 3002 ,
1632 2938 1737 2990 nisi
1763 2947 1804 2990 α’
1820 2945 1923 2990 siec.
1944 2955 2109 2990 manu
2134 2937 2278 2992 inter
2306 2937 2473 2990 lineas

1441 3019 1739 3089 repositum
1764 3017 1867 3070 fuit
1883 3029 2013 3088 post.
2035 3014 2285 3070 Beroaldi
2298 3028 2353 3068 et
2370 3017 2473 3070 Ur-

1443 3098 1547 3151 sini
1576 3098 1862 3150 lectionem
1892 3097 2239 3168 praetulerim.

1525 3179 1655 3231 Cu».
1680 3178 1861 3230 XXII.
1892 3195 1940 3230 1.
1974 3177 2183 3230 Tantum
2212 3176 2475 3244 abfuerunt

1447 3259 1757 3326 ....secerint.
1774 3254 1954 3311 Credo
1969 3257 2113 3310 hanc
2136 3275 2248 3312 esse
2278 3256 2472 3326 proha-

1442 3339 1607 3390 bilem
1642 3337 1955 3402 lectionem,
1974 3337 2101 3408 quia
2133 3355 2219 3393 nes
2253 3335 2367 3408 ipsa
2393 3349 2472 3390 tn·

1444 3419 1551 3470 lem
1582 3437 1795 3470 sensum
1814 3417 2083 3488 postulat:
2112 3413 2271 3470 codd.
2294 3429 2473 3474 tamen

1443 3495 1599 3550 valde
1629 3497 1963 3568 discrepant,
1991 3509 2046 3548 et
2084 3497 2245 3548 miras
2287 3495 2474 3550 lectio-

1443 3596 1538 3629 nes
1567 3577 1845 3642 exhihent,
1867 3596 1933 3630 ex
1957 3577 2151 3647 quihus
2178 3577 2299 3632 arui
2323 3588 2476 3646 pote·

1442 3659 1517 3710 rit
1524 3657 1630 3709 tale
1644 3655 1781 3728 quid
1798 3675 1811 3710 :
1826 3657 1941 3710 Hoc
1958 3657 2192 3708 dett-‚aea
2204 3657 2477 3710 milmosm·

1447 3741 1634 3791 mimine
1664 3749 1779 3788 sunt
1796 3736 2069 3808 per-turbati
2084 3775 2099 3798 ‚
2138 3735 2227 3788 sed
2254 3739 2430 3788 ἱηοεηεί
2454 3776 2469 3797 ,

1444 3832 1591 3890 atque
1620 3821 1811 3881 incitati
1846 3835 2047 3886 magnas
2078 3819 2369 3868 accessiones
2388 3818 2472 3883 se-

1444 3911 1628 3950 cetum.
1657 3897 1738 3950 Μ.
1756 3897 2119 3950 *Hactenus
2138 3913 2329 3949 sensus
2366 3897 2474 3956 cla-

1445 3998 1539 4032 rus
1552 3997 1567 4032 ε
1582 3989 1766 4030 tantum
1775 3977 2039 4044 ,abfuerunt
2048 3997 2080 4028 a
2086 3975 2447 4048 perturbatione
2455 4016 2469 4038 ,

1449 4071 1505 4110 ut
1506 4099 1597 4112 .....
1624 4059 1727 4112 ΟΒ.
1745 4090 1826 4102 --
1844 4050 1892 4075 ”
1910 4058 2131 4111 Manum.
2156 4058 2335 4110 Locus
2352 4075 2475 4112 cor·

1445 4151 1639 4210 ruptus
1658 4175 1675 4205 ,
1700 4139 1787 4192 cui
1806 4159 1837 4192 a
1856 4139 2073 4192 nemine
2100 4135 2275 4191 adhuc
2302 4135 2476 4192 medi·

1918 4222 2055 4323 24³
