3025 5025
679 473 822 568 196

963 474 1042 540 C.
1098 471 1384 540 JULII
1442 471 1915 539 CAESARIS
1972 471 2528 543 COMMENT.

667 603 1026 675 Marcellus
1089 629 1244 674 cum
1293 605 1370 672 C.
1427 604 1773 698 Coponio,
1754 629 1770 644 ·
1826 603 2202 675 Liburnicae
2264 620 2465 700 atque
2517 603 2829 674 Achaicae

667 712 858 790 classi
898 711 1282 782 Scribonius
1309 709 1506 840 [ὡσὸ
1524 725 1592 779 et
1626 713 1723 779 M.
1762 712 2136 780 Octavius:
2176 713 2299 781 toti
2334 727 2563 782 tamen
2600 710 2825 780 officio

667 821 1001 890 maritimo
1045 819 1142 887 Μ.
1186 802 1506 886 Bibulus³
1533 819 1939 937 praepositus
1976 833 2219 889 cuncta
2259 817 2820 888 administrabat:

666 927 752 996 ad
790 926 972 994 hunc
1009 948 1271 994 summa
1310 926 1573 1018 imperii
1606 924 2019 1018 respiciebat.

777 1035 898 1103 VI.
958 1034 1218 1118 Caesar,
1257 1045 1336 1098 ut
1383 1029 1835 1100 Brundusium
1878 1033 2103 1120 venit,
2156 1033 2593 1102 concionatus
2640 1029 2815 1124 apud

666 1138 906 1210 milites
937 1164 952 1206 :
1007 1166 1042 1202 «
1077 1139 1395 1232 quoniam
1457 1161 1671 1232 prope
1714 1137 1799 1206 ad
1842 1137 2047 1208 finem
2084 1136 2391 1208 laborum
2434 1163 2513 1208 ac
2550 1139 2819 1233 pericu-

666 1245 886 1325 lorum
924 1259 1097 1314 esset
1132 1257 1569 1337 perventum,
1596 1267 1787 1337 aequo
1825 1245 2049 1314 animo
2086 1247 2419 1340 mancipia
2452 1260 2655 1340 atque
2691 1246 2817 1312 im-

667 1352 1101 1448 pedimenta
1081 1376 1152 1419 m
1190 1348 1382 1420 Italia
1417 1348 1898 1444 relinquerent3
1938 1353 2062 1447 ipsi
2098 1351 2384 1447 expediti
2420 1377 2625 1421 naves
2664 1377 2815 1421 con-

667 1459 1101 1546 scenderent,
1143 1481 1278 1575 quo
1321 1456 1544 1550 major
1580 1482 1897 1526 numerus
1936 1456 2221 1530 militum
2268 1475 2495 1554 posset
2531 1458 2813 1554 imponi;

667 1567 1022 1659 omniaque
1057 1589 1140 1632 ex
1184 1565 1464 1632 victoria
1513 1578 1582 1632 et
1624 1588 1707 1632 ex
1751 1587 1871 1633 sua
1913 1563 2304 1635 liberalitate
2344 1580 2807 1660 sperarentzn

669 1670 1240 1742 conclamantibus
1281 1670 1629 1757 omnibus,
1654 1699 1690 1734 «
1710 1672 2070 1766 imperaret
2104 1673 2287 1766 quod
2328 1671 2572 1758 vellet3
2612 1671 2815 1766 quod-

668 1803 953 1874 cumque
1007 1778 1464 1872 imperavisset
1483 1829 1502 1863 ‚
1552 1802 1623 1846 se
1674 1802 1873 1872 aequo
1924 1780 2147 1848 animo
2210 1804 2351 1850 esse
2394 1779 2733 1867 facturos3
2777 1808 2809 1842 »

666 1983 1038 2038 terfectoribus
1051 1981 1290 2047 Caesaris,
1303 1982 1397 2054 qui
1415 1980 1696 2054 apudPhi-

667 2065 845 2136 lippos
871 2057 1090 2134 propria
1115 2080 1280 2114 manu
1307 2061 1485 2133 periit.
1520 2063 1601 2114 De
1630 2081 1695 2114 eo

667 2143 792 2197 vide
816 2144 956 2196 infra
974 2160 1124 2213 ‚.cap
1155 2155 1280 2194 101.
1289 2142 1445 2195 -C.
1460 2141 1694 2212 Coponio.

669 2223 914 2295 Coponia
941 2241 1094 2294 gens,
1124 2221 1330 2293 plebeia
1346 2259 1362 2287 ,
1382 2241 1446 2274 ex
1491 2221 1699 2274 Tibure

669 2302 872 2376 oppido
898 2301 1128 2355 oriunda
1147 2341 1162 2369 ,
1193 2304 1344 2373 cujus
1372 2321 1571 2354 nomen
1602 2301 1697 2354 de·

670 2396 943 2454 sumptum
988 2381 1205 2435 videtur
1246 2400 1274 2433 a
1324 2381 1554 2452 Capena,
1595 2400 1697 2453 pro

669 2483 929 2537 caupona.
976 2462 1133 2517 Festo
1193 2461 1430 2533 Caupona
1476 2461 1698 2515 taberna

580 2542 596 2549 κ
669 2544 830 2598 dicta.
871 2545 935 2597 C.
983 2542 1258 2615 Coponius
1297 2542 1402 2594 fuit
1437 2542 1581 2595 filius
1620 2542 1696 2595 M.

669 2624 938 2697 Coponii,
965 2640 1126 2694 quem
1169 2623 1237 2687 Q.
1277 2621 1508 2674 Scaevola
1548 2620 1696 2693 apud

669 2705 1030 2758 centumviros
1042 2701 1303 2768 defendit,
1319 2720 1404 2755 an.
1423 2706 1454 2754 6
1463 2705 1496 2754 6
1509 2720 1533 2754 1
1550 2697 1572 2763 (
1584 2703 1698 2755 Cic.

672 2784 742 2838 de
773 2785 924 2837 Orat.
955 2783 992 2835 1.
1031 2801 1080 2848 1,
1105 2801 1150 2835 c.
1187 2782 1292 2851 39,
1323 2794 1379 2834 et
1403 2800 1479 2846 11,
1500 2801 1547 2833 c.
1576 2780 1697 2846 32).

670 2866 945 2918 Tribunus
953 2862 1124 2933 plebis
1132 2862 1234 2915 fuit
1246 2880 1330 2913 an.
1349 2864 1485 2929 698,
1501 2862 1702 2933 legatus

672 2944 850 2998 Crassi
879 2944 938 2995 in
972 2941 1156 3014 Syria,
1182 2954 1411 3013 prator,
1433 2960 1518 2994 an.
1548 2942 1661 3011 703
1682 2980 1699 3007 ‚

671 3037 726 3075 et
741 3024 847 3075 hoc
867 3024 985 3093 ipso
1003 3040 1146 3073 anno
1158 3021 1310 3073 classi
1327 3020 1553 3075 Rhodiae
1568 3040 1703 3093 prae-

671 3104 877 3175 positus
908 3120 1032 3154 cum
1065 3101 1125 3153 C.
1151 3101 1431 3167 Marce1103
1451 3100 1577 3153 ideo
1601 3120 1703 3173 po-

674 3195 831 3235 testas
859 3182 910 3233 ei
931 3179 1189 3235 cudendae
1215 3195 1442 3235 monetae
1467 3200 1533 3233 ex
1552 3180 1606 3233 S.
1636 3182 1699 3234 C.

671 3262 797 3316 data
820 3262 980 3315 fuisse
997 3259 1228 3315 videtur.
1249 3262 1433 3326 Quum
1448 3261 1617 3331 igitur
1636 3278 1701 3313 ex

673 3343 878 3395 Tibure
921 3340 1184 3394 oriundus
1225 3354 1385 3409 esset,
1417 3359 1701 3393 nummum

675 3436 984 3494 argenteum
997 3418 1146 3474 cudit
1157 3460 1174 3486 ,
1189 3422 1246 3473 in
1257 3422 1400 3473 illius
1418 3422 1700 3487 honorem,

676 3504 772 3573 qui
793 3502 1022 3575 patriam
1041 3500 1372 3554 condiderat.
1397 3500 1569 3553 Porro
1588 3500 1703 3555 hoec

674 3583 826 3653 origo
848 3582 1042 3635 Tiburi
1066 3580 1242 3634 datur.
1263 3581 1396 3633 Tres
1423 3593 1576 3633 erant
1595 3581 1703 3633 fra·

675 3675 808 3729 tres,
838 3663 1126 3726 Tiburtus,
1152 3660 1404 3727 Catillus,
1426 3672 1480 3711 et
1505 3660 1671 3715 Coras
1686 3700 1702 3727 ,

675 3743 987 3815 Amphiarai
1029 3740 1158 3805 filii3
1187 3752 1310 3811 post
1347 3740 1704 3793 miserabilem

675 3824 842 3895 patris
871 3820 940 3875 ad
969 3821 1180 3873 Thebas
1200 3820 1502 3885 interitum,
1532 3820 1704 3873 Tibu-

675 3922 794 3957 rem
811 3899 1194 3966 condiderunt,
1213 3900 1270 3953 in
1286 3899 1551 3953 honorem
1570 3900 1705 3953 Her-

675 3983 810 4035 culis
827 4019 844 4047 ,
862 3981 960 4034 nbi
987 3980 1247 4050 templum
1271 3980 1519 4034 habebat.
1543 3980 1704 4034 Unde

677 4064 896 4126 Strabo,
925 4062 964 4113 l.
993 4079 1064 4126 ν,
1087 4058 1318 4131 Τίΰουρος
1347 4063 1380 4118 ἤ
1404 4064 1701 4133 Ηρακλεῖονε

679 4143 810 4197 item
830 4142 1074 4213 Propert.
1102 4140 1140 4193 }.
1164 4159 1241 4206 11,
1259 4142 1327 4194 el.
1357 4143 1460 4206 23,
1479 4160 1533 4196 v.
1558 4142 1702 4205 143:

1782 1979 1918 2020 cuno
1932 1991 1975 2020 te
1990 1982 2033 2020 in
2056 1981 2289 2021 Heracleum
2302 1981 2513 2035 deportant
2529 1982 2669 2020 esseda
2681 1981 2811 2020 Tibur.

1782 2063 1912 2133 Ejus
1951 2063 2139 2136 templi
2176 2057 2643 2134 pulchritudinem
2684 2081 2811 2135 pra-

1784 2140 1927 2195 dicat
1968 2139 2275 2210 Juvenalis,
2308 2155 2405 2196 sat.
2444 2161 2574 2212 κῐν,
2608 2161 2663 2197 v.
2710 2161 2809 2212 90,

1782 2222 2045 2338 Ιοεῃιιειιειἕο
2036 2220 2106 2275 de
2143 2222 2455 2277 Gentronio.

1872 2299 1997 2338 ..nvn
2046 2299 2167 2338 nsFo
2170 2308 2263 2338 rtnn
2236 2313 2297 2338 nn
2315 2308 2434 2352 atque
2413 2299 2515 2338 een
2516 2297 2639 2338 mili·
2656 2301 2785 2340 odem.

1785 2312 2105 2434 Conditores
2129 2393 2309 2434 autem
2329 2381 2551 2434 Tiburis
2576 2381 2665 2434 his
2686 2381 2809 2434 cele-

1784 2461 1962 2515 bravit
1974 2460 2215 2515 versibus
2228 2461 2408 2534 Virg.‚
2418 2465 2542 2515 AEn.
2562 2480 2668 2528 vu,
2682 2465 2807 2533 670.

1785 2548 1887 2587 'ru-
1900 2549 2043 2601 gemini
2059 2548 2206 2588 fratres
2222 2549 2409 2587 Tiburtia
2440 2549 2589 2589 moenit
2606 2548 2785 2602 linquunt
2798 2576 2809 2595 ,

1785 2620 1934 2659 renui:
1948 2618 2107 2659 Tiburti
2126 2620 2271 2659 dictam
2288 2621 2523 2673 cognomine
2536 2629 2699 2673 genten
2710 2649 2725 2670 ,

1786 2688 2055 2742 Catillusque,
2078 2703 2249 2743 acerque
2268 2689 2391 2729 com
2405 2719 2417 2737 ‚
2437 2692 2571 2742 argivo
2582 2690 2779 2743 juventus.

1789 2780 1851 2831 C.
1884 2779 2049 2851 igitur
2080 2780 2315 2851 Coponii
2340 2798 2595 2834 nummus
2624 2781 2671 2833 is
2692 2793 2768 2833 est
2792 2798 2805 2833 :

1788 2860 1855 2924 Q.
1885 2856 2203 2912 SICINIVS
2232 2860 2317 2912 ΠΙ
2348 2862 2480 2913 VIR
2514 2858 2619 2923 (m.
2649 2863 2688 2914 f.
2720 2861 2755 2914 f.
2770 2858 2804 2923 ).

1790 2940 1967 3011 Caput
1980 2939 2200 2991 Tiburis
2220 2939 2545 3007 conditoris,
2557 2943 2716 2995 fascia
2734 2959 2805 2992 re·

1789 3016 2066 3084 (limitum,
2085 3020 2143 3071 in
2166 3021 2275 3072 imo
2308 3033 2543 3075 astrum:
2576 3023 2636 3075 in
2670 3039 2805 3074 aver-

1788 3117 1843 3151 sa
1874 3112 2027 3169 parte
2058 3100 2229 3171 spolia
2258 3100 2429 3153 leonis
2456 3102 2619 3155 clava!
2645 3102 2805 3173 impo-

1788 3180 1888 3231 sita
1902 3218 1918 3248 ,
1932 3177 1999 3231 ad
2012 3179 2175 3231 latera
2184 3198 2355 3233 amus.
2368 3182 2431 3234 C.
2450 3180 2805 3235 COPONIVS

1787 3258 1899 3311 PR.
1930 3260 1982 3312 S.
2008 3260 2069 3312 C.
2088 3261 2390 3332 Appianus„
2410 3261 2506 3314 lib.
2534 3280 2621 3331 Π,
2640 3264 2698 3315 Β.
2728 3261 2801 3321 C.,

1787 3357 1843 3409 p.
1870 3340 1981 3407 985
1995 3376 2017 3419 „
2030 3339 2194 3392 refert
2216 3340 2542 3411 Coponium,
2562 3344 2632 3395 ab
2648 3344 2803 3393 Anto·

1788 3420 1883 3471 nio
1904 3420 2293 3490 proscriptum,
2318 3422 2501 3473 uxoris
2519 3440 2683 3495 opera
2708 3440 2804 3481 ser,-

1788 3512 1971 3551 vatum
1995 3500 2155 3553 fuisse
2170 3538 2187 3567 ,
2202 3518 2322 3570 quae
2344 3541 2359 3569 ,
2380 3514 2522 3553 casta
2547 3501 2671 3555 licet
2684 3542 2699 3569 ,
2714 3502 2805 3552 An·

1791 3580 1941 3631 tonio
1952 3591 2129 3631 tamen
2134 3578 2452 3651 pudicitiam
2459 3583 2749 3653 prostituit,
2755 3590 2807 3631 ut

1790 3658 1955 3727 vitam
1980 3659 2195 3731 conjugi
2211 3659 2515 3715 redimeret.
2532 3692 2615 3705 —-·
2626 3662 2703 3715 M.
2720 3660 2805 3713 Oc·

1792 3743 1966 3791 taulus.
1984 3740 2065 3791 De
2080 3758 2150 3792 eo
2168 3737 2403 3808 dicetur,
2423 3743 2484 3795 Β.
2512 3743 2627 3795 Afr.
2650 3760 2694 3795 c.
2721 3745 2802 3803 44.

1874 3819 1928 3872 3.
1960 3819 2036 3872 Μ.
2078 3819 2301 3873 Bibulus.
2331 3820 2476 3874 Vide
2522 3822 2661 3875 infra
2700 3838 2803 3889 cap.

1796 3898 1827 3952 3
1840 3915 1883 3952 1.
1942 3900 2085 3952 Male
2152 3900 2427 3971 Appianas
2488 3920 2613 3955 eum
2669 3908 2807 3953 vocat

1792 3976 2039 4035 Bouctvov.
2082 3978 2402 4034 Emendavit
2436 4000 2502 4036 ex
2538 3996 2719 4035 nostro
2758 3990 2805 4029 et

1794 4060 1953 4111 Dion.
1970 4060 2115 4113 Cass.
2138 4060 2189 4113 J.
2218 4062 2554 4133 Rutgersius,
2572 4081 2679 4116 var.
2696 4062 2803 4112 lect.

1794 4140 1894 4193 l.v1
1910 4178 1928 4204 ,
1946 4159 1992 4193 c.
2029 4146 2113 4203 14.
2132 4172 2208 4185 --
2226 4140 2323 4197 Ad
2340 4143 2661 4196 kuncsumma
2676 4145 2809 4211 imp&
