3025 5025
638 470 794 575 398
1437 478 1506 545 D
1524 478 1583 545 E
1637 479 1691 544 B
1704 478 1762 545 E
1780 478 1912 547 le
1926 476 1989 545 Ο
2084 528 2089 539 .

635 613 834 707 ginus
849 610 968 698 ‚in
1005 608 1327 704 Hispania
1363 634 1488 704 pro
1524 624 1808 704 praetore
1848 606 2209 705 provinciae
2242 605 2587 679 ulterioris·
2611 608 2787 680 obti-

635 717 874 787 nendae
925 740 1128 785 causa
1182 714 1454 787 relictus
1481 770 1502 804 ,
1558 717 1695 787 sive
1746 714 2232 785 consuetudine
2284 732 2541 787 naturae
2614 728 2749 787 sua·
2768 772 2786 806 ‚

635 826 775 895 sive
815 823 1004 911 odio,
1037 823 1221 917 quod
1265 825 1336 893 in
1361 822 2015 919 illam-provinciam
2054 838 2437 919 susceperat
2465 838 2789 919 quaestor,

634 956 719 1000 ex
753 930 1002 1000 insidiis
1042 930 1133 999 ibi
1175 928 1565 999 vulneratus
1582 981 1604 1017 ‚
1645 954 1923 1025 magnas
1966 931 2105 1001 odii
2142 933 2243 1000 sui
2278 932 2529 1001 fecerat
2574 954 2789 1005 acces-

634 1039 896 1125 siones3
939 1037 1120 1132 quod
1163 1036 1268 1105 vel
1319 1063 1401 1107 ex
1441 1038 1849 1108 conscientia
1882 1062 2001 1107 sua
2015 1092 2036 1126 ‚
2073 1062 2283 1131 quum
2315 1038 2399 1106 de
2443 1063 2513 1107 se
2558 1052 2790 1107 mutuo

637 1146 884 1213 sentire
899 1142 920 1167 ²
966 1146 1384 1238 provinciam
1425 1145 1731 1215 credenet
1746 1196 1775 1231 ,.
1819 1143 1927 1213 vel
1970 1144 2197 1214 multis
2238 1146 2440 1239 sig-nis
2488 1159 2561 1214 et
2614 1148 2789 1214 testis-

631 1254 877 1321 moniis
926 1276 1162 1321 eorum
1179 1304 1212 1339 ‚.
1251 1254 1364 1345 qui
1429 1250 1791 1320 difficulter
1842 1250 1999 1319 odia
2049 1250 2557 1334 dissimulabant
2574 1306 2595 1340 ‚
2654 1254 2787 1320 ani·

635 1357 1054 1427 madvertere
1101 1372 1402 1452 poterat3
1445 1372 1514 1426 et
1556 1380 1991 1453 compensare
2038 1358 2479 1429 offensionem
2520 1360 2786 1453 provin·

637 1466 756 1535 ciae
795 1465 1126 1539 exercitus
1163 1488 1390 1535 amore
1441 1466 1772 1560 cupiebat.
1816 1468 2085 1559 Itaque,
2120 1488 2329 1559 quum
2384 1466 2686 1595 primum
2728 1468 2791 1534 in

635 1596 848 1654 unum
883 1570 1106 1641 locum
1143 1573 1508 1643 exercitum
1554 1572 1904 1660 conduxit,
1930 1574 2045 1641 HS
2080 1557 2437 1641 centenos³
2474 1571 2790 1641 militibus

637 1692 739 1747 est
774 1677 1151 1771 pollicitus:
1192 1704 1316 1748 nec
1355 1677 1567 1747 multo
1594 1694 1787 1773 post,
1821 1704 2031 1773 quum
2061 1681 2131 1747 in
2178 1681 2523 1748 Lusitania
2558 1679 2787 1747 Medo·

633 1783 912 1879 bregam
961 1786 1284 1879 oppidum
1307 1840 1328 1873 ‚
1363 1800 1797 1879 montemque
1836 1787 2261 1855 Herminium
2302 1800 2749 1881 expugnasset
2768 1840 2787 1874 ‚

637 1916 772 1986 quo
817 1891 1384 1987 Medobregenses,
1431 1892 1913 1987 confugerant,
1949 1892 2173 1987 ibique
2221 1896 2587 1989 imperator
2626 1906 2793 1962 esset

637 1996 1007 2092 appellatus
1027 2053 1048 2087 ‚
1104 2001 1216 2067 HS
1257 2001 1557 2068 centenis
1596 1998 1841 2069 milites
1880 1999 2174 2067 donavit.
2216 1998 2435 2068 Multa
2475 2014 2791 2093 praeterea

637 2119 704 2173 et
763 2128 1006 2199 magna
1051 2106 1337 2199 ‘praemia
1392 2105 1666 2200 singulis
1721 2105 2161 2193 concedebat,
2211 2130 2361 2200 quae
2418 2108 2787 2200 speciosum

635 2210 1006 2281 reddebant
1040 2227 1434 2306 praesentem
1465 2201 1803 2282 exercitus
1828 2235 2124 2282 amorem
2147 2239 2167 2301 3
2194 2212 2541 2307 paullatim
2570 2226 2787 2281 tamen

635 2332 703 2385 et
751 2316 1008 2386 occulte
1062 2316 1418 2388 militarem
1463 2318 1878 2414 disciplinam
1934 2320 2491 2413 severitatemque
2530 2322 2786 2388 minue·

635 2424 818 2493 bant.

740 2534 991 2600 XLIX.
1051 2534 1319 2602 Cassius
1335 2585 1354 2620 ‚
1410 2531 1791 2627 legionibus
1842 2536 1915 2601 in-
1963 2534 2249 2602 hiberna
2298 2531 2659 2628 dispositis,
2703 2532 2788 2600 ad

635 2719 704 2772 de
731 2738 840 2791 quo
864 2719 926 2771 Β.
955 2719 1038 2783 C.,
1065 2737 1162 2784 ιιι,
1193 2719 1285 2783 34.
1316 2719 1454 2772 Cum
1485 2719 1570 2772 his
1588 2739 1670 2774 re·
1754 2732 1938 2790 ges-nes.
1958 2718 2065 2774 Οιι.
2094 2717 2283 2772 Codex
2306 2733 2489 2774 noster
2504 2721 2571 2774 R.
2608 2720 2786 2792 5764,

633 2801 736 2852 bus
769 2799 936 2852 Cassii
966 2799 1230 2868 Longini,
1255 2818 1425 2871 usque
1454 2797 1523 2851 ad
1550 2817 1665 2871 cap.

635 2877 712 2933 65
733 2879 978 2941 narratis,
993 2879 1136 2930 conf.
1164 2879 1286 2930 Dio.
1309 2880 1451 2932 Cass.
1470 2916 1485 2943 ,
1515 2897 1631 2931 11.11
1653 2918 1668 2946 ,

643 2958 711 3011 15
733 2997 754 3025 ,
787 2961 872 3011 16.
904 2957 980 3009 M.
1015 2959 1082 3010 Τὸ
1125 2957 1194 3028 Q.
1217 2956 1428 3012 addidit
1460 2957 1606 3011 oud.
1638 2977 1668 3010 e

634 3035 795 3090 codd.
843 3038 974 3090 Mox
1023 3037 1112 3089 alii
1141 3077 1157 3105 ,
1200 3051 1478 3109 propt-attor
1506 3057 1523 3104 ς
1574 3037 1668 3092 sed

633 3129 850 3189 praestat
873 3137 966 3187 pro
1001 3129 1238 3187 praetore,
1288 3121 1450 3189 quam
1477 3135 1667 3171 vocem

635 3195 795 3250 codd.
835 3195 966 3250 boni
1008 3210 1333 3268 agnoscunt:
1357 3215 1506 3250 -nam
1552 3198 1673 3250 haio

635 3290 717 3330 est
746 3277 967 3348 antiqua
981 3289 1036 3330 et
1061 3296 1188 3330 vera
1209 3273 1480 3330 scribendi
1506 3279 1663 3330 ratim

634 3357 950 3410 Praenomen
1017 3357 1082 3426 Q.
1143 3370 1438 3427 agnoscunt
1496 3359 1668 3410 nostri

634 3435 795 3490 codd.
805 3451 859 3489 et
872 3436 1228 3490 necessarium
1239 3450 1338 3505 est,
1353 3451 1414 3490 ut
1429 3438 1667 3503 Quintus

635 3515 993 3589 distinguatur
1012 3535 1041 3568 a
1054 3515 1240 3569 Lucio.
1251 3541 1332 3553 -
1351 3517 1474 3571 Odia·
1484 3522 1563 3570 sui
1574 3514 1595 3580 (
1608 3512 1669 3570 in

634 3598 899 3668 qu01ipse
943 3603 1058 3650 erat
1101 3594 1243 3668 apud
1275 3595 1442 3663 alios)
1477 3601 1669 3666 ficerat

635 3697 808 3729 access.
841 3679 1076 3730 Auxerat
1089 3675 1278 3729 odium
1303 3679 1668 3751 Hispanorum

636 3754 774 3828 erga'
792 3777 864 3810 se.
893 3759 971 3810 M.
1041 3793 1046 3798 ι

722 3857 772 3890 2.
804 3837 982 3890 Mutuo
1031 3843 1220 3890 sendra.
1267 3839 1346 3891 Ut
1393 3838 1508 3909 ipse
1548 3837 1665 3892 odit

634 3918 930 3990 Hispanos,
947 3919 1022 3971 sic
1047 3919 1106 3971 hi
1133 3917 1368 3972 vicissim
1386 3937 1511 3970 eum
1542 3917 1669 3973 ode·

635 4010 781 4051 runt.
809 3999 886 4051 M.
906 4021 982 4032 -·
1001 3999 1174 4051 Multis
1198 4001 1367 4070 signi-5.
1391 3999 1494 4050 Alii
1515 4039 1529 4063 ‚
1561 4019 1666 4049 mu-

639 4082 733 4130 tuis
745 4099 768 4139 ,-
811 4076 1028 4148 quidam
1073 4083 1258 4150 mutis„
1279 4077 1426 4150 quod
1475 4079 1669 4150 probat

640 4157 891 4213 Oudend.
909 4173 972 4212 ut
987 4159 1114 4213 alibi
1125 4197 1142 4226 ,
1158 4171 1290 4212 muta
1302 4163 1510 4230 smpiria
1519 4197 1534 4222 ,
1548 4161 1669 4212 mute·

1759 2811 1915 2851 motus
1947 2803 2123 2868 signis,
2158 2800 2272 2852 sine
2297 2819 2470 2854 sensu.

1839 2879 1895 2932 3.
1937 2879 2038 2932 HS
2059 2875 2404 2943 (sestertios)
2435 2891 2669 2932 centenos.
2699 2879 2783 2931 Sic

1757 2957 1916 3011 codd.
1951 2959 2083 3011 boni
2111 2959 2383 3024 scribunt,
2401 2964 2679 3012 sestertios:
2710 2960 2779 3010 al-

1757 3051 1869 3091 tera
1904 3040 2199 3110 scriptura,
2225 3043 2477 3106 sestertia,
2511 3040 2638 3092 falsa
2679 3051 2777 3102 est,

1756 3137 1881 3171 nam
1911 3117 2138 3172 modum
2162 3117 2443 3172 excederet
2460 3079 2693 3190 largitio.
2707 3119 2774 3170 Μ.

1755 3199 1935 3251 Multo
1973 3199 2145 3272 mag-is
2192 3211 2376 3271 peccat
2415 3201 2643 3252 Vossius
2658 3197 2779 3271 ,qui

1754 3279 1885 3349 legit
1913 3281 2177 3331 sestertidm
2207 3280 2378 3331 decies.
2404 3277 2551 3332 Vide
2577 3293 2689 3350 not.
2720 3275 2777 3331 ad

1753 3359 1891 3424 Astu,
1912 3359 2004 3430 87.
2026 3359 2129 3412 On.
2147 3359 2227 3411 De
2253 3358 2507 3412 sestertiis
2534 3359 2775 3432 videque

1754 3438 2057 3492 notavimus
2082 3439 2121 3491 l.
2142 3457 2247 3493 vlu
2269 3441 2328 3492 B.
2346 3439 2417 3492 G.
2444 3458 2491 3492 c.
2513 3446 2570 3504 4.
2592 3465 2667 3473 --
2682 3439 2777 3492 Me-

1754 3519 2035 3589 dobregam.
2064 3519 2129 3571 In
2162 3519 2319 3572 titulo
2356 3519 2543 3590 pontis
2578 3517 2777 3592 ijani

1760 3596 1904 3668 apud
1938 3593 2121 3664 Grut„
2149 3619 2204 3672 p.
2246 3603 2353 3652 162
2374 3640 2389 3667 ,
2410 3619 2438 3650 π
2461 3638 2478 3665 ,
2502 3612 2780 3652 occurrunt

1756 3677 2185 3749 Meidubrigenses.
2218 3679 2319 3731 On.
2350 3711 2427 3721 —-
2453 3679 2557 3732 HS
2586 3679 2778 3732 centenis

1756 3759 1858 3810 mil.
1878 3761 2019 3812 Ante
2036 3759 2137 3812 HS
2161 3757 2318 3812 codd.
2336 3757 2559 3830 quidam
2589 3757 2778 3812 addunt

1755 3841 1923 3890 iterum
1936 3859 1958 3902 ,·
1988 3839 2077 3891 alii
2094 3879 2109 3904 ,
2148 3841 2291 3910 iique
2326 3840 2486 3906 boni,
2519 3827 2775 3892 omittunt.

1754 3919 1903 3990 Ergo
1934 3920 2149 3972 sustu'lit
2190 3917 2440 3972 Oudend.
2460 3959 2477 3986 ,
2508 3921 2635 3992 quia
2666 3917 2775 3970 Cas-

1728 4029 1743 4035 -
1756 3999 1863 4050 sius
1902 3997 2077 4072 nuper
2115 4001 2432 4071 promiserat
2477 4000 2776 4070 pecuniam,

1754 4094 1903 4132 nunc
1947 4080 2122 4151 reipsa
2166 4078 2332 4133 donat
2348 4120 2364 4148 ,
2390 4077 2620 4152 ideoque
2674 4073 2771 4131 non'

1755 4158 1951 4212 iterum
1980 4157 2160 4212 donat.
2188 4160 2266 4213 M.
