3025 5025
888 501 1724 574 ALEXANDRINo.
2197 472 2384 586 405

241 631 730 703 centurionibus
783 630 1039 727 aliquot
1095 635 1330 704 occisis
1344 687 1366 720 ,
1418 634 1535 728 qui
1578 635 1769 729 signa
1805 630 1946 702 tolli
1988 657 2127 704 non
2172 634 2390 728 patie-

241 738 517 828 bantur,
575 738 986 827 discessisse,
1031 753 1100 810 et
1169 741 1259 814 ad
1313 740 1677 812 secundam
1732 740 2063 835 legionem
2105 754 2391 810 eonten-

239 845 404 916 disse
423 900 445 932 ‚
485 871 632 940 quae
668 846 754 918 ad
797 846 1044 919 fretum
1083 846 1212 918 alio
1247 848 1482 919 itinere
1518 846 1906 918 ducebatur.
1952 850 2241 942 Cognita
2282 870 2355 914 re
2372 899 2393 933 ‚

238 966 441 1021 noctu
467 977 622 1023 cum
653 955 945 1047 quinque
969 953 1361 1026 cohortibus·⁴
1390 956 2117 1026 unetvicesimanorum
2142 951 2165 978 ²
2204 977 2393 1048 egre-

237 1058 456 1148 ditur,
498 1084 702 1130 mane
752 1063 1074 1154 pervenit.
1125 1062 1229 1135 ij
1277 1086 1432 1132 eum
1491 1061 1705 1147 diem,
1744 1076 1821 1130 ut
1871 1061 2033 1157 quid
2084 1074 2394 1154 ageretur

236 1169 677 1262 perspiceret,
745 1181 1043 1240 moratus
1057 1221 1078 1255 ‚
1123 1171 1532 1240 Carmonem
1572 1169 1933 1240 contendit.
1977 1169 2105 1236 Hic
2126 1189 2395 1295 ‚quum

236 1271 410 1366 legio
458 1275 660 1346 XXX
705 1289 774 1344 et
814 1274 1022 1360 XXI,
1053 1289 1124 1344 et
1161 1275 1472 1346 cohortes
1501 1277 1604 1346 IV
1648 1301 1729 1344 ex
1770 1278 2006 1370 quinta
2052 1219 2361 1369 legione³
2374 1323 2395 1359 ‚

236 1393 548 1474 totusque
583 1382 1002 1452 convenisset
1039 1383 1370 1475 equitatus
1391 1434 1409 1468 ‚
1455 1382 1641 1452 audit
1685 1385 1789 1452 IV
1820 1383 2129 1452 cohortes
2169 1405 2212 1448 a
2237 1403 2395 1448 ver·

235 1485 492 1556 naculis
547 1511 898 1582 oppressas
943 1487 1030 1559 ad
1083 1487 1465 1558 Obuculam
1482 1541 1502 1574 ‚
1548 1513 1705 1558 cum
1746 1489 1853 1558 his
1896 1488 1980 1558 ad
2036 1485 2397 1558 secundam

181 1687 186 1694 .
235 1596 618 1687 pervenisse
685 1593 1054 1689 legionem,
1119 1619 1486 1688 omnesque
1548 1595 1639 1664 i-bi
1706 1620 1775 1664 se
1825 1595 2281 1688 conjunxisse,
2330 1607 2400 1661 et

235 1702 310 1769 T.
358 1702 686 1770 Thorium
713 1701 1133 1773 Italicensem
1169 1700 1411 1770 ducem
1441 1700 1778 1796 delegisse.
1816 1699 2141 1771 Celeriter
2166 1698 2398 1769 habito

235 1795 576 1878 consilio⁴
588 1861 607 1896 ,
665 1807 1064 1878 Marcellum
1122 1806 1557 1893 Cordubam,
1618 1822 1695 1877 ut
1739 1833 1891 1898 eam
1944 1810 2015 1876 in
2070 1820 2401 1902 potestate

235 1915 588 2001 retineret,
619 1916 705 2004 Q.
747 1917 1054 1990 Cassium
1093 1912 1386 2009 legatum
1431 1914 1759 2010 Hispalim
1796 1916 2022 1984 mittit.
2061 1915 2300 1984 Paucis
2340 1914 2401 1982 ei

233 2016 482 2090 diebus
499 2021 804 2108 affertur,
832 2036 1238 2092 conventum
1275 2021 1785 2095 Cordubensem
1816 2022 1903 2090 ab
1930 2047 2011 2090 eo
2047 2021 2367 2090 defecisse
2380 2073 2402 2109 ‚

235 2127 772 2222 Marcellumque
817 2143 932 2200 aut
992 2128 1335 2198 voluntate
1359 2182 1380 2216 ‚
1425 2144 1559 2208 aut,
1592 2118 1985 2210 necessitate
2035 2127 2401 2196 adductum

229 2227 576 2329 (namque
614 2235 684 2304 id
732 2236 934 2304 varie·
961 2229 1476 2324 nuntiabatur),
1506 2236 1883 2304 consentire
1929 2259 2085 2305 cum
2126 2233 2398 2303 Cordu-

232 2341 594 2429 bensibus3
619 2341 786 2412 duas
809 2340 1430 2436 cohortes'legionis
1453 2343 1520 2411 V
1538 2395 1558 2428 ‚
1590 2365 1737 2435 quae
1766 2340 2033 2410 fuerant
2066 2339 2402 2410 Cordubae

232 2451 304 2518 in
363 2447 673 2543 praesidio
692 2501 711 2537 ‚
751 2447 930 2519 idem
991 2447 1230 2519 facere.
1291 2449 1591 2531 Cassius,
1650 2447 1754 2517 his
1807 2447 2007 2521 rebus
2063 2433 2402 2535 incensuS‚

233 2569 476 2627 movet
501 2563 719 2625 castra
733 2608 752 2644 ,
781 2569 850 2625 et
870 2569 1144 2650 postero
1167 2554 1274 2623 die
1305 2556 1665 2651 segoviam·
1693 2553 1779 2623 ad
1806 2554 2057 2623 flumen
2086 2552 2406 2623 Silicense

1373 2738 1493 2791 nuit
1510 2737 1656 2792 Oud.
1690 2739 1771 2793 M.
1786 2730 1867 2782 '...-
1884 2738 2036 2790 Mane
2053 2740 2285 2809 pervenit.
2312 2737 2345 2789 J
2349 2757 2407 2789 u-

1373 2820 1545 2873 rinius
1585 2818 1858 2871 interserit
1893 2820 2087 2889 Leptin.
2100 2841 2181 2853 -
2202 2816 2407 2870 Carmo·

233 2740 403 2793 dictis
451 2758 481 2791 a
522 2733 879 2810 Wesselingio
917 2737 985 2791 ad
1023 2737 1286 2791 Antonini

239 2820 452 2887 itiner„
476 2838 535 2891 p.
566 2824 597 2883 4
612 2838 634 2871 1
651 2837 674 2871 1
694 2856 708 2877 ,
739 2817 1071 2883 admonitus,
1085 2820 1287 2889 Loepam

237 2900 472 2953 maluit:
491 2910 701 2970 poterat
719 2896 916 2951 addere
930 2936 948 2962 ‚
963 2898 1196 2951 Sui-itam
1215 2894 1287 2949 ad

239 2980 408 3033 illum
438 2980 621 3033 locum
661 2978 892 3034 voluisse
932 2976 1038 3049 legi
1076 2978 1287 3047 Loepem.

239 3057 403 3126 Quid
415 3096 431 3123 ,
453 3058 497 3111 si
514 3058 776 3111 fateamur
797 3098 811 3127 ‚
830 3076 929 3111 nos
944 3055 1190 3110 nescire?
1207 3056 1289 3108 An

240 3140 416 3213 plane
446 3156 657 3191 necesse
675 3149 752 3191 est
765 3176 780 3200 ,
807 3148 869 3189 ut
883 3137 1006 3204 ,ubi
1026 3135 1166 3189 nihil
1197 3154 1293 3207 po-

241 3230 360 3274 test
389 3216 565 3283 effici,
581 3230 760 3270 tamen
779 3215 992 3287 quidvis
1017 3215 1292 3270 tentetur?

241 3302 332 3353 M.
365 3299 570 3369 Lapam
599 3314 828 3365 magnam
854 3296 1104 3361 Ptolem„
1119 3313 1167 3349 ιι
1182 3332 1200 3360 ,
1225 3301 1258 3359 4
1277 3334 1294 3361 ,

241 3380 452 3442 habet,
476 3395 598 3449 qum
623 3375 840 3430 videtur
871 3394 982 3432 esse
1005 3376 1136 3445 Ilipa
1149 3374 1294 3429 Stra·

241 3458 457 3522 honis,
488 3458 526 3511 l.
560 3458 590 3510 3
613 3497 628 3525 ,
657 3476 713 3528 p.
755 3463 880 3520 141.

347 3558 402 3591 2.
423 3535 1054 3597 Unetvicesimanorume
1080 3552 1146 3587 ex
1171 3534 1299 3605 Lip-

245 3620 357 3675 si0.
385 3617 554 3689 Legio
568 3615 963 3669 undevicesima
971 3634 1084 3670 non
1097 3612 1298 3679 adfuit3

247 3696 357 3754 sed
369 3697 782 3764 11,xxx,xxl
797 3709 853 3749 et
869 3697 942 3761 V,
961 3707 1023 3747 ut
1038 3700 1184 3767 patet
1199 3712 1232 3746 e
1251 3712 1298 3747 c.

253 3780 292 3833 5
303 3778 362 3831 3.
381 3776 568 3829 Scribe
589 3778 772 3847 itaque
790 3794 915 3829 cum
935 3774 1121 3846 Lipsio
1132 3812 1149 3839 ,
1167 3785 1302 3825 unet-

251 3861 682 3914 vicesirnanorum,
713 3856 795 3908 uti
842 3853 986 3927 apud
1026 3854 1272 3906 Tacitum
1286 3892 1304 3919 ,

250 3941 410 3992 Anu.
429 3954 472 4002 1,
486 3937 518 3989 3
527 3956 580 4007 7.
597 3934 746 3989 Oen.
757 3935 896 3989 Sunt
906 3933 1308 3989 unetvicesima-

251 4018 322 4073 ni
337 4056 356 4084 ,
380 4016 581 4070 milites
611 4016 836 4087 legionis
867 4015 1056 4087 primns
1083 4024 1138 4066 et
1161 4013 1306 4066 vioe-

1375 2915 1504 2950 nam.
1536 2898 1625 2951 Sic
1650 2898 1908 2969 Scaliger,
1936 2916 2003 2950 ex
2032 2894 2407 2951 emendatione

1376 2978 1692 3032 Rhellicani.
1726 2979 1907 3049 Vulgo
1936 2977 2239 3039 Carbonum,
2278 2977 2406 3031 Car-

1380 3058 1567 3119 bonem,
1596 3058 1889 3111 Narbonem.
1921 3056 2047 3125 Viti.
2078 3077 2127 3111 c.
2154 3062 2247 3123 64.

1465 3139 1518 3191 3.
1558 3139 1648 3191 Ea·
1678 3142 1847 3211 quinta
1878 3138 2079 3207 legione.
2108 3124 2192 3191 fta
2229 3138 2407 3192 Davis-

1380 3229 1434 3270 et
1457 3217 1639 3271 Clark.
1660 3236 1725 3269 ex
1754 3215 1911 3270 codd.
1938 3218 2237 3293 Legebatur
2260 3217 2413 3292 prius

1380 3310 1432 3349 et
1448 3298 1505 3347 V
1518 3298 1755 3367 legio.—
1768 3297 2059 3350 Obuculam.
2079 3296 2225 3350 Vide
2249 3298 2413 3352 Wes-

1381 3377 1473 3430 sel.
1509 3374 1579 3431 ad
1603 3379 1801 3429 Anton.
1831 3377 1981 3443 iti-n„
2016 3396 2072 3449 p.
2109 3378 2241 3440 413.
2271 3374 2417 3429 Vide

1383 3475 1603 3528 quoque
1632 3456 1867 3510 indicem
1897 3453 2326 3527 geographicum.

1470 3544 1525 3600 4.
1550 3537 1784 3589 Consilio.
1800 3536 1983 3607 Vulgo
2006 3536 2223 3589 concilio.
2244 3534 2419 3589 -Se-

1384 3619 1597 3687 gaviam.
1616 3617 1776 3670 Nulla
1794 3618 1851 3668 in
1868 3616 1973 3669 hoc
1999 3626 2173 3667 tractu
2199 3615 2422 3686 Segovia

1387 3707 1518 3748 nota
1550 3709 1663 3761 εει-ς
1684 3695 1933 3766 Sagontia
1961 3706 2137 3747 autem
2150 3736 2165 3763 ‚
2186 3696 2295 3747 sive
2327 3696 2420 3750 Sa·

1387 3775 1573 3846 guntin
1606 3776 1767 3828 Plinii
1785 3812 1803 3839 .‚
1829 3788 1919 3827 aut
1941 3776 2219 3845 Σαγουντίσι
2244 3776 2423 3828 Ptole·

1390 3854 1511 3907 moei
1527 3892 1543 3919 ,
1564 3854 1707 3907 infra
1724 3854 1988 3926 Hispalim
2006 3868 2086 3907 est
2115 3854 2290 3907 Gades
2308 3874 2425 3908 ver·

1393 3954 1510 4000 sus,
1538 3934 1680 3987 inter
1708 3932 1974 3987 Mundam
2010 3946 2063 3987 et
2096 3935 2423 3989 Nebrissam.

1393 4014 1735 4067 Cnuin.‘--
1748 4014 1802 4068 F
1800 4015 1957 4065 lumen
1975 4014 2222 4069 Silicense.
2249 4016 2314 4067 In
2340 4014 2425 4069 his

255 4098 419 4153 sima
435 4134 452 4161 ,
479 4108 544 4149 ut
587 4094 878 4149 secundani
933 4094 1216 4162 dicuntur,
1255 4106 1308 4147 et
1394 4094 1527 4147 locis
1550 4095 1761 4147 nullum
1791 4093 1992 4149 flumen
2018 4094 2300 4161 Silicense3
2332 4094 2427 4149 sed

263 4178 399 4233 alia.
431 4176 513 4231 M.
527 4207 609 4225 -ι-
623 4176 912 4247 Egreditur.
929 4173 1159 4233 cassius.
1185 4174 1307 4227 Mo·
1397 4174 1617 4246 Singulis
1648 4188 1727 4229 est
1763 4175 1973 4231 Baeticae
1995 4174 2208 4233 fluvius,
2240 4178 2425 4233 Dim.

757 4316 773 4348 c
1363 4332 1367 4337 -
1914 4259 2057 4345 263
