3025 5025
631 480 770 549 DE
823 480 1178 549 BELLO
1233 480 1613 548 CIVILI.
1673 482 1865 550 LIB.
1923 482 2069 553 III.
2252 478 2403 553 325

289 607 599 679 Thessalia
635 634 706 679 se
749 611 936 704 sequi
971 610 1260 704 jusserat
1280 663 1300 698 ‚
1338 624 1406 681 et
1441 610 1649 679 altera
1666 665 1687 699 ‚
1724 636 1925 705 quam
1968 637 2049 681 ex
2086 612 2338 683 Achaia
2366 639 2408 683 a

285 716 356 803 Q.
391 716 576 785 Fufio
610 714 832 811 legato
865 732 1296 804 evocaverat,
1317 718 1781 812 equitibusque
1818 721 2100 806 DCCC,
2126 734 2193 789 et
2218 724 2407 789 navi-

282 821 392 891 bus
438 814 652 917 longis
696 823 974 892 Rhodiis
1017 824 1118 909 X,
1171 838 1240 892 et
1277 824 1579 894 Asiaticis
1635 826 1897 919 paucis,
1938 823 2405 899 Alexandriam

281 931 582 1021 pervenit.
620 930 704 997 In
733 929 836 997 his
862 943 1055 998 erant
1085 927 1453 1024 legionibus
1481 930 1831 1001 hominum
1854 932 1980 999 tria
2008 930 2211 999 millia
2238 934 2355 1001 CC
2387 960 2405 1003 ε

279 1033 540 1128 reliqui,
582 1035 972 1103 vulneribus
997 1060 1096 1103 ·ex
1140 1034 1382 1130 praeliis
1402 1088 1422 1123 ‚
1465 1051 1534 1105 et
1550 1036 1791 1106 ,labore
1828 1062 1907 1106 ac
1952 1038 2407 1133 magnitudine

277 1140 510 1211 itineris
535 1141 854 1225 confecti,
879 1144 1192 1235 consequi
1229 1167 1366 1211 non
1393 1156 1767 1237 potuerant.
1801 1143 1932 1212 Sed
1959 1147 2397 1230 Caesar,·con·

275 1246 420 1316 fisus
469 1247 648 1317 fama
709 1272 935 1317 rerum
983 1246 1394 1342 gestarum²,
1429 1248 1711 1319 infirmis
1768 1248 2023 1318 auxiliis
2075 1250 2408 1344 proficisci

277 1378 401 1424 non
447 1354 918 1439 dubitaverat,
943 1369 1164 1448 atque
1219 1350 1486 1423 omnem
1530 1354 1651 1425 sibi
1690 1354 1957 1485 fflocum
1987 1370 2207 1425 tutum
2246 1357 2407 1429 fore

275 1460 691 1529 existimabat.
750 1458 1162 1531 Alexandriae
1203 1460 1288 1531 de
1344 1463 1647 1555 Pompeii
1700 1447 1957 1531 morte³
2008 1465 2403 1556 cognoscit.

274 1580 458 1660 atque
478 1567 571 1635 ibi
594 1568 940 1660 primume
959 1568 1113 1635 navi
1134 1566 1478 1661 egrediens
1505 1566 1866 1637 clamorem
1892 1566 2175 1639 militum
2190 1570 2407 1657 audit,

273 1697 426 1765 quos
467 1698 584 1742 rex
619 1674 688 1739 in
723 1672 972 1768 oppido
1017 1672 1299 1767 praesidii
1343 1697 1542 1742 causa
1586 1671 1970 1768 reliquerat,
2010 1689 2077 1742 et
2120 1699 2402 1744 concur-

273 1803 408 1847 sum
457 1779 572 1849 ad
589 1803 658 1847 se
703 1779 848 1847 fieri
887 1779 1074 1848 videt
1087 1779 1316 1873 ,quod
1351 1780 1563 1852 fasces
1598 1780 2107 1855 anteferrentur
2148 1784 2233 1849 In
2271 1781 2403 1850 hoc

272 1886 472 1955 omnis
519 1883 887 1953 multitudo
951 1886 1363 1978 majestatem
1410 1887 1660 1979 regiam
1718 1888 1928 1954 minui
1977 1886 2401 1980 praedicabat.

271 1994 405 2061 Hoc
437 1992 666 2060 sedato
695 1979 1019 2060 tumultu*
1021 1992 1314 2079 ,crebrae
1341 1994 1671 2063 continuis
1699 1992 1931 2062 diebus
1958 2018 2040 2061 ex
2068 2018 2403 2063 concursu

269 2094 730 2169 multitudinis
745 2099 1218 2171 concitationes
1261 2098 1552 2187 fiebant,
1605 2097 2115 2193 compluresque
2164 2099 2401 2171 milites

267 2202 450 2296 hujus
492 2204 678 2272 urbis
713 2204 1024 2273 omnibus
1067 2206 1370 2299 partibus
1409 2204 1993 2274 interficiebantur.

359 2313 576 2381 CVII.
635 2310 898 2398 Quibus
941 2310 1140 2379 rebus
1182 2310 1691 2399 animadversiS,
1734 2309 2027 2404 legiones
2071 2310 2192 2379 sibi
2237 2310 2394 2379 alias

265 2440 336 2494 ex
357 2418 517 2485 Asia
545 2416 830 2493 adduci
807 2418 1038 2509 jussit,
1070 2440 1232 2511 quas
1266 2442 1345 2485 ex
1370 2417 1793 2513 Pompeianis
1822 2414 2136 2490 militibus
2171 2418 2397 2487 confe-

260 2611 460 2682 vulgata
473 2609 705 2664 lectione
731 2609 921 2662 oritur.
949 2609 1240 2680 Intellige
1223 2629 1282 2662 111

262 2688 472 2743 duabus·
492 2689 654 2742 simu}
675 2689 975 2758 legionibus
996 2689 1098 2740 tria
1115 2688 1280 2754 millia

261 2781 486 2824 tantum.
506 2769 668 2822 fuisse
699 2769 923 2834 milites3
955 2767 1088 2820 adeo
1130 2781 1282 2820 erant

257 2847 572 2903 deminuta!

335 2952 383 2983 τι.
408 2929 516 2982 Sed
542 2929 714 2981 Coesar·
733 2926 936 2997 confisus
952 2929 1096 2994 sama
1125 2947 1281 2980 rerum

255 3021 516 3080 gestarum.
539 3008 724 3060 Tanta·
733 3020 846 3060 erat
859 3045 874 3073 ,
896 3019 958 3059 ut
971 3045 987 3071 ,
1005 3020 1134 3060 teste
1155 3006 1282 3059 Sue-

259 3090 446 3155 tonio‚·.
462 3107 580 3158 cap.
615 3088 688 3140 63
701 3126 718 3153 ,
739 3099 854 3156 post
881 3090 1031 3138 aciem
1059 3087 1278 3138 Pharsa-

233 3170 423 3230 -Ia‘cam,
443 3186 620 3240 quum·
629 3169 889 3238 pmmissis
919 3170 972 3218 in
1001 3166 1174 3218 Asiam
1203 3187 1281 3218 oo-

250 3253 342 3319 piis
361 3269 462 3320 per·
475 3250 733 3315 angustias
745 3246 1281 3317 Hellesponti-wotoria

257 3329 478 3382 navicula
509 3329 774 3394 Wjiceoet,
763 3322 788 3360 ⁸
808 3327 868 3382 L.
900 3326 1142 3387 Cassium,
1155 3345 1276 3397 pat·-

259 3413 315 3460 tis
343 3409 589 3468 adver-ue,
620 3425 726 3462 cum
751 3406 918 3457 decem.
940 3408 1160 3458 rostratis
1185 3425 1276 3457 na-

257 3490 404 3542 vibus
427 3487 618 3540 obvium
658 3487 751 3537 sibi
798 3504 955 3557 neque.
990 3486 1214 3554 refugit}
1230 3497 1280 3537 et

255 3557 465 3620 cominus
498 3565 714 3627 tendens,
743 3565 880 3616 ultro
904 3565 1280 3616 addeditionem

181 3637 186 3642 ⁸
255 3648 499 3707 hortatus,
525 3645 780 3717 supplicem
801 3644 878 3696 ad·
891 3664 942 3696 se
965 3648 1154 3715 recepit.

333 3729 388 3782 3.
405 3729 508 3779 De·
519 3726 738 3795 Pompeii
757 3735 924 3777 morte.
943 3721 1108 3795 Cujus
1119 3735 1282 3794 caput

253 3819 304 3860 et
329 3806 566 3860 annulus
580 3803 736 3858 leone
755 3823 936 3858 ensem
967 3816 1178 3858 tenente
1199 3804 1284 3855 in,

253 3887 479 3958 signinus
496 3923 514 3950 ,
549 3903 716 3956 quum
745 3884 958 3940 Caesari.
987 3885 1055 3936 ab
1095 3883 1279 3935 aulicis

251 3959 530 4020 Ptolemaei
570 3965 894 4017 offerrentur
908 4001 925 4029 ,
951 3962 1021 4016 ad
1047 3963 1162 4015 ’hoc
1200 3962 1278 4014 se·-

251 4047 358 4099 rale
385 4043 920 4118 spectaculumflevit
935 4044 1110 4096 victor
1134 4036 1279 4102 (vide

251 4124 532 4184 Plutarch,
547 4124 606 4178 in
622 4125 832 4197 Pmnp„
849 4143 896 4178 e.
919 4124 994 4178 80
1011 4141 1029 4190 ;
1047 4123 1104 4176 in
1127 4123 1281 4187 (ἷκε,

1369 2629 1417 2662 c.
1444 2613 1552 2674 483
1578 2621 1633 2661 et
1660 2609 1972 2672 Lucanum,
2004 2609 2210 2672 Phars„
2233 2627 2318 2674 rx,
2338 2629 2390 2662 v.

1375 2707 1398 2741 1
1412 2689 1526 2759 037
1542 2690 1563 2750 )
1582 2686 1705 2742 :sed
1720 2690 1829 2758 jam
1848 2687 2102 2740 fleverant
2123 2699 2176 2740 et
2202 2685 2362 2745 duces
2376 2727 2393 2754 ‚

1368 2781 1422 2826 et
1441 2769 1637 2822 milites
1650 2805 1666 2832 ,
1683 2779 1805 2819 ante
1821 2767 2145 2838 principium
2164 2785 2359 2838 pugnae
2372 2805 2391 2832 ,

1367 2867 1535 2920 quum
1556 2849 1613 2901 in
1632 2847 1913 2900 Pharsalia
1926 2848 2129 2918 campis
2144 2859 2391 2903 mutuum

1367 2928 1677 2998 sanguinem
1708 2926 1947 2992 sitirent3
1980 2927 2227 2979 cae'terum
2262 2927 2391 2980 inti-

1365 3025 1482 3060 mos
1507 3007 1676 3059 animi
1699 3007 1981 3060 Caesariani
2015 3025 2195 3059 sensus
2216 3007 2389 3060 intro-

1364 3087 1595 3158 spexisse
1632 3086 1767 3138 mihi
1798 3084 2010 3138 videtur
2050 3105 2273 3157 magnus
2296 3083 2389 3138 ine

1365 3166 1617 3220 cothurni
1644 3165 1837 3218 Gallici
1868 3165 2123 3237 Princeps
2141 3205 2155 3232 ,
2172 3165 2387 3236 quando

1366 3247 1671 3300 Corneliam
1700 3246 1759 3298 in
1789 3245 2017 3317 pulpita·
2035 3244 2293 3316 produxit
2314 3247 2389 3300 ita

1361 3326 1671 3398 loquentem
1696 3343 1711 3378 t

1362 3421 1564 3475 Οωιψίη
1574 3423 1587 3460 !
1600 3423 1625 3460 ό
1634 3429 1804 3474 respecta
1816 3422 1826 3459 Ξ
1838 3420 1865 3464 ὁ,
1872 3419 1967 3472 qu’il
1976 3429 2033 3458 est
2042 3419 2146 3458 doux
2154 3420 2203 3458 de
2210 3418 2392 3471 plaindre

1363 3492 1419 3530 n·
1453 3501 1537 3532 nort
1566 3492 1671 3530 d'un-
1694 3491 1873 3536 ennemi,
1904 3489 2036 3542 quand
2060 3487 2217 3528 il.n'ent
2246 3487 2337 3542 plus
2368 3487 2391 3526 δ

1467 3562 1667 3601 οηίιιάηέ

1361 3633 1737 3680 Οοιιιιιιι,ΜΝ-ε
1751 3632 1795 3670 de
1812 3628 1983 3684 Ponipae'e,
1994 3639 2069 3670 oct.
2085 3642 2127 3674 v,
2145 3643 2187 3668 sc

1363 3723 1625 3774 -Fasces
1639 3723 2002 3787 antefhrmntur.
2016 3719 2191 3773 Caesar
2202 3719 2389 3774 consul

2191 3630 2251 3678 ..3,
2266 3643 2306 3668 v.
2323 3629 2387 3668 85.

1334 3814 1476 3854 -erat
1505 3821 1631 3854 cum
1659 3801 1721 3853 P.
1744 3799 1997 3854 Servilio:
2022 3797 2144 3852 ideo
2174 3798 2387 3852 lictores

1365 3899 1488 3933 eum
1518 3877 1901 3933 antecedebant
1924 3897 2046 3931 cum
2074 3877 2319 3931 fascibus.

1449 3967 1502 4022 4.
1518 3961 1633 4012 Hoc
1644 3958 1811 4010 sedato
1823 3959 2042 4012 tumultu.
2054 3959 2257 4014 Tantus
2269 3957 2389 4022 fnit,
2426 4011 2429 4016 ,

1365 4051 1458 4105 ut,
1484 4051 1615 4092 teste
1644 4039 1849 4103 Dione,
1876 4038 1934 4088 in
1974 4039 2173 4109 regiam
2197 4037 2385 4126 confu-

1365 4139 1488 4192 gere
1513 4137 1725 4174 necesse
1751 4117 2013 4172 habuerit.

1942 4209 2076 4294 213
