3025 5025
714 505 852 574 DE
907 503 1253 573 BELLO
1308 503 1683 574 CIVILI.
1741 506 1928 574 LIB.
1996 507 2053 574 1.
2321 531 2455 581 101

323 635 700 732 loquiorurn
731 635 1114 706 facultatem
1133 690 1154 724 ‚
1181 633 1384 731 vulgo
1414 635 1820 731 procedunt,
1857 652 1925 707 et
1954 662 2153 733 quem
2192 640 2469 738 quisque

305 746 385 838 ⁴in
414 744 652 813 castris
667 741 688 767 ²
716 758 951 812 notum
984 757 1100 814 aut
1127 743 1533 836 municipem
1560 741 1883 832 habebat,
1914 747 2245 840 conquirit
2266 762 2467 842 atque

321 865 575 919 evocat.
631 851 928 919 Primum
991 879 1027 914 ε(
1066 863 1276 944 agunt
1329 848 1572 943 gratias
1616 873 1847 918 omnes
1899 853 2242 941 omnibus,
2287 853 2471 947 quod

321 957 438 1024 sibi
490 958 862 1052 perterritis
926 955 1143 1052 pridie
1201 955 1708 1085 pepercissent.
1741 981 1974 1025 eorum
2027 983 2095 1026 se
2144 959 2470 1030 beneficio

316 1064 540 1131 vivere
576 1089 662 1130 »ε
697 1063 934 1132 deinde
983 1092 1018 1127 «
1047 1046 1518 1182 imperatoris³
1564 1060 1767 1131 fidem
1809 1078 2164 1156 quaerunt,
2202 1079 2468 1136 rectene

317 1193 380 1237 se
425 1168 520 1238 illi
567 1171 702 1238 sint
741 1171 1202 1239 commissuri·
1186 1183 1348 1258 ‚et,
1391 1167 1573 1298 quod
1616 1193 1753 1238 non
1780 1169 1882 1237 ah
1920 1157 2149 1238 initio⁴
2190 1171 2472 1242 fecerint

314 1293 632 1370 armaque
671 1276 850 1371 quod
893 1301 1049 1345 cum
1086 1223 1512 1345 hoininibus⁵
1541 1277 1929 1345 necessariis
1964 1291 2033 1344 et
2076 1281 2469 1372 consangui-

313 1384 450 1450 neis
485 1381 932 1471 contulerint,
973 1396 1436 1477 queruntur.»
1475 1383 1599 1451 His
1637 1383 1985 1476 provocati
2020 1384 2435 1454 sermonibus
2452 1438 2472 1473 ,

321 1518 352 1552 α
373 1489 582 1558 fidem
620 1489 710 1558 ab
753 1490 1194 1583 imperatore,
1226 1488 1311 1558 de
1342 1489 1583 1558 Petreii
1627 1502 1695 1558 et
1728 1488 1985 1558 Afranii
2021 1489 2157 1558 vita
2203 1504 2469 1583 petunt,

313 1621 393 1664 ne
429 1595 678 1690 quod
659 1621 728 1665 m
773 1622 843 1666 se
884 1594 1098 1666 scelus
1137 1579 1585 1692 concepisse,
1613 1617 1746 1664 neu
1778 1619 1933 1664 suos
1970 1595 2337 1690 prodidisse
2374 1598 2470 1666 vi·

311 1788 593 1842 rianorum
641 1802 695 1843 et
723 1791 1141 1844 Afranianorum
1181 1790 1349 1844 collo·
1438 1787 1631 1841 Eadem
1661 1751 1841 1840 secreto·
1866 1788 1928 1840 ab
1968 1789 2079 1840 aliis
2103 1793 2295 1861 quaerit.
2330 1790 2473 1844 Male

309 1869 500 1940 quium
523 1870 644 1922 fuse
665 1883 718 1924 et
741 1871 1008 1941 eleganter
1031 1869 1351 1924 describitur

311 1967 340 2000 a
368 1950 619 2017 Lucano,
645 1950 740 2003 lib.
774 1969 861 2016 iv,
890 1970 944 2005 v.
979 1955 1125 2019 169:

448 2063 458 2072 .
476 2063 486 2072 .
505 2063 515 2072 .
533 2062 545 2072 .
569 2033 783 2087 Postquam
801 2036 926 2087 spatio
941 2033 1166 2087 languenti·
1183 2031 1295 2074 nullo

311 2094 454 2135 llum·
469 2096 713 2148 conspicuos
727 2096 954 2135 imbuerunt
967 2095 1114 2136 lumin·
1131 2093 1262 2134 vultus
1273 2124 1284 2143 ‚

310 2157 362 2196 Et
380 2157 524 2198 fratres
535 2187 548 2205 ,
568 2167 760 2211 natosque
779 2173 871 2198 suos
886 2157 1020 2197 videre
1032 2188 1045 2208 ‚
1063 2167 1294 2210 putresqueg

311 2219 560 2272 Deprensum
581 2229 640 2260 est
655 2219 768 2260 civile
785 2220 911 2268 nebu
933 2229 1096 2259 tenuere
1109 2232 1323 2272 parumper

307 2282 386 2321 On
405 2293 514 2322 metu
526 2311 540 2330 ‚
559 2291 715 2322 tantum
735 2291 835 2322 nutu
849 2311 863 2334 ,
881 2291 1066 2335 motoque
1081 2281 1252 2321 salutant

309 2343 412 2385 Ense
429 2359 551 2391 suos,
569 2354 649 2384 ete.
666 2372 676 2382 .
694 2372 704 2382 .
720 2372 731 2382 .
747 2372 758 2383 .

392 2446 445 2480 2.
495 2427 718 2498 Quisque
759 2428 811 2476 ἰιι
867 2427 1057 2478 castris.
1078 2465 1091 2478 .
1109 2464 1123 2479 .
1143 2463 1158 2476 .
1203 2436 1347 2496 atque

306 2520 490 2561 evocat.
513 2507 598 2559 Ita
625 2503 784 2559 codd.
803 2506 1000 2571 nostri,
1027 2505 1102 2560 ita
1132 2523 1346 2575 quoque

312 2585 761 2657 Oudendorpiani
789 2598 924 2658 optt.
940 2586 1172 2657 Vulgata
1187 2623 1202 2652 ,
1229 2582 1348 2637 Sca·

308 2666 475 2739 ligero
493 2678 794 2738 praeunte,
809 2668 1048 2737 plerisque
1068 2669 1120 2717 in
1143 2668 1338 2726 castr-125,

309 2748 445 2801 male
484 2744 810 2811 admodum3
837 2764 964 2798 nam
995 2745 1105 2798 duo
1134 2756 1344 2797 tantum

308 2834 480 2884 castra
511 2838 666 2880 erant
687 2863 705 2891 ‚
743 2837 798 2878 et
833 2824 994 2877 lectio
1017 2826 1256 2896 plerisque
1295 2826 1346 2877 in

309 2911 509 2970 eastris,
539 2907 632 2959 hic
657 2905 809 2959 nullo
843 2902 1008 2959 modo
1044 2918 1221 2976 potest
1251 2921 1344 2976 ap-

309 2988 426 3041 tari.
441 2988 710 3047 Praemea
723 2985 936 3056 vulgata
951 2983 1138 3039 eadem
1155 2984 1342 3051 habet,

309 3080 481 3130 vocat,
506 3069 644 3120 freta
667 3066 982 3127 auctoritate
999 3065 1231 3132 Lucani,
1249 3064 1344 3137 qui

307 3147 402 3201 lib.
430 3165 493 3201 ιν
509 3184 526 3213 ,
557 3164 612 3200 v.
649 3164 673 3199 1
686 3164 792 3216 77:

310 3234 490 3297 limphis
506 3232 574 3271 ille
587 3233 664 3271 ciet
675 3246 836 3282 nomen,
848 3240 964 3272 vocnt
976 3231 1046 3271 ille
1055 3232 1340 3287 propinquum.

306 3306 378 3359 At
409 3316 576 3377 poeta
612 3316 834 3375 propter
862 3316 1126 3369 metrum,
1165 3302 1345 3375 posuit

305 3397 513 3439 vocat.-
555 3385 638 3437 rei
678 3396 856 3437 tamen
897 3382 1073 3454 aptior
1123 3396 1202 3441 est
1239 3400 1343 3439 vox

304 3477 486 3520 evocat.
600 3506 629 3513 -

390 3548 445 3600 3.
471 3543 667 3597 Deinde
685 3542 1152 3615 inaperatorisfidem.
1167 3541 1339 3597 Ciacc.

309 3644 371 3679 ex
398 3627 711 3696 conjectura
747 3636 956 3678 tantum
995 3624 1167 3678 deinde
1197 3626 1342 3694 impe·

309 3709 486 3758 rator-is
506 3704 634 3774 fide.
685 3704 776 3757 Nil
818 3702 1165 3770 mutandum3
1209 3701 1344 3776 quid

307 3786 452 3839 enim
493 3783 738 3838 usitatius
777 3803 948 3855 quam.
985 3784 1342 3840 accusativum

309 3877 432 3937 post
459 3865 692 3919 verbum
719 3872 970 3936 quoereret’
1002 3862 1199 3931 Ovid„
1229 3864 1344 3922 Me-

311 3944 609 4017 tamorph„
629 3945 669 3998 1.
691 3963 798 3997 xm
813 3982 832 4010 ‚
856 3964 909 3998 v.
939 3946 1046 4013 89:

474 4060 484 4069 .
501 4059 511 4069 .
528 4057 541 4069 .
557 4057 568 4067 .
591 4029 636 4070 si
654 4030 826 4083 qum-itis
842 4030 959 4082 huju

310 4100 521 4140 Portunum
540 4112 706 4154 pugno,
729 4100 810 4139 ὶιοιι
828 4114 914 4140 sum
935 4108 1140 4153 superatus,
1159 4100 1208 4139 nh
1223 4098 1310 4150 illo.

314 4181 484 4238 Caesar
499 4183 616 4256 ipse
631 4180 698 4237 de
709 4183 842 4238 Bell.
857 4182 998 4247 Gall,
1011 4219 1026 4245 ,
1042 4182 1080 4237 1.
1101 4182 1150 4253 1,
1166 4200 1212 4237 c.
1235 4183 1338 4250 13:

1435 1868 1552 1921 MS.
1585 1869 1903 1922 Brantianus
1919 1907 1935 1934 ‚
1964 1871 2471 1941 quemnam—Rec-

1438 1959 1560 2000 tene,
1583 1949 1669 2001 An
1697 1947 1810 2001 sine
1833 1948 2028 2020 injuria
2048 1960 2102 2001 et
2125 1949 2365 2020 periculo
2388 1969 2471 2002 se·

1435 2027 1690 2100 metipsos
1714 2028 1843 2081 huic
1879 2028 2083 2100 possint
2101 2029 2467 2084 committere?

1519 2114 1573 2171 4.
1611 2109 1712 2171 Et,
1760 2108 1893 2180 quod
1936 2127 2033 2160 non
2068 2109 2133 2159 ab
2159 2112 2299 2161 initio
2332 2111 2470 2176 fisce-

1434 2191 1557 2250 rint,
1592 2199 1683 2240 etc.
1714 2188 1865 2240 Inter
1891 2185 2005 2242 haec
2032 2200 2087 2241 et
2114 2187 2470 2259 praecedentia

1433 2267 1695 2320 nonnulla
1734 2265 1913 2322 deesse
1954 2279 2108 2339 putat
2137 2268 2436 2322 Hotmanus
2450 2308 2468 2336 ,

1434 2347 1629 2417 quibus
1656 2347 2078 2400 Caesarimorum
2116 2348 2343 2417 querelae
2378 2368 2468 2402 ex-

1431 2427 1798 2497 ponebantur,
1821 2445 1947 2480 nam
1966 2427 2189 2480 verbum
2206 2440 2471 2498 queruntur

1431 2503 1775 2561 referendum
1786 2518 1941 2578 putat
1956 2503 2023 2559 ad
2038 2505 2257 2559 Caesaris
2274 2505 2467 2562 milites

1430 2586 1615 2657 potius
1663 2604 1825 2657 quam
1866 2584 1934 2637 ad
1973 2586 2321 2651 Afranianos;
2362 2606 2463 2641 nec

1429 2666 1603 2730 male,
1629 2678 1690 2717 ut
1716 2665 1941 2736 opinor,
1966 2684 2093 2717 nam
2123 2664 2365 2736 proxime
2386 2686 2465 2721 se·

1431 2744 1721 2815 quentibus
1744 2745 1947 2809 verbis,
1978 2746 2053 2797 his
2077 2749 2333 2817 provocati
2360 2766 2463 2798 ser·-

1431 2825 1676 2887 monibus,
1706 2824 1829 2879 satis
1845 2822 2049 2878 indicat
2073 2825 2247 2879 Cesar
2260 2824 2463 2897 aliquid

1431 2923 1461 2957 a
1492 2906 1601 2959 suis
1646 2905 1805 2959 fuisse
1847 2903 2052 2959 dictum
2092 2904 2239 2977 quod
2283 2906 2460 2961 hostes

1427 3003 1722 3056 provocare
1751 2997 1804 3039 et
1827 2968 2143 3042 confirmare
2174 2984 2377 3041 debuit.

1515 3065 1570 3119 5.
1607 3054 1864 3139 Armaque
1894 3086 1999 3118 cum
2038 3062 2331 3130 hominibus,
2368 3079 2459 3121 etc.

1428 3144 1702 3211 Lucanus,
1734 3146 1829 3200 lib.
1862 3164 2059 3212 v11,v.
2098 3151 2242 3210 464:

1751 3262 1762 3272 .
1776 3262 1786 3271 .
1803 3261 1815 3273 .
1831 3263 1840 3272 .
1964 3234 2051 3273 .1V
2041 3234 2101 3273 'ed
2100 3242 2145 3273 re
2163 3248 2213 3287 pa
2192 3242 2346 3275 arente·

1431 3302 1645 3359 frontibus
1662 3304 1836 3343 adversis
1846 3332 1861 3354 ,
1856 3260 1979 3343 ‘irate
1959 3316 2131 3356 eei-naqa

1429 3384 1551 3439 Huc
1566 3385 1761 3439 referas
1774 3384 2063 3456 pulchrum
2080 3383 2217 3437 illud
2237 3385 2461 3437 verbum

1429 3466 1654 3537 Dionys.
1670 3465 1969 3530 Helie-arn„
1983 3464 2019 3516 l.
2043 3481 2196 3534 v1‚p.
2214 3470 2323 3527 4οι
2341 3462 2459 3528 ,ed.

1429 3543 1577 3617 sylb.
1590 3546 1842 3615 εΠολέμου
1862 3548 2133 3607 πολιτικοῦ,
2150 3546 2215 3604 ὡς
2238 3544 2461 3605 ἅπαντες

1429 3625 1629 3689 ἴσασιν,
1656 3625 1825 3677 κάκιον
1849 3628 2020 3695 χρῆμα.
2047 3618 2267 3687 oudini
2269 3644 2293 3674 ν
2322 3616 2360 3691 ᾧ
2393 3622 2461 3676 τὰ

1429 3704 1519 3775 μὲν
1553 3706 1859 3776 κρατηθέντα
1886 3704 2083 3770 ἀτυχεῖ,
2122 3700 2191 3754 τὰ
2236 3698 2301 3755 δὲ
2341 3722 2461 3773 xpo.-

1429 3784 1661 3845 νήσαντα.
1688 3778 1855 3838 ἀδικεῖ
1868 3816 1885 3845 ,
1908 3783 1993 3844 aaz
2014 3782 2203 3851 περίεςι
2233 3784 2335 3843 τοῖς
2369 3783 2458 3853 μὲν

1426 3864 1524 3917 ὑπὸ
1564 3870 1663 3926 τῶν
1704 3863 1948 3933 purim-m
1988 3860 2286 3915 ἀπόλλυσθαι
2302 3901 2319 3927 ,
2361 3866 2460 3922 τοῖς

1427 3938 1489 4002 δὲ
1509 3942 1577 4011 τὰ.
1599 3944 1815 4013 φίλτατα.
1839 3937 2079 3995 διολέσαι.

1459 4060 1466 4065 -
1511 4026 1567 4083 6,
1599 4022 1662 4075 In
1686 4041 1736 4073 se
1760 4022 1909 4084 scelus
1936 4026 2193 4092 concipere.
2222 4020 2457 4088 Scelere,

1426 4100 1737 4176 proditione
1778 4120 2001 4165 suorum
2039 4102 2248 4155 efficere
2262 4140 2279 4167 ,
2310 4114 2371 4155 ut
2400 4102 2459 4153 in

1427 4202 1486 4241 se
1522 4183 1721 4247 hereat
1756 4184 1937 4255 culpa,
1977 4193 2040 4235 ut
2086 4181 2304 4237 obnoxii
2354 4182 2459 4235 sint

2064 4266 2087 4305 3

1998 4306 2038 4377 7

2147 3305 2327 3343 continu}
2340 3317 2447 3343 ΟΙΊῺ.
2458 3330 2472 3342 0
