3025 5025
629 455 777 551 174
887 454 964 521 C.
1021 451 1306 521 JULII
1363 453 1824 520 CAESARIS
1879 452 2437 523 COMMENT.

617 589 773 676 Qua
810 611 882 654 re
920 588 1216 654 animum
1253 578 1568 673 adversa,
1590 587 1850 672 Varus,
1884 599 1951 654 et
1989 599 2245 654 terrore
2292 586 2621 656 exercitus
2660 611 2771 656 cor·

619 697 838 789 gnit0,
873 676 1340 762 buccinatore⁵
1369 694 1438 760 in
1472 694 1702 762 castris
1737 704 1805 760 et
1838 694 2068 787 paucis
2100 691 2187 760 ad
2222 694 2511 790 speciem
2547 693 2771 764 taber-⁵

620 799 872 870 naculis
934 798 1212 887 relictiS‚
1271 799 1354 868 de
1425 800 1623 869 tertia
1672 797 1895 892 vigilia
1946 797 2208 872 silentio
2274 802 2645 870 exercitum
2702 802 2772 872 in

615 901 940 1003 oppidum
986 905 1260 974 reducit.

725 1015 1050 1082 XXXVI.
1108 1015 1384 1081 Postero
1413 1011 1521 1080 die
1560 1013 1770 1081 Curio
1802 1011 2073 1082 Uticam
2113 1013 2460 1101 obsidere,
2489 1028 2559 1082 et
2592 1012 2775 1084 vallo

603 1120 1134 1210 ‚circummunire
1194 1119 1493 1187 instituit.
1548 1119 1710 1186 Erat
1757 1119 1827 1212 in
1870 1118 2119 1216 oppido
2176 1118 2534 1194 multitudo
2582 1122 2773 1190 inso-

617 1226 759 1296 lens
795 1226 952 1296 belli
973 1225 1017 1313 ¹,
1069 1225 1502 1294 diuturnitate
1554 1226 1673 1294 otii
1710 1250 1723 1293 ε
1774 1227 2123 1296 Uticenses
2182 1251 2309 1322 pro
2367 1227 2773 1321 quibusdam

619 1335 900 1432 Caesaris
943 1335 1012 1400 in
1070 1357 1138 1401 se
1182 1331 1519 1402 beneficiis
1553 1327 1575 1354 ²
1618 1329 1713 1401 illi
1758 1334 2145 1426 amicissimi·
2183 1357 2198 1400 ε
2257 1349 2631 1404 conventus
2684 1335 2775 1424 is,

614 1443 730 1536 qui
765 1466 846 1509 ex
876 1441 1074 1508 variis
1112 1439 1466 1534 generibus
1501 1452 1839 1508 constaret
1876 1465 1889 1506 :
1938 1454 2156 1510 terror
2190 1463 2271 1508 ex
2316 1442 2777 1536 superioribus

615 1546 856 1642 praeliis
885 1571 1186 1642 magnus.
1226 1549 1462 1640 Itaque
1497 1545 1580 1614 de
1611 1545 1947 1617 deditione
1978 1571 2212 1617 omnes
2238 1533 2519 1642 palam³‚
2548 1546 2777 1643 loque-

701 1732 731 1785 5
740 1774 752 1785 .
809 1733 1150 1785 Buccinatore.
1211 1730 1530 1784 Buccinator
1591 1731 1651 1782 in

615 1813 800 1866 castris
851 1811 1152 1883 vigiliarum
1199 1823 1441 1882 tempora
1490 1823 1651 1863 cantu

611 1891 956 1964 designabat,
981 1911 1140 1963 quem
1167 1889 1258 1944 hic
1277 1890 1333 1942 in
1357 1890 1541 1943 castris
1564 1909 1651 1944 re-

613 1971 773 2044 liquit
805 1991 930 2024 cum
960 1970 1143 2043 paucis
1183 1970 1563 2037 tabernaculis,
1588 1982 1651 2022 ut

596 2050 716 2105 'hac
759 2051 932 2123 specie
962 2051 1173 2104 relictos
1211 2049 1407 2103 milites
1446 2049 1648 2122 signifi-

609 2145 776 2184 caret.
823 2128 1070 2183 Notanda
1118 2141 1295 2183 autem
1348 2140 1428 2183 est
1467 2148 1649 2202 pugna

613 2212 740 2274 ista,
763 2211 1056 2283 praesertim
1079 2209 1302 2283 propter
1327 2209 1649 2281 singularem

615 2291 866 2345 Curionis
886 2292 1180 2352 fortunam,
1205 2290 1323 2361 qui,
1345 2309 1512 2360 quum
1535 2291 1649 2362 pri-

612 2391 762 2424 mum
781 2370 1024 2425 hostibus
1043 2368 1408 2442 aggrediendis
1425 2369 1648 2423 omnino

614 2453 811 2523 impar,
848 2452 1026 2523 fugam
1057 2451 1273 2502 molitus
1299 2467 1451 2523 paene
1481 2463 1647 2516 esset,

608 2546 667 2588 et
685 2552 774 2586 eos
794 2544 1000 2588 tantum
1019 2532 1323 2585 sollicitaret
1338 2569 1354 2596 ‚
1370 2550 1440 2583 ne
1453 2531 1646 2583 vallem

612 2613 936 2677 transirent,
965 2630 1138 2683 neque
1176 2612 1232 2665 in
1275 2613 1394 2663 loco
1426 2611 1647 2683 iniqu0‚

613 2705 808 2764 nempe
823 2694 877 2745 in
897 2711 1112 2745 ascensu
1131 2683 1307 2755 vallis,
1327 2704 1647 2763 pugnarent;

613 2792 760 2827 nunc
783 2785 966 2825 contra
993 2773 1103 2843 ipse
1127 2772 1318 2825 vallem
1346 2771 1566 2837 transit,
1596 2781 1648 2823 et

613 2865 894 2925 postquam
918 2851 1184 2904 Varianos
1199 2890 1214 2915 ‚
1237 2850 1414 2903 subito
1440 2862 1646 2904 terrore

611 2934 883 3005 perculsos
899 2970 915 2997 ,
948 2932 1278 3002 propulerit,
1311 2941 1480 2983 castra
1528 2944 1645 2985 tan·
1682 2988 1689 2995 .

610 3010 737 3064 dem
777 3010 1020 3065 deserere
1051 3012 1206 3082 cogit.
1247 3010 1474 3063 Minime
1512 3030 1646 3081 pru·

610 3090 744 3144 dens
786 3092 970 3143 fuisset
1004 3090 1310 3155 consilium,
1339 3090 1443 3143 nisi
1469 3091 1646 3145 Rebili

607 3172 822 3224 monitu
876 3172 1144 3223 fortunam
1184 3170 1369 3243 coeptis
1409 3171 1518 3223 suis
1568 3170 1644 3222 fa-

611 3262 826 3305 ventem
853 3251 1031 3303 statim
1063 3251 1386 3323 arripuisset.
1407 3251 1644 3303 Tantum

612 3331 752 3384 valet
775 3332 828 3383 in
857 3331 1009 3383 bellis
1027 3331 1258 3395 occasi0‚
1280 3349 1444 3402 quam,
1465 3341 1525 3381 ut
1553 3330 1643 3383 ille

607 3430 864 3464 romanus
908 3410 1045 3466 dixit
1097 3411 1392 3475 fabulator,
1431 3410 1643 3480 elapsam

607 3492 758 3543 semel
765 3531 777 3552 ‚
808 3512 866 3543 ne
902 3496 999 3562 ipse
1041 3492 1230 3564 quidem
1265 3490 1458 3560 Jupiter
1489 3495 1646 3560 possit

605 3572 962 3641 reprehendere.
987 3572 1067 3623 Ita
1099 3570 1167 3623 de
1190 3570 1290 3623 hac
1311 3589 1490 3641 pugna
1522 3571 1644 3623 Tm*-

595 3658 693 3723 pin
729 3652 789 3703 de
831 3652 994 3703 Crisse
1012 3671 1031 3703 .·
1061 3650 1242 3703 Carion
1261 3652 1532 3719 poursuc'vit
1550 3670 1641 3703 uae

605 3736 771 3783 action
800 3736 1042 3783 te'mdraire
1081 3751 1139 3782 en
1175 3732 1263 3781 elle
1277 3760 1300 3771 ·
1317 3738 1485 3790 me‘me,
1518 3734 1640 3782 mals

607 3816 694 3884 qui
715 3815 836 3863 e'tait
861 3814 1095 3863 autorise'e
1111 3830 1210 3881 par
1235 3811 1422 3877 l’effroi
1439 3811 1645 3879 general

598 3890 666 3943 de
689 3892 885 3943 l'arme'e
907 3894 1130 3945 ennemie.

691 3972 822 4024 CAP.
859 3970 1117 4023 XXXVI.
1160 3989 1208 4023 1.
1251 3971 1466 4023 Imolens
1505 3970 1633 4025 belli.

606 4050 740 4103 Belli
774 4052 994 4103 insueta.
1037 4050 1263 4103 Locutio
1307 4070 1430 4103 vere
1473 4050 1637 4103 latina

601 4142 661 4183 et
677 4132 744 4185 ab
763 4130 979 4205 optimis
997 4129 1346 4202 scriptoribus
1364 4142 1633 4203 usurpata.

1741 1729 1853 1784 Cic.
1886 1728 1955 1783 de
1982 1742 2116 1784 orat.
2143 1731 2183 1784 l.
2225 1748 2267 1784 1.
2304 1749 2351 1784 c.
2380 1733 2453 1795 48
2471 1770 2489 1797 ,
2514 1752 2575 1783 ea
2612 1737 2775 1805 requi-

1739 1823 1911 1863 runtur
1939 1830 1973 1862 a
2002 1829 2075 1862 me
2098 1829 2297 1884 quorum
2321 1821 2425 1863 sum
2459 1815 2664 1882 ignarus
2695 1825 2775 1863 at·

1736 1909 1827 1964 que
1855 1889 2077 1945 insolens.
2104 1889 2233 1945 vid.
2265 1903 2511 1946 nostrum
2540 1891 2670 1946 Sall.
2716 1894 2775 1946 in

1736 1971 1993 2042 proaemio
2008 1970 2164 2024 Catil.
2190 1991 2237 2026 c.
2266 1973 2316 2034 3,
2342 1990 2397 2024 n.
2429 1989 2451 2024 1
2468 1984 2589 2038 ’,εἴ
2615 1975 2774 2026 Lam-

1734 2049 1925 2104 binum
1964 2049 2032 2104 ad
2072 2051 2259 2105 Horat.
2283 2051 2321 2105 l.
2345 2070 2391 2110 ι,
2414 2049 2506 2104 od.
2540 2052 2605 2116 5,
2633 2073 2689 2108 v.
2715 2055 2772 2108 8.

1820 2151 1871 2184 2.
1908 2131 2151 2184 Uticenses
2182 2152 2277 2203 pro
2308 2131 2589 2204 quibusdam
2630 2133 2773 2186 bene-

1720 2209 1872 2281 ficiis.
1906 2211 2234 2266 Beneficium
2275 2223 2389 2264 erat
2417 2212 2451 2264 J
2454 2212 2577 2266 uliae
2607 2214 2742 2285 legis
2756 2253 2773 2280 ,

1734 2309 1836 2362 qua
1857 2309 1950 2344 sua
1974 2290 2079 2344 illis
2099 2292 2315 2344 libertas
2344 2291 2772 2364 relinquebatur.

1734 2403 1808 2414 -
1834 2371 2103 2425 Conventus
2136 2373 2199 2435 is,
2230 2384 2320 2424 etc.
2350 2371 2493 2426 Nota
2519 2372 2613 2426 hic
2644 2392 2774 2430 oon-

1733 2463 1957 2506 ventum
1981 2453 2047 2506 ab
2067 2451 2408 2506 Uticensibus
2434 2453 2562 2525 ipsis
2582 2452 2775 2508 distin-

1732 2533 1825 2605 gui
1843 2550 1857 2585 ε
1877 2545 1941 2585 ut
1970 2530 2183 2587 credam
2215 2547 2542 2587 conventum
2570 2536 2770 2589 consti·

1734 2614 1857 2666 tisse
1874 2632 1937 2665 ex
1948 2624 2102 2685 parte
2122 2613 2477 2680 Uticensium,
2494 2627 2549 2667 et
2562 2615 2771 2669 civibus

1733 2693 1988 2747 Romanis
2011 2731 2028 2759 ,
2060 2712 2167 2764 quo
2190 2691 2354 2745 modo
2381 2694 2559 2747 Caesar
2578 2714 2766 2767 supra,

1732 2772 1837 2828 hoc
1885 2774 2027 2827 libro
2058 2812 2075 2839 ,
2130 2772 2267 2827 dixit
2321 2770 2390 2827 de
2443 2774 2776 2846 Hispalensi-

1732 2854 1832 2907 bus
1855 2870 1868 2905 τ
1897 2852 2029 2925 quod
2040 2855 2232 2921 factum
2250 2852 2373 2906 adeo
2389 2867 2647 2907 conventus
2668 2858 2769 2928 ejus

1731 2934 1853 2987 eins
1882 2934 2093 2986 Romani
2110 2934 2455 3004 probaverunt,
2486 2945 2579 2988 etc.
2612 2936 2769 2989 Tales

1732 3025 1909 3066 autem
1950 3026 2244 3067 conventus
2277 3014 2387 3066 fere
2426 3016 2485 3067 in
2516 3015 2768 3069 omnibus

1728 3092 2023 3163 provinciis
2078 3095 2443 3151 Romanorum
2504 3095 2728 3148 fuerunt
2750 3133 2767 3162 ,

1729 3172 2015 3245 Hispania,
2052 3172 2255 3241 Gallia,
2286 3173 2497 3241 Sicilia,
2534 3175 2765 3241 Achaia;

1730 3264 1784 3304 et
1808 3253 2039 3305 arbitror
2066 3254 2123 3305 in
2147 3253 2251 3318 illis
2281 3256 2635 3309 conventibus
2657 3256 2767 3329 ple-

1728 3350 1959 3404 rumque
1986 3333 2185 3386 multos
2222 3334 2362 3387 cives
2388 3354 2644 3388 romanos
2669 3336 2765 3388 ha-

1729 3411 1921 3466 bitasse
1936 3450 1954 3477 ,
1985 3412 2111 3485 quia
2152 3412 2290 3467 illud
2318 3414 2591 3467 honorum
2632 3416 2763 3468 civi-

1730 3492 1825 3543 tati
1844 3504 1956 3545 erat
1969 3530 1987 3559 ‚
2008 3492 2153 3565 quod
2171 3494 2228 3547 in
2242 3512 2359 3547 eam
2374 3514 2403 3547 a
2414 3496 2765 3566 praetoribus,

1729 3584 1821 3623 aut
1840 3572 1955 3624 aliis
1984 3574 2379 3644 magistratibus
2406 3592 2765 3629 convocaren-

1728 3663 1817 3703 tur
1840 3653 2005 3705 totius
2034 3654 2325 3725 provinciae
2364 3667 2661 3723 senatores,
2693 3653 2761 3709 ad

1721 3730 2169 3801 jurisdictionem.
2189 3734 2435 3787 Vossms.

1812 3812 1863 3865 3.
1879 3812 2075 3867 Palam.
2111 3810 2283 3869 Codd.
2327 3815 2440 3867 sere
2482 3833 2665 3867 omnes
2704 3826 2761 3869 et

1723 3893 1895 3945 nostri
1920 3894 2031 3945 RR.
2066 3898 2117 3947 in
2144 3894 2341 3966 palam,
2374 3884 2753 3965 seu‘impalam,

1724 3971 1989 4043 quodnon
1998 3973 2760 4045 improbantcritici.Si1niliter

1724 4050 1924 4107 dicitur
1948 4056 2161 4125 insuper,
2190 4054 2337 4116 inibi,
2367 4059 2594 4107 incoram.
2632 4054 2758 4105 Haec

1724 4150 1830 4187 vox
1858 4146 2034 4201 tamen
2064 4152 2257 4207 parum
2294 4134 2559 4193 Caesarem
2592 4134 2757 4206 sapit3
