3025 5025
545 463 685 530 DE
738 463 1085 531 BELLO
1140 461 1513 533 CIVILI.
1571 466 1763 534 LIB..
1815 469 1963 538 III.
2226 475 2365 556 241

357 596 661 662 XXXIX.
718 593 1043 662 Deductis
1086 619 1219 664 orae
1254 597 1600 665 maritimae
1635 599 1985 692 praesidiis,
2011 603 2268 691 Caesar,
2304 619 2380 672 ut

272 723 439 793 supra
459 701 983 768 demonstratum
1011 701 1168 785 est¹,
1192 716 1325 769 tres
1354 703 1662 772 cohortes
1687 707 1871 774 Orici
1895 707 2124 802 oppidi
2149 709 2378 778 tuendi

272 829 437 874 causa
494 806 756 899 reliquit
786 859 807 889 ,
862 805 1223 901 iisdemque
1275 808 1648 878 custodiam
1701 813 1974 882 navium
2029 813 2381 934 longarum

269 913 612 998 transdidit,
646 937 808 1005 quas
844 937 926 980 ex
960 913 1156 981 Italia
1192 914 1676 984 transduxerat.
1721 919 1896 986 Huic
1933 918 2156 989 officio
2191 924 2382 1015 oppi-

268 1016 451 1138 (loqu-e
488 1034 794 1148 praeerat3
806 1018 1086 1088 Acilius²
1125 1019 1399 1114 legatus.
1448 1024 1514 1090 Is
1558 1045 1762 1092 naves
1803 1039 2064 1094 nostras
2099 1027 2380 1096 interio-

268 1148 383 1192 rem
410 1129 469 1194 in
500 1109 794 1220 partem³
825 1141 977 1218 post
1010 1127 1332 1221 oppidum
1370 1127 1666 1216 reduxit,
1701 1145 1769 1198 et
1810 1130 1894 1198 ad
1929 1145 2176 1200 terram
2222 1132 2380 1201 deli-

269 1233 450 1323 gavit,
500 1231 932 1325 faucibusque
982 1247 1216 1326 portus
1263 1258 1502 1302 navem
1548 1238 1922 1305 onerariam
1971 1237 2383 1308 submersam

268 1285 513 1428 objecit,
556 1353 623 1406 et
652 1338 807 1406 huic
844 1337 1127 1408 alteram
1162 1341 1515 1433 'conjunxit
1535 1394 1555 1426 ,
1594 1366 1792 1436 super
1831 1367 1962 1436 qua
2006 1345 2244 1413 turrim
2288 1343 2381 1414 cf·

268 1442 479 1512 sectam
523 1444 608 1513 ad
664 1447 879 1538 ipsum
942 1446 1288 1514 introitum
1340 1461 1576 1540 portus
1637 1451 1993 1546 opposuit,
2029 1463 2097 1518 et
2152 1450 2383 1520 militi-

268 1548 369 1618 bus
420 1549 813 1645 complevit‚
858 1550 1306 1648 tuendamque
1348 1552 1433 1622 ad
1482 1578 1714 1622 omnes
1759 1558 2144 1670 repentinos
2197 1581 2388 1626 casus

272 1657 611 1727 transdidit.

353 1767 489 1832 XL.
549 1763 812 1852 Quibus
850 1764 1133 1857 cognitis
1168 1764 1401 1854 rebuS‚
1431 1769 1556 1836 Cn.
1599 1767 1984 1860 Pompeius,
2013 1767 2220 1836 filius¹
2226 1819 2246 1854 ,
2274 1772 2387 1863 qui

266 1965 341 2000 ves
358 1950 558 2002 romani
580 1951 746 2002 vitam
764 1948 983 2001 amisere
998 1985 1013 2013 ,
1038 1967 1269 2019 quorum

266 2047 464 2098 corpora
490 2031 545 2080 in
570 2029 811 2081 Tiberim
843 2041 1005 2081 tracta
1038 2041 1189 2092 sunt,
1218 2041 1271 2080 et

266 2109 383 2160 bona
418 2111 680 2180 publicata
699 2147 714 2173 ,
748 2107 891 2160 unde
921 2119 1042 2180 post
1078 2127 1271 2160 consu-

264 2186 405 2242 latum
415 2191 475 2242 L.
490 2189 769 2260 Opeimius
779 2207 862 2258 ap.
878 2188 1139 2258 populum
1148 2205 1269 2239 reus
1298 2233 1303 2238 .

225 2313 228 2317 .
266 2267 411 2320 factus
422 2308 438 2332 ,
460 2289 487 2320 a
502 2270 749 2321 Carbone
766 2267 983 2320 consule
998 2266 1243 2319 defensus
1256 2307 1271 2332 ‚

263 2347 493 2401 liberatus
524 2361 617 2402 est.
647 2347 732 2400 Ad
760 2349 863 2400 hoc
891 2348 1087 2399 factum
1123 2365 1271 2417 spec-

263 2439 327 2480 tat
338 2428 565 2498 ejusdem
586 2447 837 2480 nummus
856 2445 869 2478 ε
888 2439 1049 2498 caput
1072 2425 1273 2478 Hercu-

262 2506 317 2561 lis
357 2509 489 2579 pelle
532 2509 747 2561 leonina
799 2507 1051 2559 amictum
1073 2546 1088 2572 ,
1129 2526 1271 2578 pone

262 2588 395 2659 quod
416 2602 517 2641 tres
542 2589 776 2661 globuli:
798 2606 861 2639 ex
894 2606 1071 2639 aversa
1094 2599 1271 2657 parte,

260 2669 389 2720 clava
432 2688 527 2740 per
576 2682 929 2721 transversum
948 2706 963 2730 ‚
994 2686 1115 2719 cum
1158 2666 1271 2736 epi-

262 2750 466 2819 graphe,
500 2751 562 2802 L.
602 2748 835 2799 ΟΡΕῐΜῐ.
867 2748 923 2799 in
958 2746 1190 2810 vertice3
1219 2758 1273 2797 et

262 2829 411 2881 Rom
438 2828 735 2889 adituum,
764 2828 823 2879 in
852 2844 1049 2878 corona
1075 2828 1269 2878 laurea.

261 2906 358 2961 Sub
396 2908 629 2977 ejusdem
669 2907 944 2958 consulatu
990 2906 1273 2958 celeberri-

258 3006 396 3039 mum
410 2990 507 3039 fuit
520 2990 709 3040 vinum
728 2986 1036 3056 Opimianum
1051 2982 1273 3050 dictum,

262 3080 309 3119 et
319 3080 583 3139 tantopere
596 3065 869 3119 laudatum
880 3084 907 3117 a
922 3066 1097 3117 Plinio
1112 3066 1149 3117 l.
1163 3082 1271 3131 x1v,

259 3166 301 3199 c.
320 3154 349 3211 4
367 3161 417 3200 et
441 3150 585 3213 13,et
604 3168 631 3199 a
647 3148 903 3199 Juvenale
918 3158 1011 3197 sat.
1028 3146 1099 3208 V,
1112 3164 1162 3197 v.
1186 3146 1271 3197 30.

331 3231 415 3283 Ipse
435 3232 611 3284 capillato
636 3228 820 3268 diffusum
844 3228 1001 3267 consule
1027 3236 1151 3279 potat.

260 3304 337 3357 Ad
362 3319 595 3359 nostrum
628 3318 803 3357 autem
838 3304 1141 3375 Opimium,
1173 3302 1275 3354 hu·

258 3388 335 3455 jus
352 3399 594 3456 nepotem
610 3425 626 3450 ,
646 3398 880 3457 spectare
892 3382 1109 3435 videtur
1124 3402 1277 3434 num-

260 3484 371 3519 mus
401 3484 555 3537 quem
580 3466 666 3517 J0.
692 3466 747 3516 V
743 3466 921 3516 aillant
948 3464 1075 3515 citat
1099 3464 1164 3515 T.
1196 3480 1242 3514 11
1260 3501 1274 3528 ,

258 3564 312 3615 p.
344 3564 365 3597 1
381 3566 466 3613 9²·
486 3548 616 3617 Cap.
645 3548 799 3597 Rom.
824 3545 1111 3615 galeatum,
1134 3560 1276 3613 pone

262 3624 401 3695 quod
414 3628 580 3696 tripus
597 3644 610 3678 ε
627 3644 687 3677 ex
706 3644 903 3687 aversa,
922 3625 998 3676 M.
1020 3624 1277 3687 Ormnn.;

260 3706 443 3773 Apollo
470 3707 527 3757 in
562 3706 729 3775 Bigis,
761 3705 1003 3774 sagittam
1043 3722 1129 3755 ex.
1152 3722 1279 3755 arcu

259 3785 585 3855 jaculaturus.
868 3856 872 3861 ῃ

320 3864 461 3919 -ΟΑΡ,
484 3866 740 3918 XXXIX.
766 3882 812 3915 1.
840 3864 910 3915 Ut
924 3882 1071 3933 supra
1093 3862 1281 3916 demon-

264 3955 456 3996 stratum
499 3958 584 3997 est.
634 3944 755 3996 Scil.
797 3962 845 3996 c.
876 3944 976 4007 34,
1009 3942 1103 3994 uhi
1148 3940 1284 3995 dixit

263 4022 513 4093 legionem
527 4024 692 4077 Orico
704 4022 987 4075 deductam
1004 4041 1129 4087 esse,
1146 4040 1282 4093 quae,

265 4120 367 4155 στω
382 4104 595 4161 tuendae·
607 4122 789 4173 eausa,
806 4104 883 4156 ibi
901 4104 1074 4176 posita
1092 4102 1283 4157 fuerat.

365 4216 456 4284 II.

1443 1971 1494 2002 π.
1519 1949 1728 2002 Acilius.
1753 1950 1929 2015 Dio,1.
1946 1971 2080 2016 xux,
2100 1971 2145 2006 c.
2158 1971 2182 2006 ι
2197 1973 2248 2019 2,
2267 1973 2390 2006 eum

1359 2028 1610 2100 Aquilium
1629 2043 1808 2095 vocat;
1835 2030 2044 2084 codices
2066 2034 2263 2098 nostri,
2295 2032 2394 2085 Ca·

1357 2112 1582 2162 ueniamus
1596 2131 1617 2172 ‚⁰
1635 2110 1755 2176 alii,
1776 2109 2026 2164 Caninius.
2044 2113 2236 2165 Nullus
2252 2113 2390 2164 liber

1356 2189 1586 2260 scriptus
1615 2191 1776 2242 habet
1806 2189 1866 2243 C.
1896 2189 2088 2242 Acilius
2103 2211 2121 2244 .·
2141 2191 2284 2244 unde
2306 2194 2390 2244 in-

1356 2269 1566 2320 felicem
1590 2268 2016 2322 emendationem
2033 2273 2392 2334 recentiorum

1353 2346 1539 2418 judico
1574 2366 1588 2398 ε
1623 2348 1982 2402 restituendus
2017 2363 2094 2402 est
2133 2351 2194 2404 C.
2228 2351 2392 2423 Aqui·

1359 2428 1451 2479 lius
1466 2465 1482 2490 ,
1525 2447 1649 2480 cum
1681 2429 1869 2481 Dione.
1917 2429 2056 2481 Nam
2102 2430 2388 2494 Caninius,

1358 2526 1519 2578 quem
1563 2520 1853 2579 agnoscunt
1889 2507 2047 2562 codd.
2066 2547 2082 2575 ,
2111 2509 2168 2561 in
2213 2509 2391 2563 Africa

1359 2600 1491 2640 erat.
1519 2587 1648 2640 Vid.
1670 2588 1706 2640 l.
1731 2606 1803 2653 11,
1822 2607 1868 2640 c.
1901 2595 2000 2652 243
2021 2590 2104 2640 vel
2125 2590 2170 2640 si
2192 2608 2390 2643 nomen

1359 2667 1519 2719 Acilii
1555 2686 1758 2732 serves,
1791 2666 2166 2739 intelligendus
2197 2658 2276 2721 est
2305 2668 2392 2719 ΜΒ

1358 2747 1561 2799 Acilius
1571 2784 1587 2810 ,
1603 2745 1745 2799 idem
1760 2746 1828 2799 de
1842 2765 1950 2817 quo
1965 2766 2124 2821 supra
2142 2746 2394 2815 diximus,

1361 2826 1466 2878 hoc
1488 2827 1606 2897 ipso
1628 2826 1798 2890 libro,
1826 2846 1873 2880 c.
1905 2827 1988 2880 15.

1446 2908 1495 2959 3.
1530 2907 1823 2957 Interiorem-
1843 2910 1894 2957 in
1923 2918 2128 2975 partem.
2174 2907 2396 2961 Ciacco-

1361 2986 1484 3038 nius
1517 2986 1772 3057 proponit
1795 2990 2062 3038 interiorem
2092 2991 2142 3038 in
2162 3000 2356 3057 portum
2378 3006 2394 3043 ε

1350 3085 1471 3117 ·non
1491 3067 1630 3117 male
1642 3078 1810 3129 certe,
1825 3064 1917 3119 sed
1933 3068 2046 3119 sine
2061 3068 2392 3121 auctoritate.

1444 3146 1574 3197 Car.
1604 3146 1717 3199 XL.
1755 3168 1798 3197 1.
1837 3145 1930 3199 Cn.
1952 3148 2208 3217 Pompeius
2231 3147 2392 3219 filius.

1358 3225 1592 3295 Scaliger
1613 3223 1852 3278 ediderat
1887 3225 1980 3279 Cn.
2019 3229 2191 3297 Pomp.
2218 3227 2389 3295 filius,

1362 3307 1489 3377 quia
1517 3305 1794 3357 variabant
1821 3304 2008 3370 codd.-,
2032 3320 2084 3359 et
2123 3308 2215 3359 ille
2244 3309 2394 3357 Pom·

1356 3389 1526 3456 peius,
1557 3385 1646 3437 hic
1678 3387 1899 3456 Pompeii
1925 3386 2184 3450 habebat3
2204 3384 2396 3438 eodem

1362 3464 1528 3517 modo
1555 3484 1664 3536 quo
1691 3465 1822 3516 olim
1847 3477 2062 3536 rogatus
2083 3484 2112 3517 a
2139 3466 2396 3535 Pompeio

1362 3546 1575 3597 Tullius
1595 3584 1610 3611 ,
1657 3548 1846 3595 tertium
1900 3564 1965 3597 an
2018 3548 2159 3595 tertio
2211 3546 2399 3597 consul
2464 3570 2470 3580 1

1364 3623 1708 3679 scribendum
1750 3637 1912 3688 esset3
1945 3625 2070 3697 quia
2109 3624 2398 3677 nonnullos

1365 3705 1512 3757 hunc
1529 3743 1544 3768 ,
1569 3705 1698 3756 alios
1720 3704 1872 3755 illum
1895 3702 2153 3773 loquendi
2175 3701 2398 3756 modum

1366 3786 1620 3855 praeferre
1663 3784 1858 3835 sciebat
1873 3821 1887 3848 ,
1920 3783 2081 3835 scribi
2119 3785 2304 3853 jussit:
2326 3800 2398 3836 111

1370 3881 1476 3916 cos.
1501 3865 1572 3915 Et
1609 3863 1798 3914 Cicero
1836 3860 2056 3933 quidem
2085 3874 2257 3928 recte,
2287 3882 2399 3915 non

1371 3942 1628 4011 Scaliger:
1655 3942 1778 4013 quia
1805 3956 1985 3994 utrum
2004 3944 2225 4014 Pompeii
2229 3942 2370 4013 filius
2383 3980 2398 4005 ‚

1372 4042 1440 4075 an
1467 4022 1723 4093 Pompeius
1747 4020 1887 4092 filius
1919 4021 2063 4075 dicas
2079 4062 2094 4089 ,
2123 4042 2234 4075 non
2263 4024 2405 4075 mul·

1372 4114 1489 4157 tum
1514 4102 1764 4170 interest3
1785 4117 1839 4157 at
1863 4102 1910 4157 si
1933 4104 2106 4173 Pomp.
2129 4102 2262 4169 filius
2283 4104 2410 4160 scri-

1943 4208 2036 4282 16
