3025 5025
587 496 687 571 68
879 492 1302 589 c.··JtJL11
1355 492 1827 563 CAESARIS
1884 492 2435 565 COMME-N‘r.

583 654 776 726 aequo
811 626 962 699 loco
987 626 1328 724 pugnandi
1363 640 1778 723 potestatem.
1819 628 2155 695 Potestate
2186 626 2357 697 facta
2367 679 2390 712 ,
2424 621 2739 699 Afranius

587 738 814 832 copias
864 735 1088 806 educit
1105 788 1125 823 ‚
1177 749 1244 803 et
1287 735 1356 802 in
1409 732 1633 802 medio
1688 731 1855 803 colle
1918 732 2041 802 sub
2094 735 2323 821 castris
2377 736 2740 805 constituit.

585 845 841 931 Caesar,
868 842 985 911 ubi
1010 842 1327 935 cognovit
1342 892 1362 926 ‚
1385 864 1507 934 per
1539 839 1889 909 Afranium
1920 854 2131 926 stare,
2157 866 2293 934 quo
2326 842 2545 911 minus
2570 866 2741 936 prae·
2782 880 2787 887 ·

581 947 674 1019 lio
715 949 1178 1036 dimicaretur,
1226 946 1310 1015 ab
1373 946 1617 1015 infimis
1656 946 1993 1015 radicibus
2030 948 2312 1035 montiS‚
2352 948 2742 1019 intermissis

583 1057 851 1125 circiter
909 1054 1210 1150 passibus
1255 1054 1380 1123 CD
1397 1107 1417 1142 ‚
1461 1066 1683 1123 castra
1713 1053 1933 1123 facere
1976 1054 2366 1122 constituit:
2410 1068 2477 1123 et
2492 1108 2512 1143 ‚
2552 1078 2641 1123 ne
2674 1057 2743 1124 in

585 1187 788 1257 opere
822 1160 1126 1232 faciendo
1155 1158 1394 1229 milites
1433 1161 1781 1254 repentino
1813 1160 2107 1229 hostium
2138 1161 2410 1229 incursu
2442 1174 2743 1231 exterre-

585 1284 820 1338 rentur
845 1322 864 1356 ‚
903 1283 1102 1361 atque
1138 1290 1340 1361 opere
1382 1266 1901 1361 prohiberentur
1918 1320 1937 1354 ‚
1981 1264 2159 1335 vallo
2209 1267 2458 1336 muniri
2495 1266 2746 1356 vetuit,

581 1375 763 1469 quod
798 1375 1118 1460 eminere,
1149 1387 1218 1442 et
1257 1372 1492 1467 procul
1528 1372 1739 1441 videri
1775 1396 2045 1442 necesse
2084 1388 2258 1458 erat3
2287 1372 2404 1441 sed
2446 1398 2489 1443 a
2517 1374 2741 1443 fronte

584 1496 818 1551 contra
872 1482 1134 1550 hostem
1193 1478 1442 1574 pedum
1484 1480 1621 1550 XV
1662 1479 1907 1549 fossam
1955 1479 2100 1549 fieri
2141 1479 2354 1573 jussit.
2402 1481 2628 1549 Prima
2678 1495 2745 1549 et

583 1588 874 1657 secunda
917 1588 1092 1655 acies
1123 1588 1193 1654 in
1231 1586 1465 1673 armis,
1497 1600 1575 1654 ut
1612 1585 1697 1654 ab
1729 1587 1917 1655 initio
1960 1588 2322 1655 constituta
2364 1601 2509 1654 erat
2526 1640 2546 1675 ‚
2590 1612 2746 1682 per-

580 1695 942 1765 manebat:
990 1706 1143 1787 post
1183 1692 1308 1761 hos
1349 1716 1521 1786 opus
1558 1692 1627 1759 in
1669 1692 1939 1762 occulto
1974 1718 2013 1761 a
2052 1694 2246 1762 tertia
2287 1695 2431 1762 acie
2471 1693 2681 1762 fiebat
2696 1680 2741 1761 ⁴.

585 1803 696 1872 Sic
742 1824 940 1869 omne
994 1800 1180 1893 prius
1238 1812 1338 1867 est
1394 1798 1768 1892 perfectum
1792 1853 1811 1888 ‚
1868 1822 2069 1893 quam
2114 1789 2613 1894 “intelligeretur
2657 1800 2744 1868 ab

579 1908 890 1993 Afranio,
936 1919 1153 1973 castra
1183 1905 1448 1973 muniri.

635 2090 643 2097 ‚
689 2015 910 2082 XLII.
967 2011 1105 2081 Sub
1133 2034 1488 2107 vesperum
1513 2013 1743 2081 Caesar
1766 2013 1943 2081 intra
1972 2011 2148 2081 hanc
2180 2012 2425 2082 fossam
2449 2011 2744 2109 legiones

584 2118 900 2207 reducit¹,
936 2133 1136 2211 atque
1179 2118 1272 2185 ibi
1315 2116 1440 2186 sub
1482 2120 1684 2189 armis
1728 2120 2032 2213 proxima
2071 2134 2269 2187 nocte
2314 2112 2741 2213 conquiescit.

583 2230 859 2323 Postero
895 2224 1001 2294 die
1039 2249 1309 2292 omnem
1348 2226 1713 2293 exercitum
1755 2228 1929 2293 intra
1972 2224 2216 2293 fossam
2254 2228 2552 2295 continet
2571 2280 2590 2314 ‚
2630 2242 2700 2296 et
2724 2282 2743 2317 ‚

585 2332 766 2427 quod
803 2331 1065 2426 longius
1109 2345 1254 2399 erat
1296 2355 1500 2425 agger
1543 2331 1870 2426 petendus
1891 2329 1936 2416 ²,
1972 2333 2040 2399 in
2074 2334 2424 2426 praesentia
2461 2332 2742 2403 similem

583 2543 730 2598 idem
753 2543 1114 2616 occupabant;
1145 2539 1279 2603 urbi
1301 2559 1503 2612 nempe.
1526 2559 1623 2612 op-

583 2625 818 2699 positum
835 2662 851 2689 ‚
874 2641 1041 2694 quum
1061 2639 1199 2693 pons
1226 2633 1394 2673 castra
1413 2620 1619 2692 oppido

477 2711 480 2714 ’
582 2709 860 2776 jungeret,
885 2701 944 2755 id
975 2713 1084 2766 est,
1109 2701 1448 2754 intervallum
1477 2701 1621 2756 inter

584 2797 812 2854 utraque
833 2783 1114 2834 obtineret.
1141 2779 1246 2834 Sed
1261 2799 1382 2834 ecce
1399 2780 1500 2832 alia
1518 2799 1623 2833 nu-

585 2864 775 2917 becula
794 2861 1122 2914 offunditur:
1149 2879 1274 2914 nam
1293 2879 1357 2912 ex
1379 2879 1492 2930 cap.
1519 2863 1622 2927 48,

585 2955 734 3016 patet
770 2955 938 2995 castra
975 2959 1194 3006 romana
1208 2978 1227 3006 ,
1260 2941 1400 2993 inter
1429 2939 1624 2992 fluvios

587 3022 814 3092 Cingam
859 3035 912 3074 et
952 3020 1178 3074 Sicorim
1223 3020 1396 3092 posita
1440 3019 1620 3072 fuisse.

589 3104 921 3156 Caesaremne
951 3102 1008 3153 in
1038 3100 1396 3172 descriptione
1423 3117 1625 3153 errasse

585 3179 972 3236 crediderimus
989 3180 1014 3232 Ρ
1051 3183 1136 3232 An
1183 3181 1362 3251 potius
1379 3216 1396 3244 ,
1430 3179 1623 3234 urbem

583 3261 820 3316 Ilerdam
889 3261 1086 3314 Sicoris
1147 3260 1284 3314 latus
1347 3259 1624 3311 sinistrum

499 3399 504 3402 ,
587 3342 720 3395 olim
761 3341 994 3395 tenuisse
1009 3379 1026 3406 ,
1065 3357 1231 3412 quum
1267 3340 1396 3392 urbs
1436 3356 1623 3390 recen-

586 3424 696 3476 tior
711 3413 742 3489 ,’
769 3422 948 3474 Lerida
963 3461 979 3487 ‚
1012 3419 1351 3473 dextrorsum
1407 3417 1624 3471 condita

583 3495 1218 3574 saeculisfinsequentibus
1239 3498 1402 3552 fuerit
1417 3495 1442 3550 Ρ
1460 3497 1623 3562 Quod

584 3585 634 3636 si
666 3585 970 3654 conjectura
999 3582 1088 3634 illa
1126 3579 1443 3650 recipiatur,
1473 3579 1623 3631 nulla

589 3663 831 3734 ambages
887 3678 1157 3732 superesse
1221 3657 1525 3725 videbitur3
1569 3671 1625 3711 et

588 3744 666 3797 sic
706 3741 990 3814 >dispositas
1038 3739 1314 3808 utriusque
1361 3739 1623 3793 exercitus

586 3825 768 3895 copias
806 3823 986 3874 animo
1024 3819 1161 3871 mihi
1195 3817 1396 3890 fingere
1431 3833 1622 3890 potue·
1700 3853 1707 3858 -

588 3905 722 3969 rim3
751 3902 1002 3965 Caesaris,
1033 3900 1174 3952 intra
1206 3901 1425 3970 Cingam
1460 3911 1514 3951 et
1544 3899 1623 3952 Si-

587 3984 788 4046 corimg
803 3980 964 4052 paulo
981 3980 1294 4032 remotiores
1307 3981 1374 4032 ab
1388 3978 1593 4052 oppido
1602 4018 1621 4046 ‚
1663 3988 1668 3993 '

587 4063 822 4126 Afranii,
841 4074 962 4114 ante
981 4058 1244 4132 oppidum
1261 4061 1438 4132 ipsum
1453 4099 1470 4125 ‚
1491 4079 1625 4131 quo-

587 4163 714 4199 cum
727 4181 745 4211 ,
759 4153 924 4215 ponte
940 4141 1082 4195 facto
1091 4177 1108 4208 ,
1121 4142 1620 4197 communicabant:

1708 2541 1804 2594 bas
1842 2554 1897 2594 et
1934 2541 2051 2594 illas
2081 2539 2331 2594 dextrum
2362 2541 2570 2596 Sicoris·
2590 2545 2743 2598 littus

1706 2621 1994 2688 hahentes3
2035 2621 2249 2675 Ilerdam
2274 2640 2423 2696 *vero
2470 2623 2745 2678 sinistror-

1708 2721 1830 2754 sum
1858 2714 1984 2754 tunc
2010 2703 2268 2773 temporis
2296 2715 2541 2756 stantem.

1708 2793 1712 2800 '
1792 2788 1845 2844 4.
1880 2780 1936 2833 Α
1964 2786 2105 2832 tertia
2134 2785 2237 2833 acie
2253 2780 2428 2851 fiebat.
2462 2783 2547 2835 Ita
2576 2783 2739 2838 codd.

1707 2861 1821 2912 fere
1846 2879 2029 2913 omnes
2046 2898 2063 2928 ,
2083 2861 2189 2913 nisi
2201 2860 2348 2932 quod
2366 2875 2548 2914 noster
2565 2862 2743 2933 5764,

1709 2941 1900 2993 vitiose
1924 2940 2087 2992 habet
2108 2957 2217 2994 1111
2244 2945 2369 3004 acie,
2404 2961 2505 3014 pro
2536 2962 2572 2993 a
2600 2948 2746 2996 tet-tia

1710 3024 1830 3072 acie.
1862 3020 2092 3090 Vulgata
2118 3040 2133 3074 :
2164 3025 2291 3073 acies
2332 3025 2475 3074 tertia
2499 3023 2744 3088 faciebat.

1791 3099 1922 3152 Cn.
1953 3100 2125 3153 XLII.
2168 3119 2217 3155 1.
2261 3103 2499 3172 Legiones
2534 3103 2743 3159 reducit.

1708 3179 1853 3232 Bene
1871 3179 2058 3232 reducit
2078 3199 2144 3233 ex
2166 3183 2363 3234 nostris
2390 3180 2548 3236 codd.
2572 3201 2589 3247 3
2616 3203 2743 3238 nam

1707 3259 1952 3330 quamvis
1974 3260 2152 3312 Caesar
2171 3261 2405 3332 legionae
2422 3260 2645 3334 quidem
2662 3265 2743 3316 in-

1712 3352 1792 3391 tra
1810 3340 1964 3392 istam
1996 3341 2189 3393 fossam
2210 3359 2319 3394 non
2340 3342 2492 3414 prius
2512 3341 2745 3397 deduxe-

1709 3419 1809 3486 rit,
1828 3439 1915 3472 eas
1940 3420 2043 3473 isto
2064 3419 2255 3474 eodem
2280 3422 2340 3473 in
2366 3422 2517 3487 loco,
2543 3421 2603 3476 id
2628 3436 2737 3486 est,

1710 3499 1769 3551 in
1800 3498 1990 3554 iisdem
2017 3501 2226 3567 castris,
2252 3501 2447 3572 quibus
2471 3504 2582 3573 jam
2602 3503 2743 3556 fossa

1710 3580 1801 3632 illa
1822 3579 2095 3652 preducta
2118 3595 2261 3647 erat,
2280 3591 2433 3634 ante‘a
2453 3582 2745 3636 collocave-

1709 3673 1808 3714 rat.
1852 3661 1994 3712 Male
2028 3659 2195 3732 igitur
2230 3661 2516 3715 lectionem
2550 3663 2745 3716 deducit

1710 3740 1849 3793 tueri
1878 3739 2157 3794 contendit
2185 3742 2449 3796 Davisius.
2532 3758 2538 3764 ·
2753 3791 2761 3800 .

1794 3840 1825 3873 2
1836 3861 1848 3874 .
1864 3821 2298 3892 Agger-petendas.
2316 3825 2489 3893 Agger
2501 3822 2742 3877 hocloco

1708 3900 1928 3953 materia
1948 3920 2053 3973 qua
2070 3903 2268 3955 vallum
2287 3903 2646 3957 muniebatur.
2669 3933 2743 3948 --

1710 3981 1925 4034 Similem
1964 3985 2197 4034 rationem
2239 3985 2394 4054 operis·
2406 4003 2427 4045 ‚-
2464 3993 2570 4054 q'ua
2612 4001 2743 4037 usus

1706 4075 1821 4114 erat
1852 4063 2129 4133 superiore
2159 4060 2264 4115 die.
2297 4062 2599 4116 Consilium
2624 4065 2742 4118 Cae·

1704 4142 1841 4196 saris
1854 4179 1873 4209 ,
1894 4155 1948 4197 et
1964 4154 2159 4197 tectam
2175 4143 2315 4198 hanc
2340 4144 2535 4198 fossam
2557 4143 2743 4198 castris
