3025 5025
506 3150 511 3156 ¹
613 3178 796 3230 parem
858 3158 1139 3210 eminuisse
1198 3157 1488 3221 virtutem)
1538 3154 1631 3208 sed

633 468 780 541 560
1435 472 1574 537 DE
1628 471 1977 537 BELLO

570 630 579 635 ·
623 600 870 670 collatu
907 602 1050 693 pari
1091 614 1281 667 erant
1321 599 1719 681 conditione.
1757 603 1991 692 Itaque
2028 624 2110 667 ex
2150 615 2433 695 utroque
2479 626 2715 696 genere
2734 602 2756 627 ²

624 732 898 801 pugnae,
930 730 1134 799 quum
1173 730 1402 799 parem
1425 707 1740 774 virtutem
1770 705 1856 771 ad
1878 704 2259 774 bellandum
2297 708 2761 795 contulissent,

623 812 911 906 pilorum
963 814 1164 881 missu
1207 812 1338 879 fixa
1379 809 1758 883 cumulatur
1794 825 1862 879 et
1900 811 2188 881 concidit
2228 813 2757 883 adversariorum

623 917 997 987 multitudo,
1065 920 1394 987 Dextrum
1451 916 2050 987 demonstravimus
2094 918 2501 987 decumanos
2550 946 2759 989 cornu

621 1026 960 1093 tenuisse:
1013 1026 1126 1117 qui
1173 1025 1294 1093 etsi
1347 1036 1537 1091 erant
1580 1023 1805 1117 pauci,
1848 1037 2071 1091 tamen
2115 1040 2390 1118 propter
2442 1026 2759 1095 virtutem

621 1154 865 1223 magno
902 1129 1311 1200 adversarios
1345 1130 1583 1197 timore
1620 1152 1853 1195 eorum
1888 1154 2093 1223 opera
2128 1129 2541 1217 afficiebant,
2578 1132 2760 1226 quod

619 1260 660 1303 a
696 1260 816 1305 suo
849 1220 1036 1307 loco³
1075 1236 1298 1305 hostes
1340 1234 1769 1302 vehementer
1810 1258 2113 1327 premere
2146 1252 2526 1330 coeperunt,
2560 1252 2635 1305 ut
2671 1239 2755 1305 ad

620 1342 1024 1427 subsidium,
1058 1365 1144 1409 ne
1188 1342 1272 1409 ab
1317 1339 1521 1409 latere
1556 1340 1768 1407 nostri
1811 1356 2253 1436 occuparent,
2300 1340 2475 1435 legio
2512 1343 2758 1411 adver-

620 1449 942 1517 sariorum
981 1447 1318 1517 transduci
1358 1460 1577 1540 coepta
1615 1447 1699 1513 sit
1732 1443 1819 1511 ad
1851 1446 2175 1515 dextrum.
2211 1448 2380 1535 Quae
2424 1448 2619 1516 simul
2658 1466 2756 1519 est

617 1569 834 1641 mota,
861 1555 1190 1648 equitatus
1231 1554 1507 1621 Caesaris
1554 1552 1889 1619 sinistrum
1938 1577 2146 1621 cornu
2183 1578 2489 1646 premere
2532 1557 2751 1649 coepit.

613 1660 704 1727 At
738 1662 782 1728 ii
817 1661 1054 1727 eximia
1085 1661 1328 1727 virtute
1370 1656 1671 1752 praelium
1708 1656 1925 1725 facere
1965 1660 2321 1752 incipiunt,
2356 1674 2433 1728 ut
2462 1659 2648 1729 locus
2687 1664 2755 1730 in

615 1767 758 1835 acie
793 1766 880 1835 ad
917 1765 1286 1833 subsidium
1330 1762 1637 1831 veniendi
1678 1787 1814 1831 non
1856 1762 2143 1832 daretur.
2187 1768 2321 1852 Ita,
2358 1792 2567 1860 quum
2610 1766 2756 1836 cla-

615 1874 785 1939 mori
819 1885 992 1939 esset
1039 1872 1454 1938 intermixtus
1511 1870 1827 1963 gemituS‚
1876 1868 2378 1965 gladiorumque
2426 1861 2755 1969 crepitus⁴

613 1977 883 2045 auribus
919 1974 1178 2044 oblatus
1193 1976 1690 2068 ,imperitorum
1723 1988 1979 2043 mentes
2009 1978 2244 2043 timore
2280 1978 2749 2071 praepediebat.

616 2083 780 2169 Hic,
803 2097 880 2151 ut
907 2083 1000 2149 ait
1030 2083 1314 2167 Ennius,
1352 2110 1386 2144 α
1423 2107 1539 2174 pes
1574 2066 1773 2174 pede⁵
1819 2083 2180 2173 premitui,
2206 2084 2407 2153 armis
2443 2098 2753 2153 teruntur

616 2212 828 2276 arma,
866 2216 900 2252 11
940 2187 1477 2280 adversariosque
1515 2187 2086 2255 vehementissime
2123 2204 2496 2281 pugnantes
2538 2193 2751 2259 nostri

611 2318 810 2388 agere
851 2308 1242 2423 coeperunt3
1287 2292 1525 2386 quibus
1560 2292 1879 2386 oppidum
1924 2292 2051 2361 fuit
2086 2292 2397 2362 subsidio.
2444 2297 2608 2362 Ita
2590 2298 2749 2389 ipsis

614 2385 1064 2469 Liberalibus⁶
1101 2398 1224 2467 fusi
1254 2399 1593 2492 fugatique
1631 2423 1765 2491 non
1804 2398 2306 2491 superfuissent,
2334 2402 2456 2468 nisi
2494 2402 2559 2467 in
2590 2426 2747 2469 eum

613 2506 834 2576 locum
872 2506 1353 2600 confugissent,
1396 2531 1477 2574 ex
1517 2530 1649 2600 quo
1690 2506 1879 2573 erant
1918 2506 2179 2598 egressi.
2222 2507 2303 2573 In
2340 2533 2475 2600 quo
2516 2508 2749 2600 praelio

614 2613 995 2682 ceciderunt
1029 2611 1230 2678 millia
1271 2611 1618 2700 hominum
1657 2611 1918 2678 circiter
1946 2613 2183 2698 XXX,
2217 2625 2285 2678 et
2318 2613 2373 2680 si
2402 2612 2561 2705 quid
2603 2638 2745 2681 am-

613 2718 784 2813 plius
823 2733 1184 2814 :praeterea
1226 2717 1558 2794 Labienus
1577 2715 1625 2805 7,
1668 2718 1885 2785 Attius
1928 2719 2191 2803 Varus3
2228 2717 2465 2810 quibus
2507 2723 2746 2792 occisis

661 2886 668 2894 Ι
699 2939 750 2972 2.
783 2921 954 2990 Itaque
985 2940 1048 2970 ex
1077 2931 1275 2990 utroque
1303 2937 1492 2988 genere.
1526 2919 1632 2970 De·
1716 2959 1721 2964 .
1805 2916 1855 2968 5.
1880 2876 1980 2968 Pe}
1997 2916 2136 2986 pede.
2168 2917 2414 2970 Brantius
2445 2918 2741 2972 Homerum

613 2998 834 3052 lendum
857 3021 930 3051 ex.
955 2999 1144 3051 Sensus
1171 3011 1248 3050 est
1278 3015 1290 3049 ε
1317 2998 1372 3049 111
1405 3009 1633 3067 utroque
1720 2991 1906 3056 (Iliad.
1945 3014 2075 3062 x111,
2115 3015 2137 3048 1
2152 2993 2251 3059 31)
2282 3009 2337 3050 01
2360 2998 2553 3068 virgil.
2578 2995 2599 3058 (
2612 3001 2737 3050 ΑΕΒ.

611 3097 804 3150 genere
820 3097 1036 3149 pugnae,
1055 3076 1289 3148 pedestri
1307 3091 1360 3130 et
1373 3077 1631 3147 equestri,
1719 3095 1751 3126 x
1768 3113 1783 3139 ‚
1813 3076 1917 3128 361
1940 3072 1959 3139 )
1984 3077 2093 3146 jam
2119 3077 2463 3146 comparavit.
2496 3078 2595 3130 Cui
2626 3097 2741 3130 non

1716 3153 1891 3207 dictus
1904 3154 2110 3226 Hylas?
2133 3155 2209 3208 Μ.
2236 3156 2431 3208 Paulus
2454 3157 2661 3210 Merula
2679 3158 2737 3209 in

1719 3235 1903 3304 fragm.
1940 3235 2104 3287 Ennii
2146 3235 2200 3286 h.
2237 3235 2271 3286 1.
2317 3248 2545 3287 metrum
2582 3237 2739 3288 resti-

603 3238 934 3308 Caesarianos
971 3237 1094 3307 pilis
1129 3237 1312 3288 vicisse
1327 3273 1344 3300 ‚
1385 3237 1490 3288 1100
1515 3248 1595 3286 est
1612 3273 1630 3299 ,

567 3367 570 3372 .
611 3317 846 3390 pedites,
877 3316 1100 3374 scilicet,
1141 3315 1374 3386 legiones
1410 3315 1630 3368 Caesaris

614 3398 818 3450 vicisse.
849 3397 999 3448 Mon.

699 3479 749 3529 3.
772 3475 826 3533 A
842 3495 930 3526 suo
945 3474 1062 3526 loco.
1077 3471 1260 3532 Codd.
1279 3485 1333 3525 et
1355 3471 1478 3525 edd.
1499 3485 1625 3526 vett.

609 3557 809 3610 habent
837 3553 1289 3625 praepositionem,
1307 3571 1338 3604 a
1365 3553 1629 3606 recentio-

609 3637 759 3690 ribus
807 3635 1066 3687 omissam.
1094 3665 1174 3674 -—
1197 3632 1517 3702 occuparent.
1562 3633 1629 3686 In

605 3716 764 3768 libris
783 3714 975 3766 bonis:
995 3724 1178 3764 recte:
1207 3724 1551 3781 occuparentur
1570 3711 1627 3765 in

614 3795 838 3866 vulgatis
858 3791 979 3845 edd.
1002 3792 1284 3863 plerisque.
1309 3791 1385 3842 M.

557 3939 570 3946 .
696 3882 748 3939 4.
769 3873 1004 3946 Cmpitm.
1021 3869 1172 3924 Leid.
1195 3890 1245 3936 1,
1264 3875 1504 3942 strepitus.
1524 3864 1626 3922 Sed

603 3959 816 4024 ,crepitus
847 3953 980 4018 bene
1011 3949 1078 4004 de
1110 3951 1282 4004 armis.
1318 3948 1444 4002 Vid.
1477 3948 1623 4002 Oud.

607 4033 682 4088 ad
713 4033 905 4102 Obseq.
919 4029 989 4084 de
1009 4029 1200 4101 prodig
1223 4068 1238 4095 ,
1257 4048 1370 4101 cap.
1402 4037 1525 4092 104.
1545 4059 1627 4074 -·-

620 4113 825 4166 Timore.
845 4111 946 4164 Alii
978 4114 1130 4162 timor.
1160 4111 1283 4164 Non
1310 4109 1459 4172 male.

1718 3324 1865 3366 tuere
1894 3314 2122 3378 laborem
2142 3313 2234 3366 sed
2263 3312 2335 3366 ad
2358 3315 2463 3367 hoe
2488 3316 2543 3368 in
2564 3317 2732 3368 soluta

1716 3393 1956 3445 oratione
1976 3411 2086 3446 non
2116 3412 2224 3446 sem
2266 3413 2323 3446 er
2342 3392 2651 3447 attenditur.

1798 3476 1851 3525 6.
1884 3474 2009 3542 Ipsis
2037 3473 2153 3524 Libe
2232 3473 2351 3526 ihus.
2386 3474 2511 3526 Dies
2536 3474 2731 3526 Libero

1713 3552 1851 3622 patri
1868 3551 2019 3604 sacri.
2053 3553 2238 3623 Inepte
2270 3553 2563 3606 Rhellican.
2584 3554 2730 3604 Libe-

1712 3631 1919 3692 ralibus,
1944 3631 2151 3702 inquit:
2178 3631 2283 3683 hoc
2301 3644 2405 3696 est,
2431 3637 2491 3684 iis
2528 3637 2612 3705 qui
2634 3633 2728 3685 ibo-

1711 3711 1883 3762 taliter
1902 3722 2044 3782 atque
2066 3715 2271 3780 ingenue
2292 3725 2565 3781 pugnantes
2586 3731 2729 3763 occu·

1715 3791 1931 3844 buerant.
1956 3789 2042 3842 sic
2062 3803 2116 3842 et
2130 3789 2269 3857 Cic„
2286 3809 2371 3862 ep.
2399 3789 2467 3842 ad
2480 3793 2599 3844 Div.
2628 3809 2727 3854 ¹11,

1716 3872 1807 3922 25.
1828 3867 2137 3922 Incidebant
2152 3870 2207 3922 in
2226 3887 2317 3922 xvt
2338 3871 2445 3922 lul.
2471 3889 2582 3941 apr.
2600 3869 2725 3922 vid.

1712 3947 1961 4002 0111101111.
1996 3948 2155 4013 Ἑο01.,
2178 3968 2211 4018 7
2226 3968 2247 4002 1
2262 3951 2313 4002 3.

1790 4047 1846 4098 7.
1880 4027 2135 4080 Labienus.
2158 4030 2239 4080 De
2254 4029 2319 4079 T.
2346 4028 2471 4080 Atio
2490 4029 2727 4080 Labieno

1603 4160 1613 4168 ,
1712 4105 1822 4160 vid.
1849 4108 1909 4162 B.
1944 4107 2006 4160 C.
2038 4108 2076 4160 l.
2109 4125 2188 4172 11,
2218 4125 2335 4179 cap.
2370 4107 2729 4162 15.--Am·us
