3025 5025
655 474 802 547 160

941 475 1018 543 C.
1073 473 1358 544 JULII
1415 468 1885 542 CAESARIS
1942 467 2491 547 COMMENT.

639 633 778 704 qua
819 607 964 702 lege
1001 623 1280 702 regnum
1322 605 1512 674 Jubae
1556 603 2015 701 publicaverat
2032 591 2075 675 ⁵.
2124 607 2559 678 Concurrunt
2598 611 2789 703 equi*-

646 729 747 784 tes
801 715 976 783 inter
1021 737 1092 782 se
1136 738 1152 780 :
1191 737 1408 806 neque
1460 736 1625 782 vero
1674 713 1965 808 primum
2019 714 2345 807 impetum
2404 729 2787 784 nostrorum

645 819 957 893 Numidae
1013 819 1186 888 ferre
1234 831 1633 913 potuerunt3
1678 818 1795 888 sed
1851 818 2215 888 interfectis
2256 819 2519 889 circiter
2560 823 2757 891 CXX
2770 875 2791 910 ‚

645 925 884 1020 reliqui
915 951 988 996 se
1018 928 1090 994 in
1119 939 1339 996 castra
1377 924 1462 993 ad
1499 925 1823 1021 oppidum
1866 939 2282 1019 receperunt.
2323 927 2605 996 Interim
2622 980 2643 1012 ‚
2671 927 2791 996 ad-

646 1047 854 1103 ventu
916 1031 1269 1128 longarum
1324 1032 1597 1100 navium
1623 1084 1643 1120 ,
1707 1032 1915 1101 Curio
1977 1031 2409 1126 pronuntiare
2476 1035 2792 1103 onerariis

639 1139 930 1208 navibus
960 1139 1185 1234 jubet,
1227 1147 1372 1232 quae
1429 1137 1697 1207 stabant
1738 1136 1825 1206 ad
1866 1138 2139 1206 Uticam
2191 1161 2474 1208 numero
2529 1140 2794 1209 circiter

649 1246 767 1314 CC
786 1299 804 1332 ,
837 1274 872 1309 c<
922 1270 992 1314 se
1024 1246 1093 1314 in
1132 1244 1425 1314 hostium
1469 1243 1858 1312 habiturum
1896 1241 2080 1332 loco,
2110 1245 2224 1338 qui
2261 1267 2401 1315 non
2436 1269 2475 1312 e
2512 1247 2794 1340 vestigio

645 1351 732 1420 ad
769 1366 988 1422 castra
1011 1349 1412 1420 Corneliana
1435 1349 1585 1420 vela
1613 1350 1972 1421 direxisset.
2001 1379 2037 1415 n
2074 1351 2229 1438 Qua
2251 1353 2793 1445 pronuntiatione

645 1457 858 1546 facta,
901 1460 1220 1553 temporis
1257 1471 1551 1553 puncto,
1593 1456 1870 1526 sublatis
1914 1457 2177 1526 ancoris
2198 1509 2219 1540 ,
2257 1481 2489 1527 omnes
2524 1459 2817 1540 Uticam,

644 1562 1062 1658 relinquunt,
1100 1579 1210 1653 et,-
1239 1589 1372 1658 quo
1419 1567 1819 1658 imperatum
1874 1576 1975 1632 est
1988 1616 2008 1652 ,
2059 1571 2443 1634 transeunt(
2478 1565 2653 1653 Quae
2690 1589 2794 1634 res

647 1673 947 1740 omnium
979 1695 1204 1740 rerum
1237 1672 1430 1765 copia
1465 1669 1827 1766 complevit
1860 1671 2242 1740 exercitum.

753 1780 1010 1847 XXVI.
1070 1779 1191 1846 His
1221 1778 1422 1847 rebus
1463 1778 1697 1872 gestis»,
1732 1777 1941 1846 Curio
1980 1801 2050 1846 se
2086 1777 2156 1844 in
2192 1790 2411 1847 castra
2445 1773 2531 1844 ad
2560 1780 2797 1872 Bagra·

648 1884 804 1964 dam
842 1882 1151 1979 recepit¹‚
1183 1897 1382 1978 atque
1415 1886 1709 1952 universi
1747 1883 2076 1952 exercitus
2106 1882 2631 1953 conclamatione
2660 1886 2796 1954 Im·
2830 1970 2836 1976 Ι

645 2005 919 2084 perator
987 1988 1359 2085 appellatur
1393 2015 1412 2058 ·:
1472 2006 1875 2084 posteroque
1934 1990 2041 2059 die
2094 1991 2364 2060 Uticam
2429 1991 2794 2059 exercitum

646 2095 832 2166 ducit
849 2150 868 2184 ,
912 2111 983 2165 et
1029 2121 1241 2192 prope
1297 2095 1625 2191 oppidum
1684 2111 1899 2167 castra
1950 2098 2159 2192 ponit.
2212 2097 2537 2167 Nondum
2589 2121 2793 2192 opere

733 2305 784 2360 5.
803 2308 1018 2378 Regnum
1031 2308 1073 2360 J
1068 2308 1173 2360 αὖτε
1175 2307 1526 2378 publicaverat.
1544 2309 1681 2362 Ver-

647 2383 780 2438 bum
806 2388 942 2458 juris
969 2389 1094 2440 bona
1121 2388 1373 2460 publicare
1392 2428 1407 2452 ,
1443 2388 1680 2459 praeconi

648 2467 908 2540 subjicere
927 2505 944 2533 ,
987 2480 1047 2522 ut
1090 2466 1392 2523 vendantur
1433 2468 1679 2521 auctione

648 2546 880 2618 'publicai
908 2549 1041 2614 Cic.,
1059 2549 1098 2603 l.
1126 2566 1174 2600 11
1193 2587 1208 2614 ,
1227 2567 1273 2601 c.
1305 2550 1373 2603 32
1393 2550 1633 2613 ‚Invent.
1661 2565 1675 2601 τ

649 2628 754 2679 Lex
777 2640 852 2679 est
873 2620 1010 2699 apud
1032 2628 1273 2693 Rhodios,
1293 2640 1372 2693 ut,
1389 2632 1434 2681 si
1457 2648 1553 2698 qua
1580 2648 1680 2679 ros·

652 2718 784 2758 trata
814 2712 864 2759 in
893 2720 1041 2780 portu
1074 2712 1210 2763 navis
1251 2708 1541 2779 depraehensa
1580 2712 1674 2769 sit,

642 2788 930 2859 publicetur.
945 2789 1107 2857 Quum
1115 2807 1295 2859 magna
1304 2792 1356 2839 in
1369 2789 1472 2839 alto
1487 2799 1681 2857 tempes-

653 2878 727 2917 tas
749 2880 890 2929 esset,
911 2872 988 2932 svis
1008 2879 1285 2930 ventorum,
1307 2870 1466 2921 invitis
1483 2871 1674 2931 naun's,

651 2946 948 2998 Rhodiorum
991 2951 1043 2997 in
1074 2959 1270 3017 portum
1312 2951 1469 3001 navim
1502 2952 1677 3016 coegit.

655 3025 888 3095 Quoestor
928 3031 1086 3079 navim
1107 3026 1280 3097 populi
1313 3038 1478 3079 vocat.
1523 3026 1681 3079 Navis

651 3100 870 3157 dominus
899 3118 1048 3176 negat
1073 3107 1317 3177 publicari
1349 3119 1582 3177 oportere.
1610 3107 1682 3159 Et

650 3178 756 3239 hoc
787 3182 907 3239 loco
924 3186 1230 3239 translative
1241 3184 1440 3241 dicitur
1453 3184 1680 3257 publiea·

655 3278 800 3327 rer-at,
819 3284 943 3317 nam
960 3285 1184 3337 regnum
1198 3267 1230 3318 J
1234 3266 1354 3319 ubae
1365 3285 1476 3318 non
1494 3264 1554 3317 id
1567 3278 1682 3319 erat

653 3342 801 3415 quod
829 3343 1152 3399 venderetur
1180 3364 1194 3398 z
1222 3343 1367 3397 unde
1407 3346 1488 3398 vis
1527 3345 1681 3398 verbi

650 3422 941 3496 respondet
977 3424 1045 3479 ad
1088 3426 1192 3479 hoc
1239 3422 1387 3498 quod
1425 3422 1682 3493 dicimus,

654 3503 897 3578 confisque'
913 3526 978 3557 au
993 3504 1146 3577 prqfit
1161 3506 1221 3557 de
1239 3504 1424 3557 l’Etat.
1445 3506 1527 3557 De
1540 3505 1573 3555 J
1576 3506 1684 3557 uba

652 3598 706 3638 et
730 3604 894 3656 regno
923 3588 1037 3657 ejus
1057 3625 1073 3654 ,
1098 3585 1315 3638 consule
1337 3584 1499 3637 Dion.
1535 3585 1677 3639 Cass.

650 3665 688 3718 1.
720 3682 838 3731 xm,
864 3684 978 3738 cap.
1017 3668 1107 3729 41.

734 3746 865 3799 Cu’.
882 3746 1088 3798 XXVI.
1113 3764 1162 3797 1.
1183 3744 1394 3815 Recepit.
1413 3744 1496 3796 Ita
1515 3742 1680 3797 codd.

653 3826 932 3896 permulti,
966 3838 1020 3878 at
1043 3822 1164 3877 cod.
1197 3837 1378 3877 noster
1411 3824 1565 3895 5764
1585 3860 1603 3888 ‚
1628 3834 1684 3876 et

655 3904 744 3956 alii
765 3922 778 3956 t
800 3908 1001 3975 πεῖρα,-
1027 3924 1139 3958 non
1165 3904 1303 3957 male
1323 3920 1539 3975 quoque
1554 3942 1571 3969 ,
1588 3901 1682 3956 sed

652 3984 804 4055 prior
833 3984 992 4037 lectio
1020 3997 1261 4055 praestat,
1293 3984 1418 4055 quia
1449 3984 1681 4055 impera-

654 4076 739 4115 tor
770 4064 1067 4136 appellatur
1085 4102 1102 4129 ,
1125 4076 1409 4137 postquam
1437 4083 1493 4117 se
1534 4082 1680 4133 rece-

652 4156 820 4215 perat.
841 4175 921 4188 -—
954 4144 1240 4215 [uper-ator.
1273 4145 1428 4211 Dux,
1456 4144 1682 4199 victorin

1766 2321 1921 2379 parta
1938 2313 1963 2373 ,“
1988 2309 2055 2360 ah
2093 2307 2330 2360 exercitu
2354 2325 2452 2361 suo
2465 2341 2485 2373 ‚-
2506 2307 2781 2362 conclama

1767 2387 1914 2440 tione
1955 2387 2090 2440 facta
2112 2426 2126 2452 ‚
2151 2392 2409 2458 insperatos·
2434 2388 2765 2441 salutabatur
2779 2425 2795 2452 ‚

1767 2465 1916 2539 quod
1958 2467 2044 2521 vel
2088 2467 2356 2523 tironibus
2390 2479 2622 2535 notum;
2654 2481 2709 2522 et
2738 2475 2796 2522 ei

1766 2548 2116 2601 conclamatio
2135 2548 2353 2601 titulum
2371 2548 2596 2603 honoris
2608 2561 2665 2601 et
2684 2548 2799 2621 qui-

1766 2625 1893 2680 dem
1936 2626 2425 2681 commendandum
2454 2629 2793 2693 conferebat,

1767 2706 1862 2761 sed
1884 2708 1999 2761 sine
2021 2710 2134 2761 ullo
2162 2728 2384 2762 munere
2405 2709 2490 2761 vel
2517 2720 2793 2780 potestate.

1768 2787 2003 2859 Optimis
2032 2800 2209 2841 autem
2242 2787 2553 2855 reipublicae
2587 2782 2793 2860 tempo-

1766 2868 1951 2932 ribus,
1970 2867 2060 2921 hic
2081 2868 2255 2921 honos
2278 2866 2425 2921 haud
2444 2868 2715 2921 levissima
2730 2866 2795 2921 de

1766 2962 1920 2999 causa
1942 2947 2027 2999 vel
2062 2966 2093 2999 3
2122 2946 2381 3001 militibus
2410 2945 2660 3001 dabatur.
2694 2949 2793 3013 At,

1766 3025 1871 3081 hoc
1900 3027 2051 3084 loco,
2077 3026 2305 3080 Curioni
2334 3026 2547 3080 homini
2577 3026 2795 3080 vanissi-

1766 3124 1889 3172 mo,
1913 3118 2037 3177 post
2062 3118 2260 3177 paucos
2282 3106 2625 3172 interfectos,
2653 3119 2708 3159 et
2724 3106 2795 3159 le-

1765 3204 1831 3237 ve
1876 3196 2087 3237 tantum
2128 3185 2373 3257 pralium
2428 3186 2794 3252 commissum,

1768 3266 2059 3319 confertur.
2088 3265 2447 3337 Temporibus
2482 3277 2667 3319 autem
2692 3268 2795 3337 Ap-

1766 3344 1916 3416 piani
1960 3346 2113 3399 aliter
2160 3345 2322 3397 fiebat
2337 3382 2353 3409 ‚
2395 3358 2448 3397 et
2483 3344 2793 3416 praeclarum

1766 3423 1904 3479 illud
1933 3434 2132 3477 nomen
2164 3426 2214 3477 ei
2240 3438 2453 3478 tantum
2470 3423 2795 3478 concedeba-

1769 3516 1887 3570 tur,
1914 3504 2009 3575 qui
2026 3525 2063 3557 x
2078 3504 2213 3561 mill.
2234 3503 2521 3557 hominum
2538 3522 2655 3559 uno
2672 3520 2797 3576 pru·

1766 3585 1843 3637 lio
1878 3582 2182 3650 cecidisset,
2215 3595 2277 3635 ut
2304 3584 2416 3655 ipse
2448 3595 2707 3650 testatur,
2736 3584 2795 3636 Β.

1769 3664 1927 3717 Civil.
1946 3682 2013 3729 11,
2027 3683 2083 3735 p.
2103 3670 2246 3733 747:
2258 3653 2483 3734 Eds-qui
2500 3667 2605 3724 τοῖς
2621 3682 2797 3735 epam·

1767 3747 1870 3815 γοῖς
1910 3740 2029 3795 τόδε
2070 3746 2126 3795 τὸ
2186 3738 2616 3813 προσαγόρευμα(
2642 3744 2797 3797 Auro·

1767 3814 2000 3894 κράτωρ)
2021 3822 2161 3893 παρὰ
2190 3830 2290 3875 τῶν
2320 3828 2553 3892 ςρατῶν,
2578 3827 2795 3891 καθάπερ

1771 3906 1935 3965 αὐτοῖς
1968 3905 2423 3974 ἐπιμαρτυρούντων
2466 3902 2617 3963 ἀξίως
2672 3908 2794 3971 σφῶν

1771 3982 2132 4053 αὐτοκράτορας
2154 3976 2293 4035 εἶναι.
2310 3980 2415 4034 Καὶ
2430 3977 2585 4037 τήνδε
2618 3983 2705 4039 τὴν
2724 4000 2797 4033 τι·

1770 4070 1865 4135 μὴν
1894 4064 1937 4115 οἳ
1968 4061 2206 4133 ςρατηγοὶ
2238 4061 2399 4115 πάλαι
2428 4060 2515 4131 μὲν
2544 4063 2629 4115 ἐπὶ
2674 4063 2797 4113 πᾶσι

1767 4147 1869 4205 τοῖς
1894 4144 2112 4213 μιγίςοις
2142 4143 2300 4214 ἔργοις
2324 4143 2607 4213 προσίεντο·
2632 4148 2711 4195 νῦν
2726 4136 2797 4191 ’δὲ
