3025 5025
709 463 856 535 DE
909 463 1260 533 BELLo
1309 418 1689 533 civim,
1747 466 1938 535 ΜΒ.
1994 467 2050 535 1.
2370 467 2470 539 23

279 614 297 628 ·
325 595 512 665 mitiis
542 594 840 691 populus
857 595 1192 689 jussisset3
1232 610 1456 665 tamen
1489 596 1667 665 hanc
1694 598 2026 689 jacturam
2063 598 2339 672 honoris
2370 603 2473 671 sui

322 701 690 796 reipublicae
747 726 948 775 causa
999 728 1190 797 aequo
1249 704 1474 777 animo
1537 702 1805 775 tulisse:
1838 730 2049 800 quum
2092 704 2345 777 litteras
2388 708 2476 777 ad

317 824 613 881 senatum
661 812 956 899 miserit,
996 826 1074 879 ut
1129 834 1362 881 omnes
1417 811 1503 882 ab
1562 812 1960 881 exercitibus
2024 813 2475 903 discederent,

316 940 396 984 ne
437 916 507 985 id
559 918 834 1011 quidem
897 919 1393 1049 impetravisse.
1429 932 1571 987 tota
1622 917 1819 989 Italia
1871 918 2150 993 dilectus
2203 921 2435 991 haberi
2454 974 2475 1009 ,

313 1024 580 1093 retineri
625 1023 919 1119 legiones
971 1011 1190 1095 duas⁵
1193 1078 1214 1112 ,
1249 1050 1398 1119 quae
1453 1025 1539 1094 ab
1596 1050 1666 1097 se
1720 1026 2138 1099 simulatione
2182 1028 2479 1099 Parthici

311 1128 462 1198 belli
491 1131 628 1199 sint
670 1131 1012 1206 abductae·
1045 1133 1384 1204 civitatem
1429 1158 1571 1201 esse
1600 1133 1670 1204 in
1707 1135 1927 1205 armis.
1976 1136 2295 1221 Quonam
2328 1135 2475 1206 haec

311 1239 572 1325 omnia,
604 1240 733 1308 nisi
759 1238 848 1309 ad
879 1263 1069 1309 suam
1107 1240 1505 1333 perniciem,
1536 1238 1922 1333 pertinere?
1954 1240 2085 1312 Sed
2128 1255 2355 1312 tamen
2386 1241 2478 1311 ad

311 1345 536 1415 omnia
577 1370 649 1415 sc
695 1345 1101 1417 descendere
1145 1360 1492 1441 paratum,
1532 1361 1731 1477 atque.
1778 1347 2025 1427 omnia
2056 1348 2197 1441 pati
2234 1350 2472 1466 ’reipu-

309 1448 496 1521 blicae
533 1474 755 1522 causa.
802 1452 1272 1526 Proficiscatur
1314 1439 1721 1548 Pompeius⁶
1746 1455 1819 1526 iu
1864 1477 2016 1526 suas
2054 1456 2471 1548 provincias·
2452 1506 2473 1539 ‚

311 1556 474 1650 ipsi⁷
503 1560 836 1632 exercitus
873 1560 1248 1648 dimittant3
1277 1560 1666 1631 discedant
1648 1587 1717 1635 in
1754 1559 1947 1634 Italia
1980 1585 2212 1630 omnes
2242 1562 2329 1631 ab
2366 1585 2474 1630 ar·

309 1664 469 1748 mis3
516 1680 738 1737 metus
777 1691 816 1735 e
851 1669 1118 1740 civitate
1149 1614 1460 1752 tollatur3
1491 1667 1701 1739 libera
1738 1669 2008 1740 comitia
2024 1722 2044 1755 ‚
2086 1683 2286 1762 atque
2327 1692 2471 1737 om·

311 1772 408 1841 nis
471 1771 854 1867 respublica
917 1777 1178 1845 senatui
1234 1775 1620 1871 populoque
1686 1790 1967 1847 romano
2023 1777 2471 1869 permittatur.

311 1880 466 1949 Haec
509 1905 648 1975 quo
681 1880 939 1954 facilius
981 1884 1310 1977 certisque
1352 1884 1844 1956 conditionibus
1886 1882 2053 1954 fiant
2066 1936 2086 1970 ,
2122 1896 2193 1951 et
2226 1882 2473 1975 jureju-

311 1986 518 2055 rando
568 1989 1002 2074 sanciantur3
1057 2005 1176 2062 aut
1213 1992 1358 2085 ipse
1394 1991 1671 2087 propius
1714 1988 2019 2077 accedat,
2062 2003 2180 2059 aut
2228 2012 2299 2057 se
2351 2012 2469 2082 pa-

309 2090 509 2163 tiatur
561 2094 882 2167 accedere
920 2123 938 2166 :
980 2097 1126 2170 fore
1143 2152 1166 2187 ,
1206 2100 1307 2167 uti
1347 2121 1469 2195 per
1522 2096 1855 2192 colloquia
1906 2121 2142 2167 omnes
2198 2110 2469 2165 contro-

309 2201 534 2274 versiae
577 2218 1088 2298 componantur.
1123 2234 1162 2271 »

391 2386 445 2439 5.
465 2387 687 2439 Retinet-i
697 2388 909 2459 legiones
925 2388 1063 2443 duas.
1079 2386 1214 2441 Inde
1227 2387 1340 2442 Cic.

309 2467 345 2521 l.
369 2485 485 2533 vn,
515 2468 673 2540 epist.
701 2468 772 2522 ad
791 2469 900 2524 Att.
926 2469 992 2523 13
1010 2506 1028 2536 ,
1058 2488 1164 2541 spes
1192 2472 1344 2524 omnis

311 2551 360 2600 in
375 2547 562 2600 ‘lacubus
580 2549 811 2602 invidiose
827 2554 1022 2602 retentis
1031 2586 1049 2615 ,
1055 2569 1202 2621 poene
1227 2552 1345 2602 aliess

307 2631 404 2692 nis,
439 2628 726 2697 legionibus.

386 2711 440 2763 δ’.
457 2707 812 2778 Proficaekeatur
818 2711 1092 2781 Pompeius,
1108 2721 1197 2762 etc.
1209 2709 1263 2762 N
1265 2728 1345 2763 os-

307 2787 378 2840 tri
395 2806 514 2842 non
537 2801 618 2844 est
643 2789 908 2856 instituti,
933 2789 1166 2844 tenebris
1189 2790 1344 2844 intri-

305 2881 430 2922 cata
469 2869 636 2941 hujus
681 2887 852 2926 cause
895 2871 1070 2924 lucem
1117 2870 1340 2935 afferre3

303 2949 476 3002 multo
499 2948 683 3002 minus
704 2950 962 3004 lectorem
983 2949 1178 3004 docete
1207 2949 1342 3022 quid

303 3028 370 3082 sit
385 3028 774 3084 derationihns
792 3031 920 3085 hinc
944 3029 1073 3083 inde
1101 3031 1170 3082 ab
1192 3043 1342 3084 utra·

304 3127 408 3180 que
447 3122 604 3183 parte
649 3110 820 3164 allatis
863 3109 1207 3164 sentiendum
1247 3124 1341 3164 ant

302 3187 620 3257 dicendum
639 3207 810 3262 quum
823 3192 998 3244 multo
1015 3191 1198 3262 plures
1207 3189 1342 3244 duo-

301 3266 567 3343 deviginti
582 3271 780 3324 abhinc
797 3272 1003 3326 saeculis
1019 3269 1089 3324 de
1105 3271 1340 3326 maximo

303 3351 548 3406 omnium
579 3351 727 3404 bello
767 3352 914 3406 civili
954 3351 1164 3405 diverse
1193 3351 1339 3422 judi-

303 3430 474 3486 cariat
503 3450 520 3486 ε
559 3431 670 3484 hoc
717 3443 930 3485 tantum
976 3432 1138 3485 nobis
1183 3433 1340 3486 liceat

302 3510 562 3580 profiteri.
603 3511 801 3564 Nemi
841 3530 942 3566 nec
985 3513 1182 3566 Genti
1195 3550 1213 3579 ,
1237 3531 1339 3566 nec

303 3589 564 3663 Pompeio
583 3589 916 3646 credendum
934 3611 950 3646 z
971 3604 1200 3664 uterque
1225 3591 1338 3646 dux

306 3671 618 3725 ambitiosus
635 3670 706 3724 ad
723 3691 780 3725 se
799 3686 992 3726 cuncta
1020 3673 1232 3727 uehere
1251 3691 1339 3726 co-

303 3751 558 3818 nabatur,
589 3751 742 3823 qnod
779 3754 1028 3806 omnibus
1063 3755 1174 3824 jam
1207 3752 1336 3806 inde

303 3833 542 3886 inotescit.
563 3831 672 3886 Sed
691 3833 750 3886 h.
771 3834 811 3887 l.
831 3834 1156 3906 prasertim,
1171 3835 1336 3887 ratio-

301 3927 398 3964 nes
418 3932 448 3965 a
480 3913 692 3966 casare
719 3913 888 3967 allam
915 3914 1052 3966 mihi
1081 3913 1336 3970 videntur

303 4008 421 4043 cum
457 3995 584 4063 jure
629 3993 798 4064 magis
828 4007 882 4046 et
911 3993 1198 4048 commodo
1227 3995 1334 4048 rei-

301 4073 526 4140 publica
555 4074 886 4145 congruere:
909 4073 1044 4147 quid
1069 4075 1214 4128 enim
1237 4087 1332 4146 pe'-

301 4153 480 4207 tebant
518 4155 874 4226 Pompeiani?
897 4155 1021 4211 scil.
1053 4169 1116 4209 ut
1155 4156 1332 4211 Coesar

1429 2388 1498 2443 de
1509 2408 1622 2463 rep.
1637 2390 1773 2443 bene
1787 2387 2009 2443 meritus
2023 2388 2081 2441 in
2095 2388 2226 2441 Bell.
2240 2386 2467 2453 Gallice,

1429 2472 1631 2543 quique
1662 2471 1799 2524 nihil
1826 2468 2003 2525 adhuc
2041 2465 2291 2520 adversus
2322 2486 2467 2520 rem·

1428 2552 1702 2622 publicam
1724 2563 1929 2622 egerat,
1954 2549 2011 2600 in
2033 2548 2369 2619 provinciam
2385 2565 2469 2600 re-

1427 2642 1752 2695 verteretur,
1769 2628 2000 2682 dimissis
2013 2627 2121 2680 suis
2142 2627 2463 2696 legionibus;

1429 2729 1460 2762 a
1488 2711 1749 2781 petitione
1780 2709 2051 2760 honorum
2067 2744 2083 2771 ,
2115 2703 2247 2758 dum
2278 2707 2467 2759 absens

1427 2801 1573 2856 erat,
1594 2789 1833 2860 dejectus
1844 2826 1863 2854 ,
1881 2799 1936 2840 et
1949 2788 2063 2841 sine
2076 2786 2313 2840 exercitu
2330 2786 2461 2838 Gal-

1425 2870 1497 2923 lis
1524 2869 1593 2923 ad
1632 2867 2001 2922 rebellandum
2041 2868 2221 2922 forsan
2265 2866 2465 2937 paratis

1426 2949 1697 3022 expositus
1724 2968 1740 3003 τ
1774 2949 1889 3021 ipse
1928 2947 2217 3020 Pompeius
2260 2948 2465 3000 interea

1424 3031 1729 3103 provincias
1758 3048 1879 3083 suas
1914 3048 2015 3100 per
2054 3029 2252 3099 legatos
2287 3026 2462 3080 admi-

1426 3112 1688 3178 nistrans,
1718 3111 1911 3164 urbem
1940 3109 2092 3180 quasi
2122 3107 2460 3172 obtinuisset,

1425 3204 1480 3246 et
1515 3192 1687 3262 leges,
1728 3209 2091 3262 quascumque
2131 3189 2317 3250 vellet,
2361 3206 2459 3258 per

1423 3291 1548 3325 suos
1573 3271 1778 3324 tulisset
1791 3289 1807 3323 ε
1822 3289 1945 3342 qua
1970 3268 2213 3324 conditio
2234 3266 2461 3338 iniquis-

1425 3353 1560 3406 sima
1574 3389 1592 3410 ‚
1625 3364 1680 3405 et
1708 3351 1799 3404 alii
1822 3351 2041 3404 cuilibet
2070 3367 2233 3421 quam
2264 3347 2461 3400 Caesari

1423 3432 1646 3486 minime
1667 3431 1903 3485 ferenda.
1926 3432 2116 3496 Quum
2133 3429 2299 3500 igitur
2316 3439 2461 3479 uter-

1425 3532 1531 3585 que
1542 3531 1781 3566 amorem
1793 3512 1981 3585 patria
2004 3510 2183 3565 verbis
2211 3518 2265 3559 et
2276 3508 2456 3558 fronte

1422 3592 1779 3666 praetenderet
1792 3631 1811 3658 ,
1841 3610 1943 3645 nec
1966 3593 2034 3644 ab
2060 3588 2209 3642 omni
2234 3587 2457 3659 private

1421 3673 1679 3745 potentiae
1712 3671 1969 3744 cupidine
1998 3681 2233 3722 mentem
2262 3685 2457 3737 puram

1421 3755 1643 3807 haberet
1656 3791 1673 3820 ,
1704 3753 1749 3806 is
1776 3752 1913 3804 mihi
1947 3750 2125 3802 minus
2157 3746 2456 3819 culpandus

1421 3833 1661 3898 videtur,
1676 3832 1771 3904 qui
1785 3832 1969 3889 saltem
1992 3848 2085 3884 sua
2105 3842 2259 3902 parte
2286 3829 2452 3900 aequi·

1421 3925 1585 3967 tatem
1614 3914 1863 3966 tuebatur
1877 3949 1895 3976 ,
1934 3922 1989 3964 et
2027 3911 2147 3983 pari
2176 3911 2298 3983 jure
2334 3927 2453 3962 rem

1421 3991 1777 4046 dirimendam
1804 3992 2071 4064 poscebat.

1503 4093 1559 4144 7.
1584 4075 1701 4145 Ipsi.
1728 4071 1851 4127 Scil.
1874 4074 2051 4126 Caesar.
2073 4084 2129 4126 et
2145 4069 2451 4142 Pompeius.

1419 4185 1500 4200 -—
1515 4155 1799 4209 Dimae'ttant.
1819 4156 1981 4208 Recte
1999 4173 2063 4206 ex
2080 4151 2239 4208 codd.
2260 4163 2316 4203 et
2331 4167 2452 4202 nos-

2047 4247 2129 4328 2⁴
