3025 5025
665 483 815 552 DE
871 483 1244 553 BELLO
1299 482 1669 553 CIVILI.
1726 486 1927 557 LIB.
1984 487 2038 555 Ι.

2340 488 2436 586 67

273 631 362 687 ut
421 614 622 687 duces
671 615 1214 687 adversariorum
1267 617 1617 687 occasione
1666 630 1735 685 et
1774 617 2099 689 beneficio
2160 620 2446 695 fortunae

273 724 368 793 ad
406 738 672 795 nostros
711 723 1192 818 opprimendos
1225 738 1617 793 uterentur:
1648 747 1931 817 quarum
1960 726 2255 798 adventu
2288 756 2448 825 prae-
2540 761 2547 771 ·

278 828 448 901 lium
485 830 860 919 dirimitur,
887 855 968 901 ac
995 855 1148 903 suas
1176 844 1458 925 uterque
1493 828 1787 927 legiones
1826 832 2124 903 reducit
2106 860 2175 903 1n
2202 852 2439 909 castra.

387 940 573 1009 XLI.
631 940 738 1009 Eo
781 936 990 1007 biduo
1033 940 1262 1009 Caesar
1303 962 1460 1009 cum
1495 937 1827 1031 equitibus
1870 941 2182 1012 DCCCC
2208 994 2229 1031 ,
2272 969 2442 1065 quos

281 1043 439 1113 sibi¹
485 1044 800 1140 praesidio
857 1043 1252 1139 reliquerat,
1304 1046 1376 1114 in
1417 1059 1635 1115 castra
1690 1046 2013 1140 pervenit.
2060 1050 2280 1136 Pons,
2326 1053 2442 1145 qui

279 1150 502 1221 fiierat
541 1166 942 1272 tempestate
977 1153 1390 1247 interruptus
1412 1204 1432 1239 ‚
1460 1149 1687 1247 paeue'
1726 1164 1872 1245 erat
1899 1152 2226 1225 refectus.
2259 1102 2441 1229 bunc

281 1274 488 1328 noctu
531 1258 772 1353 perfici
801 1258 1018 1353 jussit.
1062 1262 1250 1354 Ipse,
1287 1260 1556 1354 cognita
1597 1257 1903 1329 locorum
1946 1273 2215 1349 natura,
2252 1266 2443 1357 ponti

281 1366 652 1459 castrisque
687 1364 994 1460 praesidio
1039 1390 1154 1435 sex
1195 1366 1506 1436 cohortes
1564 1364 1879 1461 relinquit
1898 1420 1919 1454 ,
1960 1381 2161 1460 atque
2215 1370 2442 1439 omnia

280 1472 800 1567 impedimenta,
843 1488 910 1541 et
945 1486 1218 1567 postero
1253 1472 1362 1541 die
1399 1472 1711 1541 omnibus
1745 1474 1990 1567 copiis,
2036 1473 2326 1568 triplici
2307 1500 2440 1544 ms·

281 1592 500 1648 tructa
535 1580 723 1663 acie,
723 1579 834 1710 3ad
872 1578 1162 1649 Ilerdam
1202 1579 1691 1675 proficiscitur,
1718 1594 1787 1649 et
1818 1579 1945 1648 suh
1981 1582 2212 1649 castris
2246 1581 2443 1651 Afra-

280 1687 364 1753 nii
401 1671 746 1756 constitit3
770 1700 922 1775 :‚et
947 1686 1040 1755 ibi
1075 1685 1442 1783 paullisper
1486 1686 1613 1756 sub
1654 1687 1857 1757 armis
1900 1701 2241 1776 moratuS‚
2284 1687 2445 1761 facit

354 1898 489 1951 Cu.
528 1896 677 1951 XLI.
706 1915 756 1949 1.
798 1896 922 1950 Sibi.
968 1894 1142 1949 codd.
1191 1914 1316 1968 pars

281 1977 506 2031 maxima
523 2014 542 2043 ,
573 1977 718 2029 inter
756 1995 890 2048 quos
928 1988 1109 2029 noster
1140 1975 1315 2047 5764,

281 2056 375 2120 iba}
406 2058 550 2110 male
573 2074 589 2109 τ
615 2070 744 2109 nam
785 2056 958 2109 Caesar
987 2074 1105 2108 suas
1137 2056 1316 2127 copias

279 2156 400 2191 cum
423 2136 596 2189 Fabio
617 2135 970 2209 premiserat,
997 2148 1052 2189 et
1075 2152 1314 2207 nongen-

281 2228 358 2271 tos
373 2230 588 2271 tantum
601 2216 808 2289 equites
824 2216 928 2269 sibi
939 2228 1316 2281 reservaverat,

281 2317 398 2351 cum
425 2296 630 2369 quibus
659 2298 718 2348 in
741 2308 908 2348 castra
929 2296 1190 2367 pervenit.

359 2400 412 2432 2.
451 2378 626 2429 Poene.
659 2376 741 2429 Ita
777 2372 936 2428 codd.
982 2387 1036 2427 at
1067 2374 1282 2446 Vulgat.
1297 2411 1315 2440 ,

281 2476 340 2512 ex
353 2460 664 2529 conjectura
677 2454 948 2509 Ciacconii
959 2493 975 2521 ,
989 2474 1152 2527 neque.
1163 2454 1314 2507 Hanc

279 2557 402 2592 vero
429 2536 677 2609 phrasim
707 2537 1032 2588 ἀνακόλουθον·
1054 2535 1317 2587 existimat

281 2619 562 2672 Davisius:
592 2617 824 2679 etenim,
854 2633 919 2668 ex·
961 2615 1315 2686 grammatica

279 2699 480 2770 legibus
495 2694 606 2750 dici
620 2695 927 2768 oportebat,
935 2707 1131 2766 pontem
1140 2733 1155 2756 ,
1175 2695 1311 2768 qni...

271 2783 472 2848 jussit...
494 2777 608 2830 sive
618 2815 637 2844 ,
647 2796 828 2847 pons...
833 2776 998 2845 jussus
1013 2785 1100 2828 est.
1119 2775 1317 2845 Hujus-

281 2856 426 2912 modi
451 2871 633 2910 tamen
659 2856 1120 2910 constructionum
1136 2873 1314 2908 exem-

281 2940 366 3011 pla
381 2936 530 3012 apud
548 2949 684 3010 optt.
703 2936 909 3006 scriptt.
929 2936 1191 3007 reperias:
1207 2935 1314 2986 Te-

281 3031 412 3072 rent.
443 3018 643 3090 Hecyr.
679 3029 780 3070 act.
811 3033 912 3080 nr,
942 3034 1013 3068 sc.
1041 3034 1092 3083 1,
1113 3035 1164 3068 ν.
1193 3018 1248 3068 6:

283 3107 399 3152 Nam
413 3121 504 3151 nos
523 3119 712 3158 omnes,
726 3102 898 3164 quibus
917 3112 992 3148 est
1002 3100 1218 3148 alicunde
1236 3100 1316 3146 ali-

399 3182 512 3243 quis
527 3181 742 3240 objectus
759 3179 893 3226 labos
903 3211 918 3232 ,

287 3260 431 3306 Omne
461 3256 595 3318 quod
621 3265 694 3302 est
721 3257 902 3302 interea
928 3263 1138 3315 tempus,
1158 3253 1314 3314 prius-

397 3349 544 3395 quam
563 3331 614 3378 id
630 3331 853 3378 rescitum
871 3340 964 3385 est,
981 3331 1116 3375 lucro
1135 3339 1222 3376 est.

288 3422 389 3476 Cic.
417 3441 529 3495 pro·
555 3421 786 3474 Murum.
818 3437 863 3473 c.
899 3437 922 3472 1
936 3439 963 3472 η
987 3419 1217 3472 :Proetor
1243 3421 1316 3470 im-

287 3514 406 3554 terea
421 3540 438 3569 ‚
469 3521 531 3554 ne
555 3502 812 3572 pulchrum
831 3519 882 3551 se
911 3520 972 3550 ac
999 3499 1186 3550 beatum
1214 3518 1311 3568 pu·-

289 3595 428 3645 taret‚
466 3587 516 3634 ei
551 3599 736 3654 quoque
773 3593 963 3632 carmen
1005 3582 1313 3649 compositum

285 3667 363 3716 est.
397 3663 483 3716 Ita
510 3663 732 3714 Plautus
745 3699 762 3726 ‚
781 3661 990 3724 Livius,
1007 3671 1059 3712 et
1082 3659 1171 3711 alii
1194 3677 1314 3731 pas·-

288 3744 392 3796 sim.
428 3741 633 3794 Similis
657 3739 916 3812 loquendi
946 3737 1139 3792 modus
1169 3737 1314 3812 apud

286 3836 515 3878 auctores
545 3839 746 3893 graecos
759 3858 778 3886 ‚
804 3821 1076 3873 AElianum
1095 3839 1315 3891 praeser-

287 3904 373 3957 tim
387 3943 404 3970 ,
435 3903 630 3976 smpius
654 3902 908 3954 occurrit.
939 3898 1068 3954 vid.
1098 3917 1312 3972 quoque

287 3985 507 4050 Lucam,
540 3994 846 4053 act.-apost.
876 3999 992 4048 vu,
1029 3988 1122 4046 40.

363 4067 411 4119 3.
430 4066 680 4119 Constitit.
701 4063 784 4114 Ita
805 4059 984 4125 codd.;
997 4075 1050 4114 at
1061 4058 1184 4114 edd.
1202 4079 1314 4112 con·

288 4148 424 4210 cisti&
439 4159 738 4217 utrumque
755 4143 912 4218 bene.
934 4140 1192 4198 Eamdem
1210 4141 1314 4223 lec-

1403 1896 1565 1950 tionis
1571 1896 1881 1950 varietatem
1895 1895 1952 1947 in
1963 1894 2064 1948 hac
2073 1914 2204 1949 voce
2210 1899 2321 1967 jam
2332 1898 2440 1969 pri·

1404 1974 1530 2029 dem
1555 1974 1820 2043 vidimus;
1848 1989 1902 2028 et
1929 1976 2033 2028 nisi
2062 1976 2250 2047 religio
2277 1976 2436 2032 codd.

1403 2056 1639 2109 obstaret
1659 2095 1676 2122 ,
1722 2054 1937 2109 mallem
1958 2095 1975 2121 ,
2031 2060 2261 2109 consistit.
2322 2058 2440 2111 Hoc

1402 2136 1525 2189 loco
1546 2136 1737 2207 quaerit
1755 2136 2079 2201 Glareanus,
2100 2155 2165 2189 an
2190 2137 2348 2200 citra,
2369 2156 2439 2190 an

1403 2217 1543 2269 ultra
1576 2216 1801 2269 Sicorim
1830 2216 2083 2269 Afranius
2112 2229 2279 2269 castra
2309 2237 2438 2271 con·
2494 2240 2503 2245 ’

1402 2296 1636 2349 stituerit
1653 2315 1763 2361 sua,
1780 2314 1882 2367 qua
1898 2314 1961 2348 ex
1976 2294 2291 2349 difficultate
2299 2316 2439 2351 nova

1403 2375 1504 2428 alia
1532 2375 1731 2438 oritur,
1764 2394 1831 2427 an
1860 2374 2054 2428 Fabius
2084 2388 2252 2427 castra
2278 2388 2440 2430 meta-

1403 2468 1490 2508 tus
1518 2456 1587 2508 sit
1614 2456 1746 2507 citra
1774 2467 1864 2506 aut
1880 2455 2021 2506 infra
2042 2453 2270 2520 flumen,
2302 2468 2355 2509 et
2378 2457 2438 2509 iu

1401 2535 1590 2588 eadem
1619 2548 1771 2605 parte
1808 2553 1913 2604 qua
1945 2535 2214 2588 Afranius.
2249 2535 2438 2592 Paucis

1401 2633 1519 2668 rem
1532 2615 1805 2668 absolvere
1818 2614 2068 2666 conabor.
2095 2632 2117 2666 1
2126 2603 2264 2666 “Suo
2269 2629 2433 2685 ponte,

1403 2715 1540 2768 quom
1563 2695 1741 2766 oppido
1757 2697 2016 2765 castrisque
2032 2695 2333 2763 conjunctum
2354 2697 2441 2746 ha-

1403 2775 1573 2838 hebat,
1599 2775 1851 2826 Afranius
1873 2773 2105 2844 legiones
2126 2773 2329 2828 misisse
2352 2773 2437 2827 di·

1402 2854 1573 2922 citur3
1606 2853 1753 2908 unde
1780 2865 1959 2925 patet,
1986 2867 2155 2908 castra
2196 2853 2399 2925 oppido
2418 2894 2437 2921 ‚

1400 2948 1567 3007 ponte
1590 2935 1896 3006 interject0,
1910 2934 2082 3005 jungi.
2101 2933 2264 2999 Quod
2282 2935 2327 2988 si
2352 2953 2439 2990 eo·

1403 3013 1528 3068 dem
1538 3013 1809 3087 quondam
1820 3015 1941 3068 loeo
1962 3013 2149 3076 Ilerda,
2167 3033 2277 3085 quo
2290 3033 2436 3069 nunc

1401 3096 1607 3159 Lei-ida,
1638 3095 1870 3161 steterit,
1892 3095 1929 3148 i.
1956 3113 2001 3148 e.
2018 3131 2037 3160 ‚
2066 3091 2135 3146 ad
2148 3094 2287 3146 latus
2303 3093 2433 3148 dex-

1401 3187 1579 3242 trum;
1606 3176 1858 3228 Afranius
1897 3179 2045 3236 citra,
2078 3175 2114 3228 i.
2142 3193 2224 3238 e.,
2256 3173 2324 3227 ad
2356 3175 2432 3228 la·

1399 3268 1487 3310 tus
1518 3256 1789 3308 sinistrum
1804 3292 1823 3320 ‚
1855 3267 2023 3307 castra
2066 3265 2293 3307 metatus
2336 3267 2433 3310 est.

1405 3326 1464 3389 2⁰
1507 3334 1671 3402 Quod
1710 3333 1779 3388 ad
1816 3334 2043 3386 Fabium
2084 3345 2316 3403 spectat3
2344 3335 2435 3388 ille

1399 3415 1538 3470 duos
1556 3430 1748 3488 pontes
1762 3433 1930 3486 quum
1948 3413 2135 3466 fecerit
2150 3408 2172 3476 (
2187 3411 2297 3466 vid.
2314 3431 2429 3486 cap.

1399 3494 1628 3568 praeced.
1650 3494 1673 3559 )
1702 3496 1899 3566 quibus
1916 3494 2097 3564 copias
2120 3493 2434 3564 pabulatum

1401 3578 1535 3629 ultra
1564 3576 1790 3630 Sicorim
1814 3574 2076 3636 mitteret,
2102 3574 2433 3645 consumptis

1401 3675 1523 3729 quae
1552 3660 1675 3708 citra
1705 3667 1885 3719 erant,
1915 3653 2162 3728 pabulis3
2190 3649 2281 3704 ille
2308 3657 2433 3710 citra

1399 3749 1541 3793 stare
1568 3735 1785 3801 debuit,
1804 3748 1859 3788 et
1872 3732 2115 3788 eamdem
2136 3729 2202 3783 ad
2225 3732 2429 3804 ripam,

1401 3837 1505 3890 qua
1529 3817 1699 3870 stabat
1719 3815 1986 3868 Afranius.
2014 3803 2073 3865 3⁰
2092 3809 2309 3865 Duabus
2328 3813 2371 3866 F
2373 3833 2429 3866 a

1397 3898 1477 3950 bii
1494 3896 1797 3968 legionibus
1820 3894 1960 3946 ultra
1985 3905 2207 3965 pontem
2226 3893 2433 3960 missis,

1397 3996 1536 4049 pons
1579 3985 1889 4046 tempestate
1929 3975 2243 4045 rumpitur·
2228 4015 2242 4027 .
2273 3975 2432 4030 QAcra

1398 4058 1522 4110 nius
1541 4057 1775 4131 legiones
1791 4073 1849 4109 lv
1872 4073 1969 4110 suo
1988 4067 2153 4126 ponte
2170 4054 2431 4108 continuo

1397 4138 1675 4212 transjicit.
1707 4137 1850 4208 Ergo
1878 4133 1991 4190 dux
2025 4147 2249 4206 uterque
2280 4135 2431 4192 littus

1884 4241 2061 4314 ,5²
