3025 5025
689 460 834 527 DE
889 458 1239 531 BELLO
1294 461 1663 531 CIVILI.
1721 466 1913 535 LIB.
1966 466 2021 535 Ι.

2346 494 2439 571 19

299 594 470 688 cujus
511 594 655 688 ipse
694 593 943 664 honori
987 607 1054 663 et
1101 592 1410 725 dignitati
1453 618 1721 690 semper
1760 596 1999 668 faverit
2044 601 2443 702 adjutorque

299 700 498 769 fixerit.
535 701 867 770 Novum
850 725 922 769 m
955 686 1342 795 republica³
1379 702 1837 772 introductum
1874 708 2252 849 exemplum
2281 736 2443 809 que-

300 809 502 891 ritur,
553 820 632 879 ut
689 807 1036 879 tribunitia
1093 809 1481 879 intercessio
1536 811 1737 879 armis
1802 804 2199 885 notaretur⁴
2242 834 2445 955 atque

299 916 828 1010 opprimeretur,
869 938 1020 1008 quae
1071 915 1523 1009 superioribus
1578 917 1771 986 annis
1831 935 2005 989 esset
2057 914 2422 997 restituta⁵

299 1020 576 1111 Sullam,
598 1021 857 1092 nudata
879 1022 1196 1093 ominbus
1221 1022 1422 1093 rebus
1449 1023 1795 1093 tribunitia
1826 1041 2185 1121 potestate,
2218 984 2446 1104 tamesi

299 1131 830 1203 intercessionem
881 1128 1160 1200 liberam
1210 1128 1588 1262 reliquisse.
1619 1134 2046 1229 Pompeium,
2086 1140 2199 1231 qui
2251 1143 2449 1211 amis·

301 1260 433 1307 sam
469 1238 840 1307 restituisse
877 1236 1216 1325 videatur,
1262 1223 1490 1307 (Ιοιιειὅ
1530 1240 1766 1324 etiam,
1810 1266 1961 1335 quae
2006 1257 2159 1311 ante
2198 1246 2450 1317 habue-

299 1346 406 1426 rit,
445 1344 788 1413 ademisse.
834 1346 1408 1440 Quotiescumque
1451 1347 1537 1415 sit
1572 1346 1951 1435 decretum,
1988 1372 2279 1423 nsnmu·
2311 1378 2451 1425 ΜΛ-

301 1473 691 1523 GISTRATUS-
748 1474 1084 1541 orum,
1125 1475 1219 1523 ιτιι
1274 1476 1454 1536 Quin
1483 1522 1486 1526 ,
1511 1476 1947 1525 unsrunch
2008 1480 2457 1532 DETRIMERTI

305 1578 659 1629 CAPERET·
642 1612 667 1647 ‚
689 1550 717 1645 (
743 1582 877 1653 qua
917 1584 1086 1629 voee
1127 1572 1196 1628 et
1245 1586 1380 1681 quo
1427 1562 1494 1630 S.
1536 1563 1613 1630 C.
1666 1562 1957 1681 populus
2008 1588 2327 1637 romanus
2371 1568 2457 1636 ad

303 1686 480 1731 arma
525 1666 612 1733 sit
652 1661 987 1750 vocatus)
1027 1666 1279 1735 factum
1331 1669 1402 1736 in
1450 1670 1839 1762 perniciosis
1886 1669 2189 1765 legibus⁷

2212 1676 2459 1762 ‚invi

305 1757 687 1841 tribunitia⁸
691 1774 811 1860 ‚in
855 1776 1223 1843 secessione
1267 1774 1532 1869 populi,
1578 1775 1845 1871 templis
1890 1775 2185 1873 locisque
2224 1780 2459 1850 editio-
2512 1839 2518 1844 .

309 1878 482 1949 ribus
531 1878 928 1975 occupatis⁹

311 2146 416 2180 non
447 2124 587 2177 male
622 2137 769 2178 certe
783 2162 800 2189 ,
832 2120 926 2177 sed
957 2122 1072 2175 sine
1112 2122 1342 2176 auctori·

311 2218 411 2261 tate
442 2218 496 2259 et
527 2204 871 2269 necessitat03
897 2222 1023 2255 nam
1060 2204 1307 2255 diductum
1323 2242 1340 2265 ,

313 2306 400 2341 seu
435 2286 718 2347 dedictum,
755 2296 817 2337 ut
859 2284 1080 2355 plurimi
1113 2285 1344 2349 habent,

314 2385 455 2439 aeque
505 2366 836 2420 concinnum
884 2376 938 2415 et
983 2364 1192 2435 elegans
1243 2375 1343 2417 est.

317 2446 497 2503 Horat.
528 2446 567 2499 l.
597 2463 670 2499 111
688 2484 705 2511 ,
731 2444 820 2497 od.
846 2462 930 2509 tx,
953 2462 1021 2514 17
1039 2462 1056 2495 :

404 2534 558 2592 Quid,
581 2534 622 2578 si
642 2533 850 2594 priscar
825 2530 949 2578 redit
971 2532 1160 2584 Venus,

404 2606 462 2652 D
451 2605 768 2667 iductosque
749 2619 868 2664 jugo
892 2603 1019 2664 cogit
1040 2603 1218 2648 aheneo
1233 2603 1255 2646 ἰ’

317 2691 403 2744 alii
438 2690 643 2742 habent
677 2687 946 2748 inductum,
991 2683 1138 2756 quod
1177 2685 1351 2755 placet

321 2771 603 2823 Hotmano.

399 2851 452 2905 3.
481 2847 764 2920 Republica.
793 2843 929 2898 cod.
953 2845 1132 2897 Petav.
1163 2863 1352 2914 rempu-

322 2931 505 2992 blicam,
524 2927 716 2982 melius
734 2927 892 2991 forte,
904 2937 1126 2996 propter
1145 2935 1354 2977 motum

325 3011 412 3084 qui
433 3009 754 3082 exprimitur
779 3007 946 3058 verbo
983 3005 1322 3056 introductum.

405 3099 458 3156 4.
487 3089 660 3143 Armis
691 3097 956 3138 notar-etur.
990 3086 1226 3138 Potestas
1257 3085 1354 3136 tri-

325 3171 530 3224 bunitia
537 3186 810 3222 armorum
821 3166 874 3219 vi
883 3182 1133 3237 oppressa
1143 3203 1159 3228 ‚
1174 3176 1356 3216 notam

329 3265 378 3306 et
393 3253 570 3305 lahem
590 3247 798 3320 injuriae
813 3246 964 3318 quasi
982 3247 1214 3298 inustam
1233 3263 1358 3296 con-

326 3332 550 3403 ciperet,
583 3325 850 3400 siquidem
879 3327 938 3378 in
980 3344 1182 3378 vanum
1221 3324 1357 3377 reci·

329 3407 476 3464 deret
503 3411 854 3464 tribunorum
877 3406 1210 3466 intercessio,
1241 3423 1359 3476 quae

331 3510 538 3563 semper
565 3501 718 3542 antea
746 3489 930 3540 Romae
957 3477 1254 3558 plurimum
1275 3503 1362 3538 va-

329 3571 444 3624 luit.

412 3651 464 3704 5.
489 3650 657 3706 Annis
683 3661 806 3702 esset
834 3649 1071 3700 restituta.
1105 3633 1369 3710 Quamvis*

333 3730 484 3786 codd.
528 3742 583 3784 et
624 3729 752 3784 edd.
785 3729 974 3800 prisea
1012 3727 1215 3786 ferant,
1255 3743 1362 3796 quoe

334 3812 649 3884 superioribus
663 3814 819 3872 annis,
830 3812 978 3860 armis
991 3819 1113 3859 esset
1125 3809 1329 3858 restitut.
1342 3825 1362 3865 ,-

337 3904 510 3948 tamen
548 3895 608 3946 τὸ
657 3893 805 3942 amis
837 3885 1126 3941 delendum
1157 3887 1364 3940 censui-

338 3992 450 4026 mus
474 3992 486 4025 :
506 3991 635 4025 nam
657 3970 947 4042 Pompeius
968 3969 1082 4040 lege
1097 4005 1114 4033 ‚
1135 3983 1250 4019 non
1281 3985 1364 4018 ar-

339 4059 422 4104 mis
433 4051 773 4106 tribunitiam
790 4060 1105 4121 potestatem
1115 4047 1366 4112 restituit,

342 4145 398 4186 ut
413 4145 636 4187 testatur
649 4131 856 4184 Plut.in
876 4130 1094 4206 Pomp-5
1105 4125 1253 4182 unde
1263 4145 1370 4200 mas

968 1906 984 1949 τ
1043 1896 1242 1976 atque
1284 1883 1428 1951 haec
1487 1884 1849 1977 superioris
1902 1888 2111 1955 aetatis
2160 1887 2467 1983 exempla

1431 2143 1593 2195 gnam
1645 2143 1729 2196 ap.
1784 2126 2049 2197 populum
2098 2130 2469 2183 &uetustatem

1433 2206 1536 2259 sibi
1584 2205 1891 2259 conciliasse
1940 2206 2157 2261 dicitur.
2208 2209 2471 2265 Contom

1433 2285 1571 2337 mihi
1594 2284 1810 2339 videtur
1832 2289 2093 2345 sententia
2112 2288 2469 2362 Oudendorp.

1435 2363 1661 2419 dicentis
1679 2404 1697 2430 ,
1742 2367 2062 2439 Pompei-um
2110 2382 2165 2421 et
2218 2369 2472 2423 Crassum

1437 2444 1585 2497 Coss.
1625 2458 1757 2500 tunc
1797 2446 2043 2499 habuisse
2080 2449 2472 2520 rempublicam

1436 2525 1589 2596 quasi
1610 2526 1771 2579 armis
1790 2527 2111 2596 subjectam,
2136 2541 2191 2579 et
2210 2529 2473 2582 Caesarem

1436 2603 1553 2656 haec
1565 2598 1924 2675 innuisse'quo
1942 2609 2200 2676 majorem
2214 2607 2475 2662 invidiam

1438 2683 1697 2756 Pompeio
1720 2683 1993 2738 conflaret.
2020 2685 2171 2740 Nihil
2194 2687 2341 2739 aliud
2364 2690 2477 2743 Cn-

1439 2783 1525 2816 sar
1549 2762 1712 2829 dicit,
1740 2763 1845 2816 nisi
1874 2766 2208 2819 tribunatum
2238 2787 2335 2820 suo
2354 2773 2475 2840 jure
2524 2828 2529 2832 ,

1439 2841 1705 2896 nudatum
1723 2845 1823 2896 suh
1847 2844 1990 2914 Sylla
2002 2885 2015 2912 ‚
2040 2845 2227 2900 decem
2244 2861 2369 2919 post
2386 2868 2475 2902 an-

1440 2943 1571 2989 nos,
1595 2925 2006 2994 recuperavisse.

1526 3007 1579 3057 6.
1612 3006 1779 3057 Dona.
1820 3005 1963 3056 Male
2000 3007 2249 3060 nonnulli
2288 3009 2478 3081 legunt

1443 3083 1603 3137 bona.-
1622 3083 1769 3136 done·
1802 3097 1928 3138 sunt
1970 3089 2334 3158 prmogativae
2375 3108 2477 3161 po·

1441 3165 1620 3218 testati
1652 3165 1947 3219 tribunitiae
1988 3183 2262 3221 concesse.
2290 3169 2479 3240 Itaque

1441 3244 1731 3314 Pompeius
1770 3245 1861 3297 ille
1875 3284 1892 3311 ,
1920 3245 2083 3316 mag-is
2113 3248 2345 3300 tribunis
2390 3250 2475 3300 in-

1445 3326 1625 3378 fensus
1644 3325 1759 3378 fuit
1792 3343 1956 3396 quam
1994 3326 2139 3398 Sylla
2168 3328 2263 3398 qni
2300 3341 2479 3381 tamen

1446 3406 1879 3458 intercessionem
1918 3406 2143 3459 liberam
2182 3408 2421 3478 reliq-uit.
2458 3465 2461 3469 ,

1532 3504 1585 3556 7.
1635 3485 1698 3537 In
1737 3489 2021 3556 perniciosis
2066 3487 2263 3555 legibus.
2314 3487 2484 3541 Sicuti

1448 3565 1617 3618 Cassii
1647 3578 1701 3618 et
1730 3566 2116 3620 Gracchorum.

1529 3649 1578 3699 8.
1601 3647 1665 3698 In
1690 3650 1737 3698 vi
1758 3647 2025 3698 tribunitia.
2044 3647 2211 3716 Cujus
2224 3647 2483 3700 nonnulla

1451 3739 1577 3778 sunt
1605 3728 1845 3797 exempla
1882 3745 1967 3797 ap.
2008 3725 2125 3779 Liv.
2168 3738 2222 3778 et
2256 3727 2479 3800 Dionys,

1449 3805 1719 3859 Halicarn.
1752 3835 1835 3848 --
1866 3807 1928 3856 In
1976 3809 2247 3860 secession.
2298 3808 2485 3860 Veluti

1453 3903 1623 3956 quum
1648 3887 1797 3956 plebs
1838 3887 2047 3939 secessit
2070 3906 2103 3939 a
2132 3888 2400 3959 patribus,
2430 3901 2484 3940 et

1453 3979 1694 4020 montem
1712 3965 2039 4020 Aventinum
2064 3969 2361 4039 occupavit.

1540 4067 1593 4116 9.
1620 4048 1827 4117 Terqocis
1842 4051 2102 4118 occupatis.
2119 4048 2197 4102 Ut
2212 4049 2483 4104 Gracchus

1456 4128 1554 4200 qui
1570 4127 1837 4199 Capitolio
1849 4128 2050 4200 potitus
2072 4141 2165 4182 est.

2032 4232 2119 4304 2²
