3025 5025
684 499 836 574 356
1487 499 1627 570 DE
1680 501 2025 570 BELLO

657 638 846 706 cibus
890 636 1353 721 continentur,
1389 649 1697 730 tectaque
1732 649 1889 703 sunt
1932 632 2171 702 rudere
2188 686 2209 719 ,
2244 647 2363 700 aut
2400 633 2789 728 pavimentis.

658 745 884 814 Caesar
919 743 1206 812 maxime
1239 741 1547 811 studebat
1566 795 1584 828 ,
1616 755 1693 810 ut
1706 794 1726 827 ,
1752 765 1953 836 quam
1983 740 2521 834 angustissimam
2554 753 2796 834 partem

655 849 884 945 oppidi
925 847 1116 944 palus
1157 873 1198 916 a
1234 847 1508 917 meridie
1559 847 1907 940 interjecta
1957 845 2288 916 efficiebat
2307 899 2328 932 ,
2366 845 2545 914 hane
2586 845 2795 940 operi-

655 955 783 1024 bus
838 957 1176 1048 vineisque
1233 954 1506 1050 agendis
1550 954 1635 1022 ab
1697 951 1950 1048 reliqua
2010 966 2199 1048 parte
2258 952 2445 1020 urbis
2502 951 2799 1021 exclude-

661 1076 804 1129 ret:
845 1058 1007 1130 illud
1048 1075 1354 1155 spectans
1379 1046 1427 1146 ⁵,
1469 1061 1763 1155 primum
1782 1113 1803 1146 ,
1860 1073 1939 1127 ut
1961 1113 1981 1143 ‚
2028 1083 2239 1152 quum
2298 1073 2475 1127 esset
2529 1059 2600 1126 in
2650 1058 2800 1127 du‘as

655 1181 880 1263 partes
916 1167 1078 1236 urbs
1123 1167 1334 1235 divisa
1353 1221 1373 1253 ,
1416 1167 1592 1235 acies
1628 1190 1767 1234 uno
1804 1164 2081 1234 consilio
2124 1179 2327 1258 atque
2370 1166 2658 1259 imperio
2700 1163 2797 1232 ad-

657 1275 1182 1359 ministraretur;
1233 1272 1474 1341 deinde
1500 1325 1520 1360 ,
1578 1286 1655 1341 ut
1710 1270 2167 1340 laborantibus
2228 1273 2567 1356 succurri,
2622 1285 2801 1364 atque

657 1404 741 1448 ex
781 1379 992 1448 altera
1022 1379 1252 1475 oppidi
1290 1394 1479 1475 parte
1538 1376 1854 1450 auxilium·
1918 1375 2077 1445 ferri
2127 1392 2401 1472 posset3
2447 1378 2519 1444 in
2586 1377 2797 1472 primis

659 1510 851 1572 ver0,
895 1499 972 1554 ut
1005 1510 1179 1579 aqua
1221 1483 1603 1580 pabuloque
1639 1484 2009 1552 abundaret
2038 1508 2365 1578 :quarum
2413 1482 2687 1552 alterius
2716 1484 2797 1550 rei

659 1593 923 1686 copiam
962 1594 1304 1686 exiguam,
1341 1591 1609 1660 alterius
1636 1590 1901 1658 'nullam
1943 1591 2219 1658 omnino
2259 1589 2651 1658 facultatem
2694 1589 2795 1658 ha·

659 1698 864 1767 bebat
899 1723 914 1764 :
962 1697 1145 1792 quod
1185 1712 1547 1791 utrumque
1591 1695 1782 1791 palus
1822 1695 2005 1791 large
2042 1697 2341 1790 praebere
2388 1710 2672 1790 poterat.

765 1807 855 1872 ΙΙ.
901 1805 1140 1898 Neque
1175 1827 1338 1871 vero
1373 1801 1837 1872 Alexandrinis
1862 1805 1931 1872 in
1958 1802 2265 1896 gerendis
2290 1804 2577 1898 negotiis
2614 1827 2800 1872 cunc·

660 1912 828 1980 tatio
870 1907 1005 1978 ulla
1045 1924 1163 1977 aut
1203 1933 1396 1978 mora
1435 1909 1865 1978 inferebatur.
1925 1911 2105 1978 Nam
2146 1911 2219 1977 in
2256 1933 2491 1979 omnes
2547 1923 2763 2004 partes
2784 1963 2803 1996 ,

657 2041 782 2111 per
807 2039 972 2110 quas
1007 2016 1173 2084 fines
1213 2017 1506 2109 AEgyptii
1534 2012 1969 2110 regnumque¹
2010 2016 2301 2110 pertinet
2314 2069 2335 2103 ,
2366 2014 2624 2110 legatos
2656 2041 2803 2084 con-

662 2124 1144 2216 quisitoresque
1186 2119 1463 2190 dilectus
1497 2121 1790 2191 habendi
1826 2145 2027 2191 eausa
2068 2122 2419 2209 miserant,
2456 2145 2805 2216 magnum·-

664 2253 794 2322 que
851 2251 1206 2296 numerum
1243 2229 1312 2296 in
1351 2227 1677 2322 oppidum
1730 2227 2017 2298 telorum
2072 2241 2273 2321 atque
2325 2242 2809 2298 tormentorum

665 2349 1146 2422 convexerant,
1175 2348 1243 2402 et
1270 2333 1823 2404 innumerabilem
1850 2332 2345 2404 multitudinem
2380 2334 2808 2404 adduxerant.

663 2443 810 2511 Nec
841 2442 1059 2511 minus
1085 2441 1156 2509 in
1184 2441 1355 2509 urbe·
1388 2441 1691 2511 maximae
1724 2465 2069 2511 armorum
2100 2455 2294 2511 erant
2318 2443 2639 2511 institutae
2665 2440 2814 2511 offi-
2930 2451 2932 2464 '

667 2551 852 2619 cinae.
879 2550 1119 2617 Servos
1155 2562 1476 2643 praeterea
1497 2548 1785 2641 puberes
1814 2563 2240 2617 armaverant
2253 2602 2273 2635 ,
2303 2548 2549 2642 quibus
2574 2548 2818 2617 domini

669 2654 1133 2749 locupletiores
1179 2655 1434 2726 victum
1477 2652 1939 2749 quotidianum
1982 2652 2521 2748 stipendiumque
2568 2655 2819 2749 praebe-
2927 2698 2930 2776 ἐ

671 2905 732 2937 ac
761 2889 980 2937 materia.
1009 2883 1344 2955 contignata
1393 2885 1588 2937 nabes.
1624 2884 1703 2937 Μ.

673 2963 1034 3016 -Structuris.
1058 2961 1195 3017 Cod.
1211 2962 1362 3017 Leid.
1384 2984 1470 3035 pr.
1487 2968 1702 3037 iaso-1105

675 3047 811 3096 turis.
845 3042 1003 3095 Male.
1035 3042 1322 3095 For-uicibus
1347 3042 1553 3095 Structi
1588 3044 1701 3095 for·

611 3140 618 3145 ·
677 3123 839 3176 nicea.
880 3122 1253 3174 M.--Rudere
1278 3134 1369 3173 aut
1395 3117 1531 3186 (an,
1559 3134 1612 3174 et
1634 3119 1704 3187 P)

676 3205 975 3273 pavimentis.
996 3200 1236 3269 Radere,
1265 3200 1414 3273 quod
1443 3214 1527 3254 est
1552 3202 1705 3273 pavi-

681 3294 926 3335 mentum
940 3319 957 3346 ,
991 3298 1022 3332 e
1061 3298 1171 3351 quo
1213 3282 1276 3333 fit
1321 3282 1705 3352 pavimentum.

689 3361 860 3413 Rudm
911 3359 1172 3430 significat
1223 3370 1379 3412 testas
1397 3398 1414 3425 ,
1464 3360 1675 3431 lapillos
1699 3400 1716 3427 ,

686 3442 949 3511 aliamque
996 3457 1270 3491 arenosam
1321 3452 1374 3491 et
1420 3440 1711 3510 glareosam

689 3521 965 3573 materiam
975 3517 1260 3582 concisam,
1267 3530 1563 3584 contusam,
1572 3538 1714 3573 com·

691 3600 982 3663 minutam,
1007 3614 1126 3669 quae
1145 3598 1286 3651 ealce
1315 3610 1369 3650 et
1391 3616 1526 3669 aqua
1543 3599 1714 3651 affusa

693 3681 946 3731 miscetur
962 3679 1021 3729 in
1039 3696 1279 3730 massam.
1309 3677 1462 3731 Hanc
1485 3696 1715 3731 massam

693 3756 960 3830 paviendo
989 3756 1324 3810 consolidant
1341 3776 1359 3822 ς
1375 3759 1450 3811 ita
1474 3758 1541 3809 fit
1566 3776 1599 3810 e
1627 3776 1716 3809 rn-

695 3837 824 3891 dere
873 3836 1254 3909 pavimentum.
1293 3838 1372 3889 Ex
1431 3837 1533 3890 bae
1588 3856 1714 3907 ergo

695 3936 864 3969 massa
905 3914 1232 3969 consolidata
1269 3916 1488 3969 fuerunt
1518 3914 1716 3969 odium

699 4008 850 4049 tecta.
861 3984 991 4047 vid.
1012 3994 1072 4047 Β.
1089 3994 1179 4063 Η.,
1196 4013 1242 4047 c.
1269 3996 1323 4047 8.
1345 3996 1558 4049 Vin-nv.
1573 4034 1589 4062 ‚
1612 4012 1715 4060 vn,

709 4093 756 4126 1.
773 4075 1006 4128 Ceteros
1021 4075 1168 4127 locos
1193 4074 1460 4128 Gesner-1⁸
1481 4077 1539 4127 in
1556 4076 1723 4131 Thes.

700 4154 762 4206 1..
809 4154 872 4206 L.
923 4150 1320 4223 diligentissime
1363 4154 1595 4226 collegit.
1648 4154 1723 4207 M.

1794 2882 1925 2937 Vid.
1957 2882 2187 2948 Pauad„
2216 2902 2269 2951 1,
2294 2903 2359 2953 9,
2386 2896 2441 2937 et
2472 2885 2607 2939 alios
2634 2881 2815 2955 quide
2925 2830 2928 2853 1

1796 2964 2149 3017 architectura
2174 2965 2525 3035 scripserunt.

1880 3042 1932 3095 5.
1958 3041 2211 3114 Spectans.
2249 3044 2457 3114 Vulgo,
2478 3063 2703 3114 sperans.
2732 3040 2825 3097 Sed

1794 3120 1955 3175 codd.
1974 3135 2027 3175 et
2044 3120 2169 3175 edd.
2184 3134 2336 3189 vett„
2354 3135 2637 3195 asspectum
2646 3144 2670 3185 ‚·
2690 3120 2826 3175 unde

1796 3202 2024 3254 Ursinus
2044 3204 2183 3254 bene
2207 3215 2456 3274 spectans,
2474 3214 2538 3255 nt
2556 3204 2619 3256 Β.
2638 3203 2709 3256 C.
2740 3219 2828 3268 m,

1800 3281 1894 3335 85.
1919 3280 2094 3335 Codd.
2125 3283 2299 3335 nostri
2315 3320 2333 3347 ,
2354 3296 2653 3353 exspectans.

1879 3362 2009 3415 Car.
2030 3362 2104 3413 II.
2122 3379 2163 3415 1.
2184 3362 2341 3414 Fines
2350 3362 2596 3433 «Ἐς-γρηῒ
2608 3380 2827 3431 regnu*

1798 3458 1904 3513 qne.
1934 3440 2095 3492 Fines
2124 3442 2297 3513 Regni
2318 3443 2581 3514 AEgyptii.
2608 3442 2829 3503 fluuii,
2922 3438 2924 3443 ’

1800 3520 2041 3591 AEgypti.
2062 3520 2167 3573 On.
2186 3522 2517 3575 —Pertiaet.
2538 3522 2687 3575 Bene
2704 3524 2775 3574 ita
2788 3530 2833 3573 et
2922 3580 2924 3583 Α

1799 3599 1863 3651 Β.
1879 3599 1970 3666 G„
1988 3606 2022 3663 4
2036 3637 2052 3665 ,
2076 3616 2101 3651 1
2116 3618 2167 3665 13
2180 3600 2340 3654 codd.
2356 3600 2606 3673 quidam,
2616 3604 2827 3668 fecisset,

1800 3679 1897 3731 ubi
1924 3680 2093 3749 vulgo
2112 3682 2360 3746 ficissent.
2384 3679 2517 3733 vid.
2556 3693 2743 3733 notam
2770 3678 2831 3732 ad

1800 3776 1849 3810 e.
1878 3776 1929 3823 1,
1962 3778 2014 3811 2.
2032 3759 2139 3810 On.
2156 3790 2239 3803 —-
2253 3760 2633 3831 Conquisitores.
2650 3761 2739 3814 Ita
2756 3758 2831 3812 di·

1802 3838 2065 3890 cebantur
2095 3840 2191 3909 qui
2217 3852 2341 3891 ante
2368 3838 2629 3892 dilectum
2660 3840 2828 3891 mitte-

1802 3918 2006 3970 bantur
2026 3958 2043 3985 ,
2068 3931 2131 3970 ut
2158 3917 2535 3989 designarent,
2568 3920 2655 3991 vel
2685 3937 2830 3972 voct—

1802 4009 1933 4049 rent
1960 3998 2172 4050 milites.
2194 3999 2697 4051 -Immmembilen
2722 3997 2830 4049 nul·

1817 4076 2080 4129 titudinem.
2112 4076 2410 4151 Hominum
2424 4116 2442 4144 ,
2471 4098 2569 4132 seu
2586 4078 2833 4140 militm&

1816 4168 2144 4209 monuerunt
2170 4158 2417 4211 Ciaccon.
2446 4170 2503 4211 et
2528 4158 2709 4213 Davis.
2740 4156 2807 4209 Μ,
