3025 5025
988 472 1599 543 *AFRICANQ
2221 474 2370 561 463

226 598 519 692 praemiis
553 594 1269 692 pollicitationibusque
1298 596 1661 716 propositis
1675 648 1696 684 ,
1719 616 1848 691 pro
1878 596 2172 691 perfugis
2219 624 2376 696 spe·-

226 703 500 775 culandi
560 705 775 797 gratia
818 704 889 769 in
934 705 1213 773 Caesaris
1258 718 1476 773 castra
1532 704 1828 773 mittunt.
1863 702 2009 791 Qui
2055 704 2248 775 simul
2293 708 2378 776 ad

227 836 389 879 eum
432 823 587 882 sunt
619 808 891 880 deducti
914 859 935 897 ‚
958 812 1336 905 petierunt,
1370 824 1451 879 ut
1482 811 1610 879 sibi
1642 809 1874 879 liceret
1905 810 2044 879 sine
2081 812 2378 905 periculo

228 918 445 987 verba
470 914 794 1011 proloqui.
825 918 1159 987 potestate
1184 914 1423 1002 facts,
1462 945 1499 981 α
1531 937 2022 1011 stepenumero,
2043 918 2379 1011 inquiunt,
2435 1008 2440 1014 .

226 1026 629 1126 imperator,
652 1021 1033 1116 complures
1056 1022 1329 1110 Gaetuli,
1348 1026 1463 1116 qui
1488 1046 1718 1093 sumus
1743 1021 2016 1093 clientes
2039 1025 2116 1093 C.
2151 1026 2382 1115 Marii,

223 1143 297 1199 et
336 1129 824 1224 propemodum
864 1154 1097 1199 omnes
1140 1132 1323 1199 cives
1363 1130 1624 1199 romani
1641 1182 1662 1218 ,
1691 1130 1806 1223 qui
1845 1144 2004 1199 sunt
2023 1130 2095 1199 in
2121 1129 2379 1225 legione

228 1238 408 1307 IVet
446 1238 545 1307 VI
562 1289 586 1322 ,
628 1235 717 1305 ad
760 1249 827 1305 te
868 1234 1201 1305 voluimus
1242 1237 1311 1305 in
1354 1250 1600 1329 tuaque
1637 1234 1940 1330 presidia
1981 1236 2378 1331 confliget-Q

229 1342 355 1411 sed
391 1341 705 1411 custodiis
752 1343 1055 1435 equitum
1096 1342 1584 1429 Numidarum,
1621 1367 1758 1437 quo
1802 1342 1872 1411 id
1907 1344 2046 1411 sinc
2081 1343 2378 1438 periculo

230 1450 457 1517 minus
496 1447 904 1533 faceremuS‚
946 1447 1493 1567 impediebamur.
1533 1450 1785 1535 Nunc,
1835 1448 1994 1517 data
2035 1448 2379 1537 facultate,

228 1578 363 1650 pro
406 1552 937 1648 speculatoribus
977 1556 1156 1623 missi
1197 1578 1239 1621 a
1276 1540 1631 1648 Scipione³
1635 1604 1654 1642 ,
1703 1502 1790 1625 ad
1837 1567 1904 1623 te
1958 1556 2378 1651 cupidissime

229 1662 543 1731 venimus
558 1709 587 1743 ,
615 1673 693 1729 ut
734 1663 1295 1755 perspiceremus,
1330 1686 1494 1729 num
1535 1686 1684 1755 quae
1736 1660 1928 1731 fossoe
1973 1677 2090 1731 aut
2128 1663 2380 1733 insidioe

226 1767 608 1861 elephantis
636 1776 791 1835 ante
820 1782 1039 1835 castra
1068 1781 1429 1862 portasque
1457 1766 1614 1835 valli
1649 1766 1841 1837 factae
1873 1784 2092 1837 essent
2107 1822 2126 1857 ,
2155 1768 2380 1839 simul-

227 1898 367 1969 que
404 1872 675 1942 consilia
696 1888 917 1943 vestra
943 1887 1179 1943 contra
1210 1873 1476 1944 easdem
1510 1874 1754 1943 bestias
1789 1876 2384 1970 comparationem-

228 2004 369 2075 que
431 2003 673 2074 pugnae
726 2002 1326 2074 cognosceremus,
1366 1994 1568 2075 atque
1621 1983 1682 2049 ei
1741 1982 2291 2054 renuntiaremus.
2337 2010 2375 2049 ι)

230 2088 381 2175 Qui
406 2084 763 2155 collaudati
790 2108 833 2155 a
859 2088 1153 2174 Caesam,
1180 2087 1642 2181 stipendioque
1681 2088 1939 2177 donati,
1973 2088 2060 2158 ad
2094 2089 2383 2185 reliquos

231 2192 559 2288 perfugas
586 2190 1027 2261 deducuntur.
1060 2194 1373 2281 Quorum
1402 2195 1774 2264 orationem
1805 2193 2108 2265 celeriter
2137 2198 2384 2268 veritas

232 2284 775 2392 comprobavit:
806 2322 1094 2393 namque
1130 2313 1401 2393 postero
1426 2300 1536 2369 die
1565 2324 1647 2369 ex
1675 2300 2096 2394 legionibus
2077 2304 2155 2371 iis
2176 2324 2384 2396 ‚quas

234 2402 493 2477 Goetuli
538 2406 1081 2494 nominaverunt,
1108 2403 1347 2475 milites
1390 2404 1736 2501 legionarii
1771 2406 2152 2502 complures
2177 2432 2220 2476 a
2247 2410 2383 2478 Sci

236 2515 449 2608 pione
490 2513 559 2580 in
601 2527 819 2582 castra
852 2513 1133 2582 Coesaris
1170 2512 1626 2608 pei-fugerunt.

350 2620 677 2689 XXXVI.
734 2621 917 2688 Dum
952 2619 1097 2690 haec
1124 2619 1208 2689 ad
1236 2621 1618 2714 Ruspinam·
1641 2634 2000 2714 genmtur,
2021 2622 2120 2688 M.
2157 2620 2387 2710 (ἔθεθ’,

234 2727 362 2820 qui
406 2726 624 2794 Uticae
663 2739 945 2820 praeerat
960 2779 981 2812 ,
1005 2725 1283 2796 dilectus
1322 2726 1616 2822 quotidie
1658 2724 2121 2796 libertinorum
2142 2778 2162 2813 ,
2189 2726 2386 2797 Afro-

240 2857 430 2916 rum,
470 2854 817 2901 servorum
864 2831 1182 2928 denique,
1226 2847 1295 2902 et
1334 2832 1836 2926 cujusquemodi
1879 2834 2141 2926 generis
2161 2833 2388 2902 homi·
2427 2825 2435 2844 ¹

242 2965 414 3008 num
434 2991 454 3026 ,
478 2939 592 3031 qui
618 2937 821 3006 modo
846 2962 969 3032 per
1008 2953 1269 3008 aetatem
1297 2955 1484 3008 arma
1522 2939 1696 3008 ferre
1722 2953 2062 3034 poterant,
2096 2939 2344 3010 habere
2369 2995 2390 3031 ,

240 3059 451 3138 atque
491 3043 613 3112 sub
650 3069 925 3114 manum
966 3046 1291 3140 Scipionis
1327 3047 1398 3113 in
1436 3060 1654 3116 castra
1689 3043 2078 3116 submittere
2115 3069 2252 3115 non
2292 3048 2392 3116 in—

245 3152 574 3220 termittit.
616 3151 851 3244 Legati
892 3151 1155 3221 interim
1186 3177 1268 3220 ex
1294 3151 1546 3246 oppido
1577 3151 1826 3222 Tisdrae
1840 3150 1885 3241 ²,
1914 3154 1986 3222 in
2019 3178 2153 3247 quo
2188 3155 2392 3224 tritici

245 3256 551 3327 modium
594 3255 797 3326 millia
838 3258 1015 3326 CCC
1048 3269 1471 3352 comportata
1506 3259 1776 3327 fucrant
1799 3282 1842 3327 3
1872 3259 2394 3356 negotiatoribus

246 3361 502 3434 Italicis
553 3363 1055 3456 aratoribusque
1074 3419 1093 3452 ‚
1154 3364 1240 3433 ad
1302 3367 1636 3435 Caesarem
1687 3384 1932 3435 venere
1948 3421 1968 3454 ,
2015 3381 2394 3462 quantaque

336 3557 391 3590 ².
426 3537 673 3588 Potestate
688 3538 833 3603 facta
850 3577 865 3606 ,
886 3549 983 3592 etc.
1004 3537 1144 3591 Tota
1170 3537 1283 3590 haec
1368 3539 1566 3592 lex-iter.
1597 3537 1726 3592 Vid.
1761 3539 1975 3593 Sueton.
2017 3540 2153 3609 Aug.
2187 3543 2280 3608 49.
2315 3541 2394 3593 Μ.

246 3616 492 3670 narratio
532 3629 777 3688 suspecta·
810 3629 888 3670 est
926 3616 1282 3671 Guischardo.
1369 3616 1474 3671 Alii
1490 3619 1646 3670 hicet
1665 3617 1807 3690 apud
1823 3619 2036 3672 Sueton.
2051 3620 2317 3682 submonte,
2336 3633 2397 3672 ut

338 3697 392 3750 3.
423 3693 507 3748 Ab
548 3695 784 3767 Scipione.
829 3697 914 3748 Sic
956 3697 1281 3768 frequenter.
1364 3696 1515 3769 'apud
1542 3699 1658 3752 Cic.
1679 3695 1745 3750 ad
1774 3699 1898 3753 Fam.
1922 3717 1985 3764 x,
2021 3700 2126 3764 23;
2153 3693 2398 3770 frequen-

252 3775 389 3830 vid.
422 3793 469 3828 c.
502 3776 571 3830 25
594 3817 609 3844 ,
633 3789 687 3829 et
712 3775 923 3848 passim.
950 3793 957 3800 ·
1370 3777 1475 3830 tius
1500 3787 1679 3829 tamen
1711 3773 1907 3830 dicitur
1931 3775 2002 3828 ad
2027 3789 2234 3831 manum.
2260 3776 2362 3832 On.

338 3863 393 3920 4.
456 3856 517 3907 V
508 3860 652 3907 eritas
704 3857 1040 3928 comprobavit.
1104 3853 1281 3910 Davis.
1456 3855 2172 3911 2.TtsdraeAliiT1··sdro.--
2195 3851 2256 3910 In
2283 3874 2392 3932 quo.

250 3933 445 3988 mallet
473 3938 644 3988 exitas.
680 3933 783 3988 Sed
808 3949 861 3989 et
884 3937 945 3990 B.
974 3937 1043 3989 G.
1076 3953 1139 4002 v,
1177 3935 1280 4004 58,
1371 3935 1510 3988 Alii'
1490 3952 1542 3988 m
1558 3935 1700 4008 quod.
1712 3937 1848 3989 Dein
1860 3953 1960 4010 pro
1970 3937 2176 3990 modium
2197 3936 2286 3990 31Ῐί
2301 3961 2400 3992 mo-

238 4020 457 4082 sot-tuna
489 4015 775 4086 comprobat.
1371 4015 1455 4066 dia
1466 4031 1566 4088 per
1588 4017 1992 4090 appositionem,
2010 4016 2094 4072 vel
2111 4011 2452 4073 subaudito

240 4127 248 4134 -
336 4097 473 4148 Cu’.
503 4093 763 4148 XXXVI.
798 4115 849 4148 1.
872 4095 949 4149 Μ.
980 4095 1125 4149 Cato.
1149 4093 1280 4148 vid.
1373 4097 1466 4159 ad,
1497 4095 1647 4150 at'B.
1667 4097 1736 4150 G.
1765 4107 1846 4157 ιι,
1870 4101 1958 4152 18.
1976 4089 2078 4152 Sed
2109 4097 2254 4152 istud
2277 4094 2396 4154 cod.

254 4195 305 4228 c.
328 4195 400 4227 υ
417 4214 428 4227 .
446 4194 520 4208 -·-
540 4174 641 4228 Sub
668 4191 875 4229 mamm.
896 4175 1179 4248 prompte,
1204 4191 1286 4230 ce-
1374 4137 1528 4231 Lei-d.
1563 4193 1608 4232 1.
1639 4189 1692 4231 et
1718 4175 1850 4232 Scal.
1879 4177 1982 4232 Os.
1994 4208 2074 4224 --
2091 4179 2360 4234 Araeotibu
2329 4199 2401 4232 u.s
