3025 5025
1044 513 1631 586 AmucANo.
2243 507 2394 608 453

272 643 450 728 seriis
488 647 623 714 suis
661 670 891 740 gerere
932 649 1251 733 instituit,
1290 646 1493 716 literis
1539 644 1839 717 celeriter
1881 645 1952 714 in
1991 642 2278 716 siciliam
2315 641 2403 712 ad

267 745 599 840 Allienum
637 766 705 820 et
746 746 1093 823 Rabirium
1129 757 1520 834 Postumum
1560 751 1985 846 conscriptis»,
2026 765 2248 844 etper
2283 774 2400 819 ca·

269 865 615 951 tascopum
657 860 869 930 missis
888 913 909 946 ,
952 889 989 924 κ
1031 875 1107 930 ut
1142 862 1282 930 sine
1318 883 1508 930 mora
1527 913 1546 952 ,
1591 873 1720 928 aut2
1746 856 1882 936 ulla
1939 853 2398 940 excusatione²

265 957 503 1032 hiemis
532 979 1046 1060 ventorumque,
1078 969 1403 1045 exercitus
1432 966 1555 1048 sibi
1584 989 1784 1060 quam
1811 963 2154 1034 celerrime
2191 977 2404 1030 trans-

267 1081 650 1158 portaretur
713 1094 727 1138 :
792 1073 1086 1156 Africam
1164 1074 1575 1167 provinciam
1640 1072 1858 1166 perire
1891 1123 1910 1157 ,
1974 1068 2404 1162 funditusque

270 1176 479 1244 everti
518 1177 603 1244 ab
649 1179 783 1246 suis
840 1180 1183 1261 inimicis:
1240 1179 1422 1273 quod
1482 1179 1606 1247 nisi
1653 1175 1954 1256 celeriter
1996 1175 2191 1245 sociis
2231 1173 2406 1244 foret
2477 1175 2491 1186 ⁸

270 1279 669 1356 subventum
682 1300 969 1378 ,praeter
1006 1287 1217 1379 ipsam
1241 1285 1515 1358 africam
1549 1299 1796 1356 terram
1824 1281 2022 1370 nihil,
2041 1307 2146 1351 ne
2153 1294 2403 1350 tectum

264 1386 565 1477 quidem,
606 1414 741 1483 quo
770 1415 839 1460 se
868 1393 1269 1486 reciperent,
1308 1392 1393 1460 ab
1428 1389 1696 1459 illorum
1741 1389 1986 1460 scelere
2021 1387 2404 1481 insidiisque

268 1491 593 1586 reliquum
618 1494 939 1566 futurum.
978 1527 1013 1564 ιο
1048 1499 1312 1591 Atque
1294 1482 1465 1592 ipse³
1496 1499 1567 1564 in
1593 1510 1780 1566 tanta
1809 1509 1954 1564 erat
1987 1494 2403 1564 festinatione

183 1659 187 1664 ,
268 1611 333 1668 et
376 1605 912 1695 exspectatione,
960 1617 1037 1672 ut
1084 1617 1351 1698 postero
1399 1602 1545 1692 die,
1599 1627 1799 1698 quam
1844 1600 2136 1682 misisset
2179 1599 2403 1680 literas

269 1706 709 1802 nuntiumque
762 1711 834 1776 in
880 1683 1167 1794 Siciliam
1194 1763 1213 1797 ,
1268 1708 1542 1782 classem
1609 1711 2102 1802 exercitumque
2156 1705 2404 1776 morari

268 1807 550 1901 diceret,
600 1828 829 1884 noctes
883 1814 1153 1910 diesque
1196 1815 1426 1896 oculos
1470 1829 1894 1934 mentemque
1928 1813 2013 1882 ad
2054 1837 2238 1882 mare
2283 1812 2406 1883 dis-

263 1919 528 2009 positos
563 1918 977 2016 directosque
1033 1917 1329 1993 haberet.
1373 1925 1520 1992 Nec
1578 1923 1872 1992 mirum.
1899 1918 2403 1998 animadverte·-

260 2021 381 2098 bat
424 2027 643 2114 enim,
694 2025 882 2110 yillas
918 2030 1105 2102 exuri
1122 2081 1142 2116 ,
1182 2053 1379 2124 agros
1426 2029 1712 2115 vastari,
1755 2051 1960 2124 pecus
2002 2026 2234 2146 diripi,
2271 2039 2406 2094 tru-

264 2118 516 2198 cidari⁴
517 2133 825 2227 ‚oppida
861 2133 1275 2229 castellaque
1295 2135 1467 2206 dirui
1510 2134 1855 2228 deserique
1879 2187 1900 2221 ‚
1939 2135 2402 2228 principesque

192 2305 197 2312 ,
265 2237 615 2306 civitatum
642 2253 759 2307 aut
788 2239 1106 2327 interfici,
1130 2255 1247 2312 aut
1266 2242 1335 2314 in
1362 2242 1611 2309 catenis
1636 2242 1880 2326 teneri,
1899 2239 2140 2320 liberos
2167 2263 2402 2308 eorum

263 2342 575 2413 obsidum
631 2347 901 2416 nomine
948 2348 1018 2414 in
1062 2348 1447 2418 servitutem
1484 2346 1734 2440 abripi3
1777 2346 1854 2416 iis
1903 2369 1972 2415 se
2022 2347 2093 2413 in
2128 2345 2404 2414 miseriis

259 2552 397 2619 gatis
402 2570 425 2612 ,·
438 2546 681 2621 quaedam
694 2548 816 2604 edd.
834 2554 1015 2603 accitis.
1031 2551 1171 2617 Mihi
1182 2552 1293 2623 pla·

262 2624 350 2683 cet
393 2638 520 2681 cum
566 2630 781 2683 Davisio
793 2668 809 2689 ,
830 2634 1025 2685 coactis.
1048 2631 1125 2685 Μ.
1150 2630 1291 2684 Gro-

263 2708 463 2763 novius
481 2707 553 2787 qd

262 2788 592 2843 membranis
604 2789 760 2861 malit
767 2790 887 2843 loco
900 2790 1063 2845 citato
1076 2810 1105 2843 e
1118 2792 1179 2844 Β.
1201 2789 1293 2857 G.

262 2887 404 2934 7111,-
418 2888 473 2938 7,
486 2882 656 2937 ageret
669 2869 789 2921 loco
805 2875 888 2923 τοῦ
900 2870 1173 2921 adduceret.
1187 2868 1290 2923 ΟΒ.

263 2976 350 2992 -—-·
368 2949 638 3020 Lites-isque
654 2949 883 3002 celeriter.
900 2948 1200 3002 Delendum
1217 2961 1297 3002 est

210 3048 221 3059 ·
266 3048 379 3101 que.
414 3028 874 3083 DeAllienovid.
904 3048 951 3082 c.
986 3049 1037 3083 α.
1070 3030 1309 3083 Delia·-

262 3108 439 3173 hiric,
474 3125 523 3159 c.
571 3111 625 3162 8.
674 3108 753 3161 M.
799 3109 1115 3163 Encliticam
1154 3108 1297 3163 delet

266 3186 542 3242 Clarkius.
566 3218 650 3229 —-
668 3188 1005 3260 Cata-scopum.
1031 3188 1149 3241 Hoc
1173 3189 1295 3241 loco

264 3260 386 3321 non
415 3266 551 3337 puto
574 3285 684 3321 esse
703 3267 978 3323 hominem
1000 3268 1295 3341 speculato-

264 3366 391 3417 rem
410 3358 467 3399 et
484 3346 897 3440 exploratorem-3
912 3346 1006 3401 sed
1026 3347 1297 3420 navigium

222 3470 226 3475 .
266 3424 715 3499 speculatorium,
730 3426 885 3480 sicuti
908 3428 970 3480 Β.
996 3428 1087 3491 G.‚
1103 3428 1195 3481 liv.
1220 3446 1297 3494 Π,

264 3526 392 3579 cap.
429 3508 529 3571 ²6,
553 3504 769 3559 dicitur.
800 3503 925 3559 Non
955 3506 1120 3561 modo
1153 3506 1298 3563 enim

270 3584 485 3640 Gellius
505 3580 527 3648 (
548 3584 619 3637 N.
652 3586 717 3639 A.
751 3605 819 3651 x,
846 3582 987 3651 26)
972 3600 1111 3641 mter
1147 3586 1298 3641 navi-

270 3666 491 3737 giorum
500 3683 693 3735 genera
708 3666 949 3718 nominat
961 3672 1293 3737 catascopium,

273 3741 431 3817 quod
462 3756 555 3796 aut
582 3744 723 3797 nihil
742 3742 927 3799 differt
954 3765 983 3797 a
1012 3758 1297 3816 cata-scopo,

258 3821 374 3878 ’aut
402 3819 562 3890 adeo,
587 3824 631 3877 si
652 3844 820 3897 graeca
842 3820 1031 3897 origo(
1052 3818 1303 3880 κ’σιτάσκο-

272 3924 372 3963 πος
392 3898 413 3965 )
444 3915 737 3974 spectetur,
764 3904 821 3957 in
852 3916 1153 3974 catast-opum
1179 3924 1298 3957 mu-

272 3979 506 4041 tandum
529 3995 633 4050 est;
655 3982 748 4037 sed
772 3998 825 4038 et
852 3982 1089 4037 Isidorus
1110 3979 1131 4047 (
1149 3984 1296 4056 Orig.

272 4082 398 4128 ιιι,
433 4080 458 4115 1
478 4059 527 4127 )‚
550 4065 751 4135 scapha,
776 4064 981 4137 inquit,
1005 4084 1113 4137 quoe
1136 4064 1297 4119 κατά·

270 4161 462 4207 σκοπος
474 4179 493 4207 ,
509 4146 751 4213 navigium
767 4156 859 4209 est,
879 4145 1010 4219 quod
1030 4145 1179 4197 latine
1198 4164 1301 4217 spe-

580 2709 721 2773 Liv.‚
732 2728 817 2775 vx,
852 2712 921 2764 28
937 2748 954 2776 ‚
980 2728 1047 2763 ex
1074 2711 1313 2782 optimis·

1378 2551 1663 2603 calator-ium
1686 2551 1880 2603 dicitur.
1914 2549 2072 2603 Hunc
2097 2546 2296 2615 Isidori
2321 2548 2402 2601 lo·

1378 2638 1503 2683 cum
1524 2629 1696 2683 debeo
1726 2629 1976 2683 Ciaccon.
2005 2628 2074 2681 ad
2096 2629 2151 2681 h.
2184 2628 2221 2681 l.
2254 2626 2402 2698 quod

1354 2742 1367 2751 -
1378 2722 1558 2763 autem
1575 2710 1851 2764 Ciceronis
1872 2726 2086 2779 quoque
2103 2708 2284 2760 locum·
2300 2700 2323 2768 (
2331 2705 2402 2760 ad

1378 2794 1489 2843 Att.
1510 2809 1578 2856 v,
1599 2808 1622 2843 1
1639 2808 1663 2843 ι
1679 2785 1702 2853 )
1718 2789 1827 2843 huc
1843 2789 2110 2881 referunt,
2123 2786 2187 2841 id
2205 2787 2404 2842 frum-o

1378 2870 1442 2923 fit
1451 2870 1607 2941 ,quia
1619 2870 1695 2923 ibi
1709 2888 1820 2921 non
1841 2868 1944 2923 nisi
1971 2887 2034 2921 ex
2045 2864 2404 2940 quorumdam

1380 2946 1750 3002 emendatione
1765 2950 2083 3018 catascopium
2100 2944 2311 3019 legitur.
2321 2940 2400 3003 Μ.

1470 3048 1521 3082 2.
1548 3030 1662 3081 Aut
1677 3029 1783 3080 ulla
1809 3030 2130 3081 excusatione.
2157 3026 2404 3087 Nimium
2516 3079 2520 3082 ,

1380 3109 1487 3163 hoc
1510 3108 1768 3167 omnino,-
1793 3106 1888 3161 sed
1912 3107 2152 3161 moribus
2184 3105 2406 3161 causaris

1380 3188 1506 3241 satis
1529 3188 1870 3261 conveniens.
1905 3186 2046 3239 Vide
2065 3206 2182 3258 cap.
2218 3186 2272 3239 8.
2293 3186 2402 3238 Pro

1380 3280 1470 3341 cut
1492 3268 1583 3321 alii
1612 3288 1688 3325 ac.
1722 3266 1826 3321 On.

1468 3350 1523 3403 3.,
1554 3346 1721 3421 Atque
1756 3350 1872 3419 ipse.
1899 3345 1986 3399 Sic
2012 3346 2144 3400 boni
2173 3342 2400 3399 codices.

1382 3428 1491 3481 Alii
1538 3428 1970 3498 conjunctionem
2019 3426 2293 3479 omittunt.
2322 3452 2406 3467 --·

1384 3498 1677 3577 Dispositos.
1699 3507 1838 3572 Alii,
1863 3508 2124 3577 depositos,
2143 3518 2208 3557 ut
2229 3504 2404 3565 Cicer.

1383 3586 1523 3643 Phil.
1565 3606 1589 3643 1
1603 3588 1874 3660 3,1.1,in
1903 3597 2142 3638 mentum..
2151 3596 2407 3640 „mentem-

1384 3686 1474 3739 que
1492 3667 1786 3739 deponerem
1791 3678 1859 3717 -et
1877 3651 2064 3718 Horat
2086 3663 2188 3723 od.
2217 3683 2282 3737 ι,
2311 3663 2407 3730 36,

1392 3766 1417 3801 1
1429 3766 1460 3817 7
1474 3785 1491 3813 ‚
1507 3746 1669 3799 oculos
1690 3745 1920 3817 deponere
1941 3749 2008 3797 in.
2032 3742 2150 3801 On.

1469 3834 1522 3891 4.
1547 3826 1818 3879 Trucidari.
1833 3823 2040 3897 Vulgo,
2058 3823 2404 3895 trucidatique,

1385 3906 1472 3969 cui
1496 3906 1631 3959 vitio
1651 3905 2018 3979 operariorum
2031 3904 2090 3956 in
2103 3901 2186 3959 ed,
2213 3901 2408 3958 Cellari

1381 3986 1628 4057 jungitur
1657 3986 1854 4059 oppida.
1873 3979 2011 4040 Cod.
2044 3984 2224 4043 Petav.
2257 3964 2408 4043 Itoma-

1386 4084 1468 4116 nes
1491 4066 1739 4123 wacidari
1754 4096 1836 4110 --
1853 4066 1922 4123 lis
1943 4085 1993 4119 se
2015 4068 2067 4121 in
2088 4065 2300 4119 miseriis.
2319 4063 2404 4119 Al.

1389 4148 1445 4197 iis
1468 4166 1528 4197 se
1547 4148 1744 4206 miseris.

2013 4237 2035 4276 3

1905 4276 2002 4347 29
