3025 5025
663 429 865 545 ‘448
1517 412 1664 526 DE*
1697 453 2048 557 BELLO

710 593 999 661 statione
1024 588 1273 657 habere
1292 639 1312 676 ‚
1339 603 1617 683 propter
1649 587 1944 656 hostium
1975 584 2488 655 multitudinem.
2521 584 2836 655 Labienus

714 694 971 767 saucios
1014 720 1216 781 suos,
1258 718 1550 787 quorum
1599 695 1956 763 maximus·
1987 703 2306 761 numerus
2350 691 2521 778 fuit,
2557 690 2792 783 jubet'
2775 716 2840 757 ιιι

624 850 633 855 -
713 802 1026 897 plaustris
1066 798 1896 894 deligatos²Adru1netun1
1937 798 2295 893 deportari.
2324 799 2552 867 Nave-s
2595 798 2840 886 interim

715 909 993 979 Caesaris
1044 908 1363 977 onerariae
1418 904 1810 976 errabundae
1851 902 2054 975 male·
2064 904 2552 998 vagabantur,
2595 905 2842 976 incertae

714 1012 1049 1099 locorum,
1084 1028 1295 1107 atque
1318 1027 1694 1083 castrorum
1723 1036 2038 1081 suorum:
2059 1034 2224 1105 quas
2265 1008 2561 1104 singulas
2601 1010 2844 1103 scaphae

713 1120 1245 1193 adversariorum
1288 1117 1684 1214 complures
1707 1117 1958 1195 adortae
1992 1116 2470 1204 incendebant,
2513 1130 2714 1233 atque
2743 1140 2842 1183 ex·

712 1210 1171 1321 pugnabant&
1224 1228 1369 1295 Hac
1425 1250 1499 1295 re
1549 1226 1898 1311 nuntiata,
1961 1210 2237 1293 Caesar⁴
2297 1221 2543 1291 classes
2611 1224 2842 1291 circum

714 1330 961 1404 insulas
1003 1345 1369 1425 portusque
1410 1331 1772 1426 disposuit,
1815 1353 1950 1424 quo
2000 1330 2208 1399 tutius
2241 1342 2662 1399 commeatus
2701 1354 2844 1423 sup·

712 1420 966 1532 portari
1008 1452 1249 1531 posset.

820 1540 1047 1614 XXII.
1078 1544 1175 1611 M.
1214 1542 1424 1615 Cat0¹
1452 1544 1718 1615 interim
1739 1585 1776 1631 ,-
1797 1542 1916 1638 qui
1956 1544 2172 1613 Uticae
2205 1559 2492 1639 praeerat
2518 1595 2541 1629 ,
2577 1543 2842 1612 Cueium

800 1766 851 1797 ι.
900 1745 1175 1815 Deligatos.
1218 1745 1462 1809 Quorum
1513 1744 1734 1797 vulnera

715 1824 886 1877 fasciis
930 1822 1155 1895 deligata
1186 1835 1374 1876 erant:
1399 1842 1526 1875 nam
1563 1824 1740 1875 vulnus

714 1916 769 1957 et
793 1903 1044 1956 membrum
1065 1903 1441 1972 deligat-osae
1470 1902 1626 1955 Celso
1643 1920 1739 1956 no-

716 1996 833 2036 tum
855 1995 933 2037 est
947 2022 965 2051 ‚
985 1995 1040 2037 et
1060 1981 1199 2051 dixit
1214 1982 1614 2048 Quinctilium:
1627 2019 1646 2047 ,
1663 2002 1739 2049 u,
1773 2036 1780 2041 ,

722 2082 818 2133 17,
852 2082 915 2131 9,
938 2074 991 2114 et
1021 2062 1163 2115 alibi.
1202 2059 1408 2127 Quidni
1452 2080 1580 2132 ergo
1620 2081 1739 2115 sau-

713 2143 827 2195 cius
855 2139 1064 2194 dicatur
1104 2141 1392 2211 deligatus?
1414 2140 1621 2206 Miror,
1653 2142 1738 2194 in-

712 2234 995 2293 terpretes·
1016 2222 1281 2292 cogitasse¹
1308 2218 1378 2273 de
1420 2221 1611 2273 sauciis
1653 2222 1739 2273 vel

711 2301 1011 2355 constrictis
1052 2300 1348 2367 hostiliter,
1367 2301 1454 2353 vel
1478 2299 1705 2371 alligatis
1721 2339 1738 2367 ,

710 2400 780 2435 ne
802 2393 1191 2435 excuterentur.
1217 2380 1484 2433 Caeterum
1507 2399 1538 2433 a
1555 2381 1737 2451 paucis

713 2458 872 2515 codd.
903 2462 1049 2514 abest
1078 2461 1183 2515 hoc
1212 2460 1455 2516 verbum.
1485 2458 1564 2513 M.

798 2543 850 2595 3.
870 2541 1196 2595 Incendebant
1216 2553 1359 2614 atque
1372 2540 1736 2612 expugnabant.

712 2621 819 2676 Alii
830 2661 845 2688 ,
854 2621 1164 2674 incenderant
1174 2634 1317 2693 atque
1328 2632 1734 2692 expugnaverant.

710 2702 922 2772 Lipsius
960 2702 1189 2754 malebat
1216 2700 1561 2756 inscendemm.
1595 2700 1738 2754 Bene

713 2782 943 2852 Vulgata
973 2800 1029 2834 se
1057 2780 1238 2834 habet.

796 2868 848 2925 4.
873 2860 1059 2914 Caesar.
1088 2861 1177 2915 sic
1199 2861 1379 2916 Clark.
1404 2871 1460 2912 et
1480 2857 1734 2914 Oudend.

712 2961 743 2992 e
772 2937 930 2994 codd.
953 2953 1008 2993 et
1031 2938 1152 2994 edd.
1175 2952 1303 2994 vett.
1324 2939 1503 3010 Vulgo
1527 2939 1742 3000 Caesari..

791 3021 920 3074 Cu.
948 3021 1126 3073 xxu.
1167 3039 1219 3074 1.
1254 3019 1331 3072 M.
1374 3018 1515 3072 Cato.
1557 3019 1736 3078 Etiam

709 3099 799 3152 hic
842 3113 965 3170 post
1007 3099 1361 3153 Pharsalicam
1399 3117 1636 3170 pugnam
1673 3099 1732 3152 in

708 3179 941 3232 Africam
966 3179 1177 3250 effugit,
1196 3178 1441 3250 interque
1457 3178 1735 3250 Pompeia-

708 3277 807 3312 nos
822 3277 1032 3330 semper
1044 3259 1149 3312 fuit
1166 3276 1367 3329 magno
1385 3257 1728 3312 auctoritatis.

708 3337 839 3402 Sed,
862 3357 1031 3410 quum
1057 3338 1295 3390 oblatum
1316 3337 1421 3390 sihi
1440 3338 1730 3409 imperium

706 3437 819 3471 non
849 3418 1159 3488 suscepisset
1174 3455 1191 3482 ‚
1221 3435 1291 3469 ne
1330 3415 1570 3488 Scipioni
1597 3436 1728 3488 pro-

706 3497 913 3552 consuli
942 3497 1199 3568 eripuisse
1225 3493 1499 3550 videretur
1514 3536 1530 3560 ,
1548 3497 1730 3550 effecit

708 3592 769 3632 ut
810 3577 1153 3648 Pompeiani,
1183 3594 1294 3630 non
1338 3577 1546 3647 optimo
1589 3574 1728 3630 duee

706 3658 953 3729 Scipione
985 3657 1097 3720 usi,
1112 3675 1183 3709 eo
1218 3656 1423 3709 facilius
1447 3657 1728 3708 vinceren-

706 3751 816 3792 tur.
847 3737 1061 3790 Uticam
1083 3735 1333 3807 quidem,
1352 3737 1441 3788 cui
1470 3748 1725 3807 praeerat,

704 3817 911 3888 egregie
946 3816 1203 3881 munivit,
1235 3816 1385 3868 omni
1410 3816 1604 3868 bellico
1631 3834 1726 3886 ap·

666 3927 681 3944 ι
704 3909 893 3970 paratu
912 3896 1165 3948 instruxit
1181 3935 1196 3964 ,
1211 3894 1726 3966 ducendoque-bello

593 4023 600 4030 .
707 3978 968 4030 Caesarem
991 3974 1259 4028 debilitari
1279 3976 1475 4041 voluit3
1503 3973 1596 4028 sed
1618 3975 1726 4030 Sci·

704 4055 797 4125 pio
818 4073 929 4108 non
952 4055 1351 4126 obtemperavit.
1372 4055 1643 4112 Plutarch.
1663 4055 1722 4108 in

704 4135 893 4190 Caton.
910 4174 929 4204 ,
950 4154 999 4188 c.
1034 4136 1125 4190 56.
1150 4153 1298 4207 seqq.
1318 4135 1580 4193 lim—M.
1598 4137 1726 4190 Por·-

1829 1747 1930 1797 ca'us
1964 1744 2108 1799 Cato.
2140 1745 2221 1797 Ex
2255 1744 2452 1813 illustri
2481 1756 2643 1817 gente
2677 1743 2847 1797 Porcia

1828 1824 2034 1895 plebeia
2054 1864 2071 1891 ‚
2089 1837 2149 1877 ut
2172 1836 2318 1896 patet
2345 1842 2409 1875 ex
2431 1824 2550 1895 lege
2580 1822 2654 1877 de
2673 1842 2848 1895 provo·

1828 1904 2038 1957 catione
2053 1943 2069 1972 ,
2083 1901 2346 1956 oriundus
2366 1915 2497 1956 erat.
2519 1904 2734 1956 Nomen
2749 1906 2846 1975 ejus

1827 2002 1860 2045 Q
1875 1984 2050 2037 Pon-is
2069 1981 2372 2037 derivatum
2390 1995 2488 2036 est.
2515 1984 2760 2051 Nomium,
2781 1984 2848 2035 in·

1828 2062 1946 2134 quit
1985 2065 2194 2130 Varro,
2224 2063 2318 2115 lib.
2347 2080 2428 2128 11,-
2454 2082 2505 2116 c.
2545 2081 2606 2128 1,
2641 2063 2846 2115 habeam

1828 2142 1893 2193 ab
1923 2154 2123 2215 utroque
2142 2162 2340 2213 pecore,
2373 2162 2405 2193 a
2431 2144 2616 2214 majore
2645 2155 2697 2196 et
2717 2163 2749 2194 a
2775 2146 2847 2194 ni-

1829 2240 1958 2274 nom.
1997 2224 2045 2273 A
2082 2222 2292 2275 minore
2345 2222 2556 2274 Porcius
2569 2260 2587 2284 ,
2625 2223 2842 2283 Ovinius,

1831 2301 2106 2371 Capruiun
2135 2302 2280 2357 sica
2321 2304 2556 2373 majore,
2589 2303 2842 2375 Equitius,

1826 2393 1928 2434 etc.
1961 2381 2180 2435 Catonis
2222 2380 2422 2456 familia
2461 2399 2529 2433 ex
2557 2380 2846 2454 municipio

1826 2461 2132 2515 Tusculano
2160 2458 2405 2514 oriunda.
2433 2462 2566 2514 Tria
2596 2462 2676 2515 illi
2711 2462 2846 2516 fuere

1823 2542 2140 2613 cognomina
2167 2559 2182 2593 ε
2209 2539 2360 2602 Cato,
2389 2544 2542 2613 quasi
2571 2543 2680 2595 cati
2701 2555 2760 2595 et
2782 2561 2848 2596 sa·

1821 2623 2056 2693 pientes;
2081 2623 2228 2674 Loeca
2245 2659 2264 2687 ,
2278 2640 2309 2672 a
2327 2623 2481 2683 lecca,
2497 2641 2620 2693 quae
2635 2635 2720 2676 est
2737 2642 2846 2694 pro-

1821 2701 2018 2773 prietas
2046 2699 2284 2772 lingendi
2299 2739 2316 2767 ‚
2341 2699 2490 2754 unde
2513 2703 2776 2754 leccacitas
2801 2715 2846 2756 et

1822 2781 2052 2844 leccator,
2095 2781 2310 2852 gulosus
2325 2821 2342 2848 ‚
2381 2781 2471 2834 Gl.
2511 2781 2700 2834 Isidor
2719 2801 2742 2848 3
2769 2783 2846 2834 La·-

1821 2863 1982 2927 cae’nm,
2001 2859 2146 2914 unde
2164 2861 2387 2926 Licinii,
2401 2858 2477 2915 id.
2501 2880 2561 2932 q.
2585 2863 2846 2927 Lucinas,
2939 2893 2941 2928 ς

1821 2940 1910 2994 cui
1927 2953 2052 2994 sunt
2073 2941 2228 3012 parvi
2251 2940 2408 2994 ocelli
2421 2933 2476 2994 et
2489 2943 2674 2996 brevis
2691 2943 2846 2995 visus.
2937 2947 2941 3016 1Ξ

1819 3019 2031 3075 Horum
2083 3020 2460 3073 celeberrimus
2503 3019 2583 3074 M.
2629 3022 2846 3076 Porcius
2937 3019 2939 3086 ξ

1822 3098 1956 3152 Cato
1975 3111 2232 3171 ‚quantor
2249 3119 2336 3152 an.
2356 3100 2678 3172 5493pr0q.
2709 3103 2846 3164 5503
2937 3087 2939 3142 !

1821 3180 1942 3233 trib.
1961 3181 2102 3252 pleb.
2126 3180 2236 3244 554
2247 3201 2270 3242 ,·
2283 3177 2452 3233 aedilis
2467 3180 2640 3251 plebis
2659 3180 2846 3234 eodem

1819 3277 1992 3326 ann03
2010 3271 2209 3332 prator
2223 3259 2568 3331 provincialis
2590 3279 2684 3312 an.
2713 3262 2842 3325 5553

1816 3337 1944 3392 dein
1965 3340 2150 3394 consul
2177 3357 2304 3392 cum
2325 3340 2388 3392 L.
2414 3340 2636 3392 Valerio
2663 3341 2846 3395 Flacco

1823 3418 1962 3485 5583
1995 3419 2284 3489 proconsul
2310 3419 2368 3471 in
2399 3419 2640 3490 Hispan..
2659 3421 2846 3474 missus

1819 3496 1891 3551 55
1899 3517 1933 3566 9
1951 3537 1967 3563 ,
2001 3497 2199 3570 oppida
2250 3506 2366 3563 40⁰
2403 3499 2475 3550 in
2528 3511 2846 3571 potestaten

1813 3597 2092 3631 romanam
2113 3577 2322 3649 redegit
2335 3615 2354 3642 ‚
2373 3577 2532 3632 unde.
2547 3578 2628 3632 illi
2657 3582 2844 3636 uium-

1813 3658 1955 3729 phus
1979 3658 2176 3712 nobilis
2203 3676 2218 3710 ε
2659 3651 2672 3658 '

1812 3746 1879 3806 M.
1909 3745 2190 3810 Pone-IVS.
2214 3745 2281 3790 M.
2304 3745 2356 3792 1².
2381 3745 2565 3792 CATO.
2587 3747 2846 3794 Pnocos.

1877 3817 2024 3863 ARN.
2057 3817 2262 3876 MDLIX
2289 3818 2388 3863 Ex.
2423 3819 2654 3864 msam
2662 3819 2750 3865 1A.
2770 3821 2846 3866 cI·

1874 3888 2168 3948 Tanton.
2189 3921 2199 3932 .
2220 3923 2232 3934 .
2252 3922 2262 3932 .
2399 3890 2568 3935 Μαι-ιιι.
2595 3890 2767 3952 Capit.

1812 3976 2056 4032 Tandem
2071 3996 2262 4036 censor
2279 3996 2407 4036 ,cum
2419 3976 2613 4032 eodem
2625 3980 2844 4034 Valerio

1810 4057 2040 4110 lustrum
2073 4057 2214 4111 fecit.
2247 4056 2391 4112 Vide
2421 4058 2587 4112 Corn.
2621 4059 2770 4133 Nep.
2799 4071 2846 4112 et

1811 4137 1954 4192 Plut.
1986 4139 2116 4192 Post
2139 4155 2292 4204 eum,
2323 4137 2400 4194 Μ.
2439 4137 2672 4194 Porcius
2717 4141 2844 4194 Cato
