3025 5025
947 488 1770 569 ALEXANDRINO
2278 484 2429 562 385

273 645 446 691 rana
481 614 668 691 sexta
713 642 940 691 seeum
978 620 1254 691 reducta
1279 606 1326 708 ⁴,
1363 634 1620 691 ceteras
1654 619 1745 689 ibi
1783 618 2047 714 reliquit
2065 673 2084 707 ‚
2124 646 2259 716 quo
2312 622 2427 693 fir-

273 729 456 797 mius
499 741 674 797 esset
713 751 947 797 eorum
998 749 1234 823 regum
1273 728 1629 820 imperium
1643 780 1663 813 ‚
1704 729 1819 821 qui
1860 751 2075 821 neque
2128 752 2431 801 amorem

271 850 560 903 suorum
599 834 846 903 habere
888 848 1230 929 poterant,
1267 833 1448 928 quod
1474 832 1774 903 fideliter
1816 852 2318 928 permanserant
2360 839 2432 907 in

271 942 566 1010 Caesaris
606 941 938 1027 amicitia;
988 965 1204 1035 neque
1247 942 1595 1033 vetustatis
1653 942 2151 1029 auctoritatem,
2203 944 2431 1037 paucis

269 1045 517 1116 diebus
539 1070 728 1142 reges
761 1048 1149 1117 constituti.
1183 1046 1378 1116 simul
1405 1047 1535 1116 ad
1518 1049 1779 1141 imperii
1806 1048 2018 1117 nostri
2040 1046 2431 1142 dignitatem

269 1153 764 1247 utilitatemque
796 1151 1132 1248 publicam
1160 1154 1494 1248 pertinere
1524 1152 1974 1239 existimabat,
1998 1153 2053 1221 si
2075 1178 2433 1248 permane·-

271 1274 432 1329 rent
457 1262 530 1327 in
559 1259 690 1329 fide
721 1284 940 1353 regeS,
971 1258 1292 1354 praesidiis
1317 1284 1432 1329 eos
1459 1262 1705 1329 nostris
1733 1284 1875 1329 esse
1912 1274 2126 1348 tutos;
2160 1276 2228 1329 et
2265 1262 2389 1331 hos
2412 1314 2431 1351 ‚

267 1368 326 1435 si
351 1380 584 1453 essent
613 1368 892 1461 ingrati,
921 1390 1116 1460 posse
1143 1366 1376 1435 iisdem
1403 1365 1723 1461 praesidiis
1748 1368 2057 1435 coerceri.
2087 1368 2195 1435 Sic
2231 1368 2432 1437 rebus

267 1473 592 1543 omnibus
657 1472 981 1543 confectis
1034 1487 1100 1541 et
1147 1472 1539 1559 collocatis,
1590 1474 1731 1566 ipse
1782 1475 2017 1542 itinere
2078 1459 2433 1545 terrestri⁵

267 1579 622 1676 profe-ctus
664 1595 766 1649 est
797 1580 874 1647 in
915 1581 1190 1673 Syriam.

363 1688 698 1757 XXXIV.
729 1689 914 1755 Dum
937 1686 1082 1757 haec
1099 1687 1171 1755 in
1189 1686 1478 1781 AEgypto
1507 1699 1866 1781 geruntur,
1886 1711 2002 1755 rex
2040 1684 2431 1779 Dejotarus⁸

267 1792 358 1863 ad
409 1794 782 1863 Domitium
830 1792 1184 1861 Calvinum
1207 1845 1228 1879 ,
1277 1794 1386 1863 cui
1435 1795 1661 1863 Caesar
1709 1794 1937 1861 Asiam
1988 1792 2435 1887 finitimasque

264 1901 658 2002 provincias
693 1898 1248 1969 administrandas
1283 1898 1765 1985 transdiderat,
1793 1900 1979 1967 venit
2022 1914 2318 1987 oratum,
2348 1924 2435 1969 ne

263 2007 664 2076 Armeniam
701 2008 1026 2075 minorem
1049 2058 1070 2093 ‚
1101 2028 1383 2100 regnum
1419 2029 1650 2091 suum,
1687 2028 1865 2085 neve,
1903 2005 2433 2101 Cappadociam,

264 2132 560 2209 regnum
621 2112 1088 2184 Ariobarzanis
1115 2164 1136 2200 ,
1198 2111 1522 2206 possideri
1573 2113 1951 2205 vastarique
1992 2158 1999 2165 -
2006 2127 2347 2206 pateretur
2392 2138 2435 2183 a

264 2221 624 2290 Pharnace
643 2217 663 2242 ²
681 2244 696 2287 :
717 2244 852 2313 quo
879 2216 1056 2287 malo
1083 2219 1210 2287 nisi
1237 2216 1711 2303 liberarentur,
1734 2219 2061 2312 imperata
2088 2242 2159 2287 se
2182 2218 2431 2307 facere,

262 2327 760 2421 pecuniamque
816 2327 1210 2420 promissam
1268 2326 1518 2393 Caesari
1576 2347 1713 2391 non
1776 2348 1972 2416 posse
2030 2323 2427 2418 persolvere.

261 2434 646 2519 Domitium,
672 2456 808 2501 non
832 2444 1091 2500 tantum
1123 2429 1208 2498 ad
1237 2428 1663 2525 explicandos
1692 2444 2001 2523 sumptus
2016 2432 2111 2498 rei
2130 2429 2427 2501 militaris

260 2565 482 2635 quum
505 2541 858 2634 pecuniam
883 2539 1322 2608 necessariam
1342 2561 1483 2606 esse
1494 2536 1861 2628 judicaret3
1877 2535 1991 2605 sed
2011 2537 2211 2605 etiam
2231 2551 2427 2633 turpe

259 2645 528 2742 populo
585 2667 864 2714 romano
923 2659 995 2713 et
1053 2645 1301 2712 Caesari
1345 2643 1627 2728 victori,
1671 2641 1923 2751 sibique
1979 2641 2223 2710 infame
2284 2668 2427 2713 esse

1472 2891 1526 2926 α.
1552 2872 1821 2924 Pharnace.
1847 2871 2171 2931 Pharnaces,
2200 2871 2423 2924 Mithri-

259 2895 438 2950 regum
471 2878 694 2948 imperia,
725 2873 916 2928 eodem
945 2891 1118 2928 sensu.
1153 2837 1298 2926 Vide

1387 2949 1525 3006 datis
1570 2951 1747 3014 filius,
1794 2948 2167 3004 tantummodo
2212 2963 2421 3022 partem

259 2957 332 3012 ad
357 2958 426 3010 B.
440 2955 526 3020 C..
548 2975 640 3022 111,
675 2974 800 3026 107.
821 2956 900 3007 Μ.
933 2954 1096 3006 Palat.
1131 2950 1298 3007 codex

258 3039 433 3094 habet
460 3055 642 3106 regunt.
665 3035 905 3106 Recipio.
939 3029 1295 3103 Oudendorp.

257 3117 602 3188 conjectabat
635 3135 768 3185 reges
794 3117 1004 3185 imperio.
1029 3112 1134 3165 On.
1159 3109 1294 3166 cod.

257 3208 452 3252 noster
475 3197 537 3248 R.
577 3195 728 3266 5764
744 3235 758 3264 ,
778 3197 884 3264 regi
913 3196 1142 3264 imper-itu
1163 3192 1296 3244 alter

255 3295 398 3330 vero
413 3315 431 3345 ,
459 3275 822 3346 confi-moretm·
859 3278 988 3342 regis
1030 3276 1292 3343 inmeritam.

183 3415 188 3420 ,
257 3359 418 3427 Regis
472 3356 710 3408 absolute
759 3353 964 3408 dictum
977 3372 1012 3405 ·:
1046 3354 1300 3404 l'autvn‘cc'

257 3437 436 3509 mycale
449 3456 471 3498 ,·
485 3447 538 3488 et
553 3454 670 3488 eam
691 3435 812 3488 lect.
840 3432 1124 3505 genuinam
1139 3443 1291 3503 puto.

347 3522 406 3579 4.
429 3515 665 3568 Rodunt«.
699 3514 894 3569 Melior
923 3513 1186 3584 Vulgata,
1213 3511 1296 3562 de-

255 3598 434 3650 ducta.
466 3595 544 3648 Μ.
588 3593 695 3654 Sed
732 3611 858 3648 mox
900 3593 1182 3664 processit.
1213 3623 1296 3634 --

257 3679 450 3733 Paucis
497 3675 676 3732 dicbus.
719 3675 919 3728 Forsan
972 3677 1141 3742 paucis
1183 3683 1296 3724 ante

257 3756 461 3817 diebus,
483 3756 700 3808 velante
715 3773 898 3826 paucos
917 3753 1046 3814 dies,
1073 3764 1135 3806 ut
1163 3769 1293 3804 con-

251 3838 379 3910 jicit
404 3837 440 3888 J
443 3854 669 3888 urimus

349 3917 402 3970 5.
443 3917 496 3970 T
489 3919 700 3968 errcsm
736 3913 866 3985 Cap.
905 3915 976 3965 26
996 3950 1012 3979 ‚
1034 3909 1265 3982 pedestri.

345 3996 480 4050 Cu.
496 3995 757 4050 XXXIV.
789 4011 838 4047 1.
863 3993 1144 4063 Dejotarus.
1159 3987 1290 4042 Vid.

256 4096 381 4148 cap.
417 4080 514 4146 67.
548 4074 821 4129 Ciceronis
839 4071 1169 4136 orationem,
1193 4086 1294 4139 pro

257 4176 328 4211 eo
357 4155 598 4210 habitam
618 4195 636 4223 ,
656 4167 859 4210 norunt
888 4169 1090 4208 omnes.
1115 4149 1190 4202 M.

366 4276 470 4342 II.

1384 3033 1537 3103 regni
1556 3031 1794 3102 paterni,
1808 3029 2151 3101 Bosphorum
2185 3031 2418 3084 Cimme-

1384 3113 1530 3164 rium
1550 3149 1565 3176 ,
1586 3130 1615 3164 a
1639 3110 1900 3181 Pompeio
1930 3123 2235 3181 acceperat,
2252 3114 2316 3165 A.
2343 3112 2413 3164 U.

1389 3196 1523 3260 691.
1552 3191 1657 3242 Dio
1680 3190 1921 3256 Cassiae,
1951 3208 2167 3259 xxxvn,
2196 3197 2283 3252 14.
2317 3191 2415 3244 His

1383 3271 1611 3343 Appian.
1634 3271 1695 3322 B.
1730 3270 1917 3324 Mithr.
1935 3307 1952 3336 ‚
1978 3289 2032 3342 p.
2064 3271 2131 3324 25
2147 3289 2169 3324 ι
2192 3309 2207 3336 ,
2237 3269 2413 3338 addit,

1383 3349 1557 3405 diviso
1601 3348 1933 3406 Mithridatis
1978 3369 2145 3420 regno
2164 3387 2179 3416 ,
2220 3349 2410 3405 eodem

1382 3431 1476 3487 illo
1508 3443 1749 3501 tempore
1760 3425 2117 3486 Ariobarzani
2134 3428 2411 3501 Cappado-

1382 3511 1523 3565 ciam
1543 3511 1851 3564 attributam
1878 3528 2003 3562 esse.
2029 3509 2261 3562 Volebat
2278 3527 2407 3582 ergo

1383 3590 1679 3644 Pharnaces
1704 3604 2019 3660 recuperare
2048 3607 2210 3642 omne
2230 3603 2409 3660 pater·

1382 3689 1517 3722 num
1532 3687 1757 3740 regnum
1771 3664 1916 3740 (cap.
1956 3668 2026 3722 35
2042 3665 2084 3734 )‚
2103 3681 2156 3721 et
2168 3709 2183 3733 ‚
2202 3670 2407 3724 Caesare

1383 3769 1443 3803 ac
1467 3749 1727 3820 Pompeio
1756 3748 2025 3818 occupatis
2050 3747 2193 3800 bello
2232 3749 2407 3811 civili,

1382 3831 1694 3902 Deiotarum
1750 3839 1803 3881 et
1852 3828 2267 3883 Ariobarzanem
2320 3848 2411 3900 ag-

1383 3925 1589 3980 gressus
1610 3921 1740 3962 erat.
1756 3908 1862 3960 Dio
1877 3907 2109 3966 Cassius,
2138 3926 2285 3974 x1.11,
2314 3909 2407 3972 45.

1383 3989 1460 4043 Μ.
1480 4021 1563 4031 -
1579 3990 1821 4060 Insperata
1848 4007 1899 4040 sc
1916 3989 2099 4054 facere.
2132 3987 2219 4040 Sic
2248 3987 2407 4042 codd.

1385 4069 1567 4140 Vulgo
1587 4108 1604 4135 ,
1636 4069 1743 4122 sibi.
1764 4097 1839 4116 -·-
1856 4067 1975 4122 Non
1992 4087 2154 4138 posse.
2176 4066 2409 4124 Additur

1383 4169 1432 4200 se
1457 4149 1593 4202 eitra
1618 4149 1996 4207 necessitatem.

1946 4257 2091 4334 25„
