3025 5025
668 490 818 564 360
1466 491 1604 558 DE
1656 489 2005 558 BELLO

769 623 924 693 VII.
983 621 1141 711 Quo
1195 622 1376 691 facto
1424 621 1836 691 dubitatione
1890 619 2151 692 sublata
2196 671 2215 706 ‚
2270 635 2493 701 tantus
2549 623 2783 692 incessit

664 731 908 818 timor,
926 743 1002 797 ut
1029 727 1115 796 ad
1141 743 1514 797 extremum
1540 753 1769 798 casum
1812 726 2089 822 periculi
2106 726 2123 752 ⁸
2162 751 2397 800 omnes
2427 727 2685 798 deducti
2700 731 2783 797 vi·

667 837 1018 923 derentur‚
1044 850 1242 930 atque
1273 833 1383 904 alii
1413 837 1663 904 morari
1693 837 2024 921 Caesarem
2052 835 2386 921 dicerent,
2418 836 2583 928 quin
2608 859 2785 904 naves
2888 856 2896 868 ’

667 942 1113 1012 conscendere
1183 941 1448 1036 juberet
1485 967 1505 1028 ς
1550 941 1657 1010 alii
1712 939 1927 1012 multo
1964 942 2252 1036 gravius
2308 943 2786 1010 extimescerent

665 1074 936 1136 casum3
971 1048 1154 1144 quod
1191 1073 1406 1143 neque
1443 1048 1645 1118 celari
1685 1047 2147 1118 Alexandrinis
2188 1063 2459 1142 possent
2501 1049 2573 1114 in
2608 1073 2785 1142 appa-

667 1155 876 1224 randa
920 1155 1077 1250 fuga
1095 1209 1114 1244 ‚
1157 1179 1367 1249 quum
1413 1167 1552 1224 tam
1590 1179 1803 1249 parvo
1846 1155 2057 1249 spatio
2115 1154 2441 1223 distarent
2482 1154 2569 1222 ab
2618 1156 2791 1249 ipsis;

669 1285 884 1356 neque
905 1315 924 1350 ,
962 1260 1090 1330 illis
1148 1260 1647 1330 imminentibus
1702 1274 1901 1356 atque
1943 1259 2441 1356 insequentibus
2458 1313 2477 1347 ‚
2513 1259 2689 1329 ullus
2736 1263 2793 1328 in

669 1393 874 1436 naves
938 1382 1243 1462 receptus
1305 1367 1593 1436 daretur.
1647 1371 1811 1437 Erat
1867 1382 2089 1437 autem
2152 1391 2395 1462 magna
2458 1366 2797 1435 multitudo

671 1474 1160 1570 oppidanorum
1197 1476 1266 1542 in
1303 1489 1494 1568 parte
1532 1475 1813 1543 Caesaris
1830 1528 1849 1562 ‚
1888 1499 2091 1569 quam
2125 1470 2479 1543 domiciliis
2515 1475 2793 1568 ipsorum

671 1606 810 1649 non
853 1582 1154 1650 moverat
1170 1635 1190 1667 ‚
1226 1581 1407 1676 quod
1445 1605 1525 1649 ea
1562 1605 1631 1649 se
1681 1578 1945 1649 fidelem
1996 1579 2215 1674 palam
2258 1582 2505 1650 nostris
2542 1605 2685 1649 esse
2720 1581 2795 1648 si-

673 1686 1005 1776 mulabat,
1035 1702 1103 1755 et
1131 1687 1482 1756 descivisse
1511 1711 1551 1755 a
1578 1689 1713 1756 suis
1741 1687 2123 1774 videbatur3
2155 1702 2262 1774 ut,
2292 1687 2347 1756 si
2382 1686 2549 1754 mihi
2592 1685 2797 1762 defen·

675 1794 876 1862 dendi
916 1808 1155 1863 essent
1208 1791 1637 1863 Alexandrini
1662 1847 1681 1881 ‚
1724 1793 1908 1888 quod
1962 1815 2178 1888 neque
2232 1791 2499 1862 fallaces
2552 1807 2799 1880 essentg

673 1925 890 1994 neque
911 1901 1277 1986 temerarii,
1293 1899 1505 1968 multa
1530 1902 1743 1969 oratio
1765 1899 2011 1969 frustra
2043 1897 2554 1969 absumeretur².
2590 1901 2798 1988 Quum

673 2031 839 2075 vero
868 2031 1006 2075 uno
1043 2020 1342 2100 tempore
1379 2021 1448 2074 et
1480 2008 1665 2075 natio
1698 2032 1932 2076 eorum
1967 2021 2037 2075 et
2068 2021 2307 2076 natura
2342 2020 2799 2100 cognoscatur3

675 2114 1088 2206 aptissimum
1124 2138 1266 2182 esse
1306 2111 1437 2182 hoc
1483 2137 1693 2208 genus
1734 2113 1819 2183 ad
1863 2113 2339 2208 proditionem,
2374 2137 2579 2183 nemo
2622 2111 2800 2181 dubi-

667 2234 810 2288 tare
846 2235 1081 2314 potest.

781 2327 973 2396 VIII.
1025 2329 1251 2397 Caesar
1291 2353 1566 2398 suorum
1611 2329 1918 2398 timorem
1958 2327 2411 2399 consolatione
2454 2343 2526 2396 et
2568 2327 2801 2396 ratione

675 2433 1032 2502 minuebat.
1077 2421 1292 2525 Νέων,
1331 2464 1366 2500 α
1393 2436 1611 2530 puteis
1648 2435 1877 2525 fossiS‚
1902 2461 2139 2531 aquam
2176 2434 2443 2504 dulcem
2483 2459 2681 2530 posse
2706 2457 2803 2501 re·

755 2639 892 2693 Cu‘.
925 2640 1052 2693 VII.
1091 2658 1139 2692 1.
1175 2639 1354 2691 Casum
1377 2640 1602 2709 perticuli.
1625 2638 1713 2692 Sic

682 2717 842 2771 codd.
857 2719 1038 2791 Vulgo
1049 2718 1317 2771 omittitur
1320 2720 1527 2790 periculi
1532 2759 1545 2771 .
1561 2718 1712 2773 Hanc

1798 2639 2073 2712 scriptoris
2132 2639 2419 2711 genuinam
2445 2656 2461 2691 ε
2506 2652 2635 2693 sunt
2678 2637 2805 2691 enim

1797 2721 1979 2791 plures
1992 2720 2153 2774 vari-aa
2179 2719 2432 2772 lectiones
2444 2758 2459 2787 ,
2478 2738 2600 2790 quae
2616 2736 2806 2789 semper

682 2816 870 2851 vocem
904 2799 1075 2851 nostri
1115 2796 1273 2853 codd.
1301 2811 1610 2871 agnoscunt.
1630 2831 1713 2841 --

691 2879 863 2949 φαίνῃ
893 2878 988 2949 qui
1029 2896 1141 2930 non
1157 2916 1173 2943 ,
1217 2880 1344 2949 quia
1384 2898 1496 2931 non
1518 2918 1534 2942 ‚
1563 2876 1711 2949 quod

691 2976 803 3012 non
819 2995 835 3022 ,
874 2976 1016 3011 naves
1055 2973 1214 3011 conse:
1242 2959 1450 3029 juberet.
1488 2960 1633 3029 Ergo
1671 2958 1711 3013 ii

695 3036 887 3090 dicunt
921 3055 1046 3089 eum
1079 3056 1136 3089 m
1150 3039 1292 3090 orari
1313 3039 1431 3109 ‚qui
1465 3049 1713 3091 accusant

685 3119 798 3187 ejus
806 3118 1213 3170 cunctationem.
1224 3118 1303 3170 M,
1310 3151 1376 3161 --
1385 3117 1597 3172 Gravius
1604 3158 1616 3171 .
1624 3118 1712 3171 Sic

683 3194 842 3249 codd.
873 3209 928 3249 et
957 3195 1080 3249 edd.
1107 3210 1234 3251 vett.
1265 3198 1406 3249 bene
1427 3216 1442 3250 ε
1467 3210 1522 3250 et
1549 3197 1709 3268 hujus

681 3277 964 3348 explicatio
986 3288 1064 3329 est
1089 3278 1328 3348 vulgata,
1341 3282 1613 3346 graviorem
1632 3297 1710 3328 ca-

681 3376 802 3409 sum-
817 3357 896 3409 Μ.
911 3357 1236 3428 Intelligitur
1248 3376 1398 3410 casus
1414 3358 1523 3421 ille,
1534 3376 1711 3428 aquam

683 3438 862 3487 sabam
881 3439 1092 3504 factam.
1120 3436 1224 3489 ΟΒ.
1239 3470 1322 3479 -
1338 3436 1707 3489 Alexandrinis.

681 3516 773 3568 Sic
783 3514 941 3569 codd.
957 3528 1012 3568 et
1023 3515 1128 3568 edd
1137 3556 1151 3569 .
1173 3529 1302 3569 vett.
1317 3554 1334 3581 ‚
1349 3535 1453 3588 pro
1471 3534 1584 3587 quo
1597 3517 1713 3569 vul·

681 3615 779 3667 go,
807 3596 1188 3649 Alexandrinos.
1214 3595 1379 3649 Corn.
1413 3596 1627 3667 Nepos,
1650 3596 1710 3647 in

685 3675 968 3745 Alcibiad„
993 3694 1111 3747 cap.
1143 3676 1174 3729 5
1196 3694 1210 3727 :
1237 3676 1294 3727 id
1314 3676 1572 3729 Alcibiadi
1598 3676 1710 3728 dm-

687 3761 781 3809 tius
801 3758 954 3809 celari
972 3774 1069 3808 non
1084 3761 1262 3826 potuit.
1281 3756 1466 3809 Nostri
1485 3754 1714 3824 codices,

683 3836 1042 3897 Alexandrini,
1071 3834 1218 3907 quod
1246 3835 1491 3889 usitatius
1521 3847 1712 3887 est.—

691 3916 854 3985 Quum
880 3928 977 3967 tam
1001 3936 1173 3987 parvo,
1205 3916 1342 3983 Alii,
1363 3934 1508 3987 quum
1535 3916 1591 3966 1ιί
1614 3926 1711 3965 tam

681 4014 852 4065 parvo.
878 3996 979 4048 ΟΒ.

775 4095 827 4127 2.
851 4075 921 4129 Ut
941 4079 990 4127 si
1004 4076 1122 4128 mihi
1226 4077 1564 4127 absumeretur.
1586 4074 1717 4128 For-

690 4166 820 4207 tasse
849 4155 908 4207 in
946 4155 1032 4210 his
1061 4174 1173 4208 non
1203 4156 1462 4209 hahemus
1493 4173 1715 4209 manum

1798 2800 1856 2851 in
1877 2798 1981 2852 hoc
2001 2799 2122 2853 loco
2140 2796 2439 2851 laboratum
2455 2817 2569 2851 esse
2584 2809 2804 2869 arguant.

1798 2876 1877 2931 Μ.
1907 2880 2085 2932 Davi&
2110 2898 2212 2951 pro
2238 2882 2479 2930 temerarii
2498 2878 2712 2931 volebat
2732 2896 2806 2927 ve·

1802 2963 2032 3012 temtor-ii.
2059 2960 2281 3014 Wassio
2304 2957 2563 3011 videntur
2586 2977 2701 3011 eoae
2724 2958 2808 3009 fal·

1798 3040 1949 3105 sarii,
1971 3039 2064 3110 qui
2092 3037 2259 3093 fidem
2289 3051 2524 3089 temerant
2538 3050 2590 3089 et
2602 3038 2807 3089 violant.

1798 3120 1880 3171 Eo
1906 3138 2062 3172 sensu
2086 3118 2282 3189 legitur
2300 3131 2583 3170 temerator.-
2591 3118 2811 3189 Digest„

1803 3197 2810 3267 48,1o,²9.0n.Veteratoriosfuisse

1796 3277 2183 3333 Alexandrinos
2194 3290 2400 3331 constat
2410 3278 2635 3355 ubique.
2645 3278 2810 3348 Prop,

1796 3359 1887 3411 El.
1913 3360 2137 3432 lib.111,
2163 3377 2226 3427 9,
2258 3358 2380 3411 33·
2365 3399 2379 3411 .

1854 3440 1983 3479 Noxi-
2001 3438 2239 3479 Alex-adm
2252 3468 2265 3487 ,
2279 3438 2382 3478 doli·
2392 3439 2597 3491 nptfiuim
2616 3439 2745 3479 mnu.

1801 3515 1962 3571 Unde
1976 3536 2189 3589 quoque
2194 3517 2598 3609 litymologicus
2604 3518 2812 3589 Magnus

1800 3599 2137 3668 αἰγυπτιάζων
2192 3598 2577 3669 interpretatur
2620 3617 2813 3666 πανουρ-

1800 3682 1955 3747 γεύειν
1970 3709 2053 3719 -
2070 3678 2231 3747 Quum
2254 3696 2373 3729 ‘vero
2375 3717 2470 3732 .....
2492 3689 2812 3746 cognoscatur.

1802 3757 1985 3821 Quum
2005 3776 2134 3809 vero
2152 3757 2273 3809 fieri
2297 3758 2461 3809 soleat
2476 3771 2607 3824 ,ut,
2637 3758 2681 3809 si
2709 3756 2813 3827 quis

1800 3834 2175 3889 Alexandriam
2212 3837 2443 3901 venerit,
2470 3834 2664 3889 eodem
2694 3850 2813 3889 tem·

1800 3935 1933 3988 pore
1946 3954 1963 3981 ‚
1990 3936 2099 3987 quo
2141 3916 2379 3987 primum
2418 3916 2695 3969 nationem
2736 3933 2813 3967 co-

1799 3996 2029 4067 gnoscit,
2076 4009 2324 4049 naturam
2373 4014 2591 4068 quoque
2642 4012 2813 4049 eornm

1801 4087 2100 4147 cognoscat.
2133 4106 2214 4119 --
2243 4078 2324 4129 De
2366 4094 2561 4129 eorum
2602 4072 2815 4149 perfidia

1803 4153 1927 4210 vide
1957 4174 2071 4225 cap.
2104 4164 2196 4219 24.
2230 4155 2444 4209 Motus.
