<?xml version="1.0" encoding="UTF-8"?>
<!DOCTYPE html PUBLIC "-//W3C//DTD XHTML 1.0 Transitional//EN"
    "http://www.w3.org/TR/xhtml1/DTD/xhtml1-transitional.dtd">
<html xmlns="http://www.w3.org/1999/xhtml" xml:lang="en" lang="en">
 <head>
  <title>
</title>
<meta http-equiv="Content-Type" content="text/html;charset=utf-8" />
  <meta name='ocr-system' content='tesseract 3.04.00' />
  <meta name='ocr-capabilities' content='ocr_page ocr_carea ocr_par ocr_line ocrx_word'/>
</head>
<body>
  <div class='ocr_page' id='page_1' title='image "./caiusjuliuscsar00plutgoog_0108.png"; bbox 0 0 3025 5025; ppageno 0'>
   <div class='ocr_carea' id='block_1_1' title="bbox 627 465 1945 537">
    <p class='ocr_par' dir='ltr' id='par_1_1' title="bbox 627 465 1945 537">
     <span class='ocr_line' id='line_1_1' title="bbox 627 465 1945 537; baseline -0.002 -1"><span class='ocrx_word' id='word_1_1' title='bbox 627 467 763 536; x_wconf 93' lang='lat' dir='ltr'>DE</span> <span class='ocrx_word' id='word_1_2' title='bbox 816 467 1162 537; x_wconf 89' lang='lat' dir='ltr'>BELLO</span> <span class='ocrx_word' id='word_1_3' title='bbox 1217 465 1586 536; x_wconf 87' lang='lat' dir='ltr'>CIVILI.</span> <span class='ocrx_word' id='word_1_4' title='bbox 1646 467 1835 536; x_wconf 93' lang='lat' dir='ltr'>LIB.</span> <span class='ocrx_word' id='word_1_5' title='bbox 1889 468 1945 534; x_wconf 92' lang='lat' dir='ltr'>I.</span> 
     </span>
    </p>
   </div>
   <div class='ocr_carea' id='block_1_2' title="bbox 2267 469 2367 564">
    <p class='ocr_par' dir='ltr' id='par_1_2' title="bbox 2267 469 2367 564">
     <span class='ocr_line' id='line_1_2' title="bbox 2267 469 2367 564; baseline 0 -24"><span class='ocrx_word' id='word_1_6' title='bbox 2267 469 2367 564; x_wconf 84' lang='lat'>93</span> 
     </span>
    </p>
   </div>
   <div class='ocr_carea' id='block_1_3' title="bbox 236 595 2383 1653">
    <p class='ocr_par' dir='ltr' id='par_1_3' title="bbox 240 595 2377 908">
     <span class='ocr_line' id='line_1_3' title="bbox 245 595 2377 698; baseline 0.004 -34"><span class='ocrx_word' id='word_1_7' title='bbox 245 612 426 691; x_wconf 82' lang='lat' dir='ltr'>atque</span> <span class='ocrx_word' id='word_1_8' title='bbox 485 599 672 666; x_wconf 89' lang='lat' dir='ltr'>omni</span> <span class='ocrx_word' id='word_1_9' title='bbox 731 600 990 668; x_wconf 87' lang='lat' dir='ltr'>ratione</span> <span class='ocrx_word' id='word_1_10' title='bbox 1044 595 1490 667; x_wconf 88' lang='lat' dir='ltr'>efficiendum.</span> <span class='ocrx_word' id='word_1_11' title='bbox 1542 597 1675 667; x_wconf 86' lang='lat' dir='ltr'>Sed</span> <span class='ocrx_word' id='word_1_12' title='bbox 1728 600 1934 667; x_wconf 85' lang='lat' dir='ltr'>totius</span> <span class='ocrx_word' id='word_1_13' title='bbox 1980 599 2109 668; x_wconf 86' lang='lat' dir='ltr'>diei</span> <span class='ocrx_word' id='word_1_14' title='bbox 2148 625 2377 698; x_wconf 81' lang='lat' dir='ltr'>pugna</span> 
     </span>
     <span class='ocr_line' id='line_1_4' title="bbox 241 702 2373 799; baseline 0.003 -28"><span class='ocrx_word' id='word_1_15' title='bbox 241 717 425 798; x_wconf 82' lang='lat' dir='ltr'>atque</span> <span class='ocrx_word' id='word_1_16' title='bbox 467 705 719 773; x_wconf 87' lang='lat' dir='ltr'>itineris</span> <span class='ocrx_word' id='word_1_17' title='bbox 753 702 980 774; x_wconf 84' lang='lat' dir='ltr'>labore</span> <span class='ocrx_word' id='word_1_18' title='bbox 1021 703 1298 791; x_wconf 84' lang='lat' dir='ltr'><strong>defessi,</strong></span> <span class='ocrx_word' id='word_1_19' title='bbox 1339 729 1482 774; x_wconf 89' lang='lat' dir='ltr'>rem</span> <span class='ocrx_word' id='word_1_20' title='bbox 1526 706 1594 772; x_wconf 92' lang='lat' dir='ltr'>in</span> <span class='ocrx_word' id='word_1_21' title='bbox 1637 719 1978 799; x_wconf 86' lang='lat' dir='ltr'>posterum</span> <span class='ocrx_word' id='word_1_22' title='bbox 2016 705 2197 776; x_wconf 90' lang='lat' dir='ltr'>diem</span> <span class='ocrx_word' id='word_1_23' title='bbox 2240 707 2373 777; x_wconf 89' lang='lat' dir='ltr'>dis-</span> 
     </span>
     <span class='ocr_line' id='line_1_5' title="bbox 240 795 2369 908; baseline 0.002 -30"><span class='ocrx_word' id='word_1_24' title='bbox 240 807 526 880; x_wconf 88' lang='lat' dir='ltr'>tulerunt</span> <span class='ocrx_word' id='word_1_25' title='bbox 545 795 594 880; x_wconf 81' lang='lat'>³.</span> <span class='ocrx_word' id='word_1_26' title='bbox 641 813 865 880; x_wconf 82' lang='lat' dir='ltr'>Caesar</span> <span class='ocrx_word' id='word_1_27' title='bbox 912 835 1178 906; x_wconf 90' lang='lat' dir='ltr'>quoque</span> <span class='ocrx_word' id='word_1_28' title='bbox 1225 811 1296 881; x_wconf 85' lang='lat' dir='ltr'>in</span> <span class='ocrx_word' id='word_1_29' title='bbox 1337 812 1645 906; x_wconf 85' lang='lat' dir='ltr'>proximo</span> <span class='ocrx_word' id='word_1_30' title='bbox 1688 809 1857 880; x_wconf 89' lang='lat' dir='ltr'>colle</span> <span class='ocrx_word' id='word_1_31' title='bbox 1900 827 2117 881; x_wconf 82' lang='lat' dir='ltr'>castra</span> <span class='ocrx_word' id='word_1_32' title='bbox 2158 817 2369 908; x_wconf 86' lang='lat' dir='ltr'>ponit.</span> 
     </span>
    </p>

    <p class='ocr_par' dir='ltr' id='par_1_4' title="bbox 236 909 2383 1653">
     <span class='ocr_line' id='line_1_6' title="bbox 333 909 2377 1014; baseline 0.002 -30"><span class='ocrx_word' id='word_1_33' title='bbox 333 919 589 987; x_wconf 87' lang='lat' dir='ltr'><strong>LXVI.</strong></span> <span class='ocrx_word' id='word_1_34' title='bbox 633 917 860 987; x_wconf 85' lang='lat' dir='ltr'>Media</span> <span class='ocrx_word' id='word_1_35' title='bbox 895 918 1158 986; x_wconf 85' lang='lat' dir='ltr'>circiter</span> <span class='ocrx_word' id='word_1_36' title='bbox 1183 931 1413 1005; x_wconf 89' lang='lat' dir='ltr'>nocte,</span> <span class='ocrx_word' id='word_1_37' title='bbox 1452 918 1563 1006; x_wconf 81' lang='lat' dir='ltr'>iis,</span> <span class='ocrx_word' id='word_1_38' title='bbox 1592 919 1707 1014; x_wconf 87' lang='lat' dir='ltr'>qui</span> <span class='ocrx_word' id='word_1_39' title='bbox 1754 917 2129 1011; x_wconf 83' lang='lat' dir='ltr'>adaquandi</span> <span class='ocrx_word' id='word_1_40' title='bbox 2179 909 2377 990; x_wconf 62' lang='lat' dir='ltr'>censa</span> 
     </span>
     <span class='ocr_line' id='line_1_7' title="bbox 239 1020 2376 1119; baseline 0.003 -29"><span class='ocrx_word' id='word_1_41' title='bbox 239 1020 489 1117; x_wconf 84' lang='lat' dir='ltr'>longius</span> <span class='ocrx_word' id='word_1_42' title='bbox 520 1048 562 1090; x_wconf 90' lang='lat' dir='ltr'>a</span> <span class='ocrx_word' id='word_1_43' title='bbox 583 1025 816 1092; x_wconf 85' lang='lat' dir='ltr'>castris</span> <span class='ocrx_word' id='word_1_44' title='bbox 847 1037 1338 1118; x_wconf 82' lang='lat' dir='ltr'><strong>processerant,</strong></span> <span class='ocrx_word' id='word_1_45' title='bbox 1377 1022 1465 1092; x_wconf 86' lang='lat' dir='ltr'>ab</span> <span class='ocrx_word' id='word_1_46' title='bbox 1501 1025 1832 1118; x_wconf 88' lang='lat' dir='ltr'>equitibus</span> <span class='ocrx_word' id='word_1_47' title='bbox 1872 1025 2255 1119; x_wconf 84' lang='lat' dir='ltr'>correptis¹,</span> <span class='ocrx_word' id='word_1_48' title='bbox 2298 1027 2376 1096; x_wconf 88' lang='lat' dir='ltr'>fit</span> 
     </span>
     <span class='ocr_line' id='line_1_8' title="bbox 237 1127 2379 1230; baseline 0.003 -34"><span class='ocrx_word' id='word_1_49' title='bbox 237 1127 310 1196; x_wconf 88' lang='lat' dir='ltr'>ab</span> <span class='ocrx_word' id='word_1_50' title='bbox 345 1130 450 1198; x_wconf 88' lang='lat' dir='ltr'>his</span> <span class='ocrx_word' id='word_1_51' title='bbox 485 1131 734 1199; x_wconf 84' lang='lat' dir='ltr'>certior</span> <span class='ocrx_word' id='word_1_52' title='bbox 768 1131 994 1200; x_wconf 85' lang='lat' dir='ltr'>Caesar</span> <span class='ocrx_word' id='word_1_53' title='bbox 1009 1185 1028 1218; x_wconf 87' lang='lat'>,</span> <span class='ocrx_word' id='word_1_54' title='bbox 1058 1130 1262 1198; x_wconf 89' lang='lat' dir='ltr'>duces</span> <span class='ocrx_word' id='word_1_55' title='bbox 1293 1129 1827 1200; x_wconf 82' lang='lat' dir='ltr'>adversariorum</span> <span class='ocrx_word' id='word_1_56' title='bbox 1857 1129 2116 1199; x_wconf 86' lang='lat' dir='ltr'>silentio</span> <span class='ocrx_word' id='word_1_57' title='bbox 2153 1136 2379 1230; x_wconf 87' lang='lat' dir='ltr'>copias</span> 
     </span>
     <span class='ocr_line' id='line_1_9' title="bbox 239 1233 2381 1332; baseline 0.003 -29"><span class='ocrx_word' id='word_1_58' title='bbox 239 1237 458 1305; x_wconf 78' lang='lat' dir='ltr'>castris</span> <span class='ocrx_word' id='word_1_59' title='bbox 494 1236 798 1306; x_wconf 85' lang='lat' dir='ltr'>educere.</span> <span class='ocrx_word' id='word_1_60' title='bbox 841 1237 1000 1325; x_wconf 88' lang='lat' dir='ltr'>Quo</span> <span class='ocrx_word' id='word_1_61' title='bbox 1031 1238 1336 1332; x_wconf 87' lang='lat' dir='ltr'>cognito,</span> <span class='ocrx_word' id='word_1_62' title='bbox 1369 1237 1634 1331; x_wconf 84' lang='lat' dir='ltr'>signum</span> <span class='ocrx_word' id='word_1_63' title='bbox 1670 1233 1813 1306; x_wconf 76' lang='lat' dir='ltr'>dari</span> <span class='ocrx_word' id='word_1_64' title='bbox 1840 1238 2035 1329; x_wconf 86' lang='lat' dir='ltr'>jubet</span> <span class='ocrx_word' id='word_1_65' title='bbox 2058 1288 2077 1322; x_wconf 93' lang='lat'>,</span> <span class='ocrx_word' id='word_1_66' title='bbox 2116 1253 2185 1306; x_wconf 86' lang='lat' dir='ltr'>et</span> <span class='ocrx_word' id='word_1_67' title='bbox 2218 1263 2381 1310; x_wconf 80' lang='lat' dir='ltr'>vasa</span> 
     </span>
     <span class='ocr_line' id='line_1_10' title="bbox 237 1339 2378 1434; baseline 0.002 -25"><span class='ocrx_word' id='word_1_68' title='bbox 237 1341 493 1412; x_wconf 86' lang='lat' dir='ltr'>militari</span> <span class='ocrx_word' id='word_1_69' title='bbox 537 1368 725 1412; x_wconf 88' lang='lat' dir='ltr'>more</span> <span class='ocrx_word' id='word_1_70' title='bbox 761 1339 1221 1412; x_wconf 85' lang='lat' dir='ltr'>conclamari².</span> <span class='ocrx_word' id='word_1_71' title='bbox 1261 1342 1399 1431; x_wconf 90' lang='lat' dir='ltr'>Illi,</span> <span class='ocrx_word' id='word_1_72' title='bbox 1443 1343 1754 1413; x_wconf 86' lang='lat' dir='ltr'>exaudito</span> <span class='ocrx_word' id='word_1_73' title='bbox 1792 1341 2117 1433; x_wconf 88' lang='lat' dir='ltr'>clamore,</span> <span class='ocrx_word' id='word_1_74' title='bbox 2153 1347 2378 1434; x_wconf 85' lang='lat' dir='ltr'>veriti,</span> 
     </span>
     <span class='ocr_line' id='line_1_11' title="bbox 236 1448 2383 1545; baseline 0.002 -30"><span class='ocrx_word' id='word_1_75' title='bbox 236 1472 313 1516; x_wconf 90' lang='lat' dir='ltr'>ne</span> <span class='ocrx_word' id='word_1_76' title='bbox 349 1463 562 1519; x_wconf 87' lang='lat' dir='ltr'>noctu</span> <span class='ocrx_word' id='word_1_77' title='bbox 603 1448 900 1544; x_wconf 89' lang='lat' dir='ltr'>impediti</span> <span class='ocrx_word' id='word_1_78' title='bbox 951 1449 1076 1519; x_wconf 89' lang='lat' dir='ltr'>sub</span> <span class='ocrx_word' id='word_1_79' title='bbox 1122 1473 1324 1518; x_wconf 88' lang='lat' dir='ltr'>onere</span> <span class='ocrx_word' id='word_1_80' title='bbox 1374 1449 1733 1544; x_wconf 81' lang='lat' dir='ltr'>confligere</span> <span class='ocrx_word' id='word_1_81' title='bbox 1788 1465 2222 1545; x_wconf 86' lang='lat' dir='ltr'>cogerentur,</span> <span class='ocrx_word' id='word_1_82' title='bbox 2267 1466 2383 1520; x_wconf 86' lang='lat' dir='ltr'>aut</span> 
     </span>
     <span class='ocr_line' id='line_1_12' title="bbox 237 1557 2381 1653; baseline 0.001 -31"><span class='ocrx_word' id='word_1_83' title='bbox 237 1579 314 1622; x_wconf 88' lang='lat' dir='ltr'>ne</span> <span class='ocrx_word' id='word_1_84' title='bbox 356 1557 444 1625; x_wconf 87' lang='lat' dir='ltr'>ab</span> <span class='ocrx_word' id='word_1_85' title='bbox 489 1557 793 1650; x_wconf 82' lang='lat' dir='ltr'>equitatu</span> <span class='ocrx_word' id='word_1_86' title='bbox 835 1557 1114 1625; x_wconf 80' lang='lat' dir='ltr'>Caesaris</span> <span class='ocrx_word' id='word_1_87' title='bbox 1146 1557 1217 1623; x_wconf 90' lang='lat' dir='ltr'>in</span> <span class='ocrx_word' id='word_1_88' title='bbox 1253 1557 1573 1650; x_wconf 84' lang='lat' dir='ltr'>angustiis</span> <span class='ocrx_word' id='word_1_89' title='bbox 1610 1569 2033 1644; x_wconf 87' lang='lat' dir='ltr'>tenerentur,</span> <span class='ocrx_word' id='word_1_90' title='bbox 2068 1559 2195 1626; x_wconf 90' lang='lat' dir='ltr'>iter</span> <span class='ocrx_word' id='word_1_91' title='bbox 2227 1583 2381 1653; x_wconf 92' lang='lat' dir='ltr'>sup-</span> 
     </span>
    </p>
   </div>
   <div class='ocr_carea' id='block_1_4' title="bbox 236 1759 1282 4230">
    <p class='ocr_par' dir='ltr' id='par_1_5' title="bbox 236 1759 1275 2707">
     <span class='ocr_line' id='line_1_13' title="bbox 313 1759 1264 1830; baseline 0 -18"><span class='ocrx_word' id='word_1_92' title='bbox 313 1760 366 1812; x_wconf 83' lang='lat'>3.</span> <span class='ocrx_word' id='word_1_93' title='bbox 397 1760 523 1812; x_wconf 83' lang='lat' dir='ltr'>Rem</span> <span class='ocrx_word' id='word_1_94' title='bbox 557 1761 610 1811; x_wconf 76' lang='grc' dir='ltr'>ἰη</span> <span class='ocrx_word' id='word_1_95' title='bbox 631 1772 875 1830; x_wconf 81' lang='lat' dir='ltr'>posterum</span> <span class='ocrx_word' id='word_1_96' title='bbox 904 1759 1029 1811; x_wconf 78' lang='lat' dir='ltr'>diem</span> <span class='ocrx_word' id='word_1_97' title='bbox 1061 1759 1264 1812; x_wconf 75' lang='lat' dir='ltr'>distule-</span> 
     </span>
     <span class='ocr_line' id='line_1_14' title="bbox 238 1839 1266 1912; baseline 0.003 -22"><span class='ocrx_word' id='word_1_98' title='bbox 238 1851 359 1892; x_wconf 76' lang='lat' dir='ltr'>runt.</span> <span class='ocrx_word' id='word_1_99' title='bbox 377 1839 568 1894; x_wconf 83' lang='lat' dir='ltr'>Novus</span> <span class='ocrx_word' id='word_1_100' title='bbox 598 1858 752 1892; x_wconf 87' lang='lat' dir='ltr'>error</span> <span class='ocrx_word' id='word_1_101' title='bbox 766 1878 782 1906; x_wconf 87' lang='lat'>,</span> <span class='ocrx_word' id='word_1_102' title='bbox 805 1852 860 1894; x_wconf 92' lang='lat' dir='ltr'>et</span> <span class='ocrx_word' id='word_1_103' title='bbox 882 1859 912 1892; x_wconf 90' lang='lat' dir='ltr'>a</span> <span class='ocrx_word' id='word_1_104' title='bbox 939 1840 1110 1912; x_wconf 83' lang='lat' dir='ltr'>priori</span> <span class='ocrx_word' id='word_1_105' title='bbox 1140 1859 1266 1912; x_wconf 81' lang='lat' dir='ltr'>pee-</span> 
     </span>
     <span class='ocr_line' id='line_1_15' title="bbox 237 1918 1266 1992; baseline -0.001 -20"><span class='ocrx_word' id='word_1_106' title='bbox 237 1933 346 1972; x_wconf 84' lang='lat' dir='ltr'>cato</span> <span class='ocrx_word' id='word_1_107' title='bbox 362 1918 624 1992; x_wconf 86' lang='lat' dir='ltr'>pendens.</span> <span class='ocrx_word' id='word_1_108' title='bbox 649 1921 916 1974; x_wconf 82' lang='lat' dir='ltr'>Caeterum</span> <span class='ocrx_word' id='word_1_109' title='bbox 935 1939 1000 1974; x_wconf 86' lang='lat' dir='ltr'>ex</span> <span class='ocrx_word' id='word_1_110' title='bbox 1023 1921 1108 1973; x_wconf 88' lang='lat' dir='ltr'>his</span> <span class='ocrx_word' id='word_1_111' title='bbox 1134 1939 1266 1974; x_wconf 88' lang='lat' dir='ltr'>con-</span> 
     </span>
     <span class='ocr_line' id='line_1_16' title="bbox 237 2000 1267 2070; baseline 0.002 -20"><span class='ocrx_word' id='word_1_112' title='bbox 237 2011 354 2058; x_wconf 79' lang='lat' dir='ltr'>stat,</span> <span class='ocrx_word' id='word_1_113' title='bbox 397 2001 563 2053; x_wconf 79' lang='lat' dir='ltr'>verba</span> <span class='ocrx_word' id='word_1_114' title='bbox 605 2000 930 2070; x_wconf 67' lang='lat' dir='ltr'>excipiebant,</span> <span class='ocrx_word' id='word_1_115' title='bbox 978 2019 1030 2051; x_wconf 83' lang='lat' dir='ltr'>se</span> <span class='ocrx_word' id='word_1_116' title='bbox 1069 2003 1267 2070; x_wconf 79' lang='lat' dir='ltr'>recipie-</span> 
     </span>
     <span class='ocr_line' id='line_1_17' title="bbox 239 2077 1274 2151; baseline 0.005 -21"><span class='ocrx_word' id='word_1_117' title='bbox 239 2079 370 2142; x_wconf 81' lang='lat' dir='ltr'>bant,</span> <span class='ocrx_word' id='word_1_118' title='bbox 411 2077 654 2133; x_wconf 84' lang='lat' dir='ltr'>indicare</span> <span class='ocrx_word' id='word_1_119' title='bbox 683 2092 892 2133; x_wconf 84' lang='lat' dir='ltr'>tantum</span> <span class='ocrx_word' id='word_1_120' title='bbox 919 2077 1052 2151; x_wconf 88' lang='lat' dir='ltr'>quid</span> <span class='ocrx_word' id='word_1_121' title='bbox 1069 2079 1274 2135; x_wconf 83' lang='lat' dir='ltr'>consti·.</span> 
     </span>
     <span class='ocr_line' id='line_1_18' title="bbox 237 2159 1267 2231; baseline 0 -19"><span class='ocrx_word' id='word_1_122' title='bbox 237 2172 445 2214; x_wconf 73' lang='lat' dir='ltr'>merant</span> <span class='ocrx_word' id='word_1_123' title='bbox 458 2161 654 2224; x_wconf 80' lang='lat' dir='ltr'>facere,</span> <span class='ocrx_word' id='word_1_124' title='bbox 665 2179 778 2212; x_wconf 89' lang='lat' dir='ltr'>non</span> <span class='ocrx_word' id='word_1_125' title='bbox 792 2159 939 2231; x_wconf 88' lang='lat' dir='ltr'>quod</span> <span class='ocrx_word' id='word_1_126' title='bbox 953 2160 1267 2225; x_wconf 78' lang='lat' dir='ltr'>effecerunt3</span> 
     </span>
     <span class='ocr_line' id='line_1_19' title="bbox 237 2235 1267 2310; baseline 0 -19"><span class='ocrx_word' id='word_1_127' title='bbox 237 2253 376 2292; x_wconf 71' lang='lat' dir='ltr'>recte</span> <span class='ocrx_word' id='word_1_128' title='bbox 399 2241 568 2310; x_wconf 81' lang='lat' dir='ltr'>igitur</span> <span class='ocrx_word' id='word_1_129' title='bbox 603 2241 790 2310; x_wconf 79' lang='lat' dir='ltr'>Tur-pin</span> <span class='ocrx_word' id='word_1_130' title='bbox 819 2239 878 2292; x_wconf 81' lang='lat' dir='ltr'>de</span> <span class='ocrx_word' id='word_1_131' title='bbox 907 2239 1070 2293; x_wconf 69' lang='lat' dir='ltr'>Crisse&#39;</span> <span class='ocrx_word' id='word_1_132' title='bbox 1083 2235 1106 2301; x_wconf 95' lang='lat'>(</span> <span class='ocrx_word' id='word_1_133' title='bbox 1123 2251 1162 2292; x_wconf 88' lang='lat' dir='ltr'>t.</span> <span class='ocrx_word' id='word_1_134' title='bbox 1186 2257 1234 2292; x_wconf 80' lang='grc' dir='ltr'>ιι</span> <span class='ocrx_word' id='word_1_135' title='bbox 1252 2279 1267 2303; x_wconf 90' lang='grc'><strong>,</strong></span> 
     </span>
     <span class='ocr_line' id='line_1_20' title="bbox 237 2317 1272 2392; baseline -0.003 -20"><span class='ocrx_word' id='word_1_136' title='bbox 237 2339 288 2390; x_wconf 86' lang='lat' dir='ltr'>p.</span> <span class='ocrx_word' id='word_1_137' title='bbox 319 2317 469 2384; x_wconf 72' lang='lat'>400)</span> <span class='ocrx_word' id='word_1_138' title='bbox 489 2340 509 2372; x_wconf 90' lang='lat'><em>:</em></span> <span class='ocrx_word' id='word_1_139' title='bbox 527 2340 582 2372; x_wconf 83' lang='lat' dir='ltr'>ce</span> <span class='ocrx_word' id='word_1_140' title='bbox 605 2321 784 2371; x_wconf 78' lang='lat' dir='ltr'>n’e&#39;tait</span> <span class='ocrx_word' id='word_1_141' title='bbox 801 2321 953 2392; x_wconf 84' lang='lat' dir='ltr'>qu&#39;un</span> <span class='ocrx_word' id='word_1_142' title='bbox 963 2322 1132 2392; x_wconf 77' lang='lat' dir='ltr'>projet</span> <span class='ocrx_word' id='word_1_143' title='bbox 1151 2320 1272 2370; x_wconf 83' lang='lat' dir='ltr'>dont</span> 
     </span>
     <span class='ocr_line' id='line_1_21' title="bbox 238 2395 1269 2473; baseline -0.001 -24"><span class='ocrx_word' id='word_1_144' title='bbox 238 2400 258 2449; x_wconf 84' lang='grc' dir='ltr'><strong><em>Ι</em></strong></span> <span class='ocrx_word' id='word_1_145' title='bbox 261 2399 580 2470; x_wconf 79' lang='lat' dir='ltr'>&#39;imprudence</span> <span class='ocrx_word' id='word_1_146' title='bbox 593 2419 658 2473; x_wconf 84' lang='lat' dir='ltr'>qu</span> <span class='ocrx_word' id='word_1_147' title='bbox 667 2400 712 2450; x_wconf 84' lang='lat' dir='ltr'>&#39;a</span> <span class='ocrx_word' id='word_1_148' title='bbox 717 2402 874 2452; x_wconf 65' lang='lat' dir='ltr'>valent</span> <span class='ocrx_word' id='word_1_149' title='bbox 885 2395 1100 2451; x_wconf 64' lang='lat' dir='ltr'>contmise</span> <span class='ocrx_word' id='word_1_150' title='bbox 1107 2399 1162 2452; x_wconf 91' lang='lat' dir='ltr'><em>A</em></span> <span class='ocrx_word' id='word_1_151' title='bbox 1151 2401 1269 2467; x_wconf 77' lang='lat' dir='ltr'>fta-</span> 
     </span>
     <span class='ocr_line' id='line_1_22' title="bbox 237 2478 1275 2542; baseline 0 -11"><span class='ocrx_word' id='word_1_152' title='bbox 237 2483 342 2533; x_wconf 76' lang='lat' dir='ltr'>nius</span> <span class='ocrx_word' id='word_1_153' title='bbox 359 2491 410 2532; x_wconf 82' lang='lat' dir='ltr'>et</span> <span class='ocrx_word' id='word_1_154' title='bbox 425 2481 675 2542; x_wconf 79' lang='lat' dir='ltr'>Petreius,</span> <span class='ocrx_word' id='word_1_155' title='bbox 703 2499 764 2531; x_wconf 78' lang='lat' dir='ltr'>en</span> <span class='ocrx_word' id='word_1_156' title='bbox 780 2500 804 2531; x_wconf 80' lang='lat' dir='ltr'>s</span> <span class='ocrx_word' id='word_1_157' title='bbox 815 2480 1047 2533; x_wconf 55' lang='lat' dir='ltr'>&#39;arratam</span> <span class='ocrx_word' id='word_1_158' title='bbox 1061 2478 1275 2533; x_wconf 82' lang='lat' dir='ltr'>d&#39;abord</span> 
     </span>
     <span class='ocr_line' id='line_1_23' title="bbox 236 2561 1274 2631; baseline 0 -20"><span class='ocrx_word' id='word_1_159' title='bbox 236 2580 318 2611; x_wconf 76' lang='lat' dir='ltr'>sur</span> <span class='ocrx_word' id='word_1_160' title='bbox 347 2562 416 2613; x_wconf 81' lang='lat' dir='ltr'>les</span> <span class='ocrx_word' id='word_1_161' title='bbox 451 2561 706 2621; x_wconf 71' lang='lat' dir='ltr'>hauteur-s,</span> <span class='ocrx_word' id='word_1_162' title='bbox 743 2572 794 2611; x_wconf 83' lang='lat' dir='ltr'>et</span> <span class='ocrx_word' id='word_1_163' title='bbox 819 2581 862 2631; x_wconf 80' lang='lat' dir='ltr'><em>y</em></span> <span class='ocrx_word' id='word_1_164' title='bbox 895 2572 1138 2630; x_wconf 71' lang='lat' dir='ltr'>rangeant</span> <span class='ocrx_word' id='word_1_165' title='bbox 1169 2561 1274 2611; x_wconf 82' lang='lat' dir='ltr'>leur</span> 
     </span>
     <span class='ocr_line' id='line_1_24' title="bbox 238 2640 1118 2707; baseline -0.002 -14"><span class='ocrx_word' id='word_1_166' title='bbox 238 2645 390 2693; x_wconf 74' lang='lat' dir='ltr'>arme&#39;e</span> <span class='ocrx_word' id='word_1_167' title='bbox 413 2660 476 2692; x_wconf 81' lang='lat' dir='ltr'>en</span> <span class='ocrx_word' id='word_1_168' title='bbox 499 2640 724 2703; x_wconf 60' lang='lat' dir='ltr'>hamale,</span> <span class='ocrx_word' id='word_1_169' title='bbox 754 2649 916 2692; x_wconf 72' lang='lat' dir='ltr'>arreta</span> <span class='ocrx_word' id='word_1_170' title='bbox 942 2640 1118 2707; x_wconf 80' lang='lat' dir='ltr'>l&#39;effit.</span> 
     </span>
    </p>

    <p class='ocr_par' dir='ltr' id='par_1_6' title="bbox 237 2718 1280 3911">
     <span class='ocr_line' id='line_1_25' title="bbox 314 2718 1275 2792; baseline -0.002 -19"><span class='ocrx_word' id='word_1_171' title='bbox 314 2720 450 2773; x_wconf 72' lang='lat' dir='ltr'>Cu».</span> <span class='ocrx_word' id='word_1_172' title='bbox 475 2721 681 2773; x_wconf 85' lang='lat' dir='ltr'>LXVI.</span> <span class='ocrx_word' id='word_1_173' title='bbox 711 2738 758 2772; x_wconf 87' lang='lat'>1.</span> <span class='ocrx_word' id='word_1_174' title='bbox 785 2720 856 2773; x_wconf 76' lang='lat' dir='ltr'>Iis</span> <span class='ocrx_word' id='word_1_175' title='bbox 885 2722 973 2792; x_wconf 72' lang='lat' dir='ltr'>qui</span> <span class='ocrx_word' id='word_1_176' title='bbox 993 2718 1275 2790; x_wconf 73' lang='lat' dir='ltr'>adaquandi</span> 
     </span>
     <span class='ocr_line' id='line_1_26' title="bbox 237 2796 1270 2871; baseline -0.003 -18"><span class='ocrx_word' id='word_1_177' title='bbox 237 2820 400 2855; x_wconf 79' lang='lat' dir='ltr'>causa.</span> <span class='ocrx_word' id='word_1_178' title='bbox 417 2839 432 2854; x_wconf 89' lang='lat'>.</span> <span class='ocrx_word' id='word_1_179' title='bbox 456 2838 469 2852; x_wconf 95' lang='lat'>.</span> <span class='ocrx_word' id='word_1_180' title='bbox 508 2803 756 2871; x_wconf 75' lang='lat' dir='ltr'>correptis.</span> <span class='ocrx_word' id='word_1_181' title='bbox 805 2800 1068 2852; x_wconf 85' lang='lat' dir='ltr'>Nonnulli</span> <span class='ocrx_word' id='word_1_182' title='bbox 1111 2796 1270 2852; x_wconf 88' lang='lat' dir='ltr'>codd·</span> 
     </span>
     <span class='ocr_line' id='line_1_27' title="bbox 239 2876 1270 2951; baseline 0.002 -21"><span class='ocrx_word' id='word_1_183' title='bbox 239 2884 275 2931; x_wconf 73' lang='lat' dir='ltr'>ii</span> <span class='ocrx_word' id='word_1_184' title='bbox 295 2884 404 2951; x_wconf 80' lang='lat' dir='ltr'>qui,</span> <span class='ocrx_word' id='word_1_185' title='bbox 431 2890 554 2933; x_wconf 81' lang='lat' dir='ltr'>etc..</span> <span class='ocrx_word' id='word_1_186' title='bbox 573 2920 588 2933; x_wconf 90' lang='lat'>.</span> <span class='ocrx_word' id='word_1_187' title='bbox 617 2883 845 2949; x_wconf 74' lang='lat' dir='ltr'>correpti,</span> <span class='ocrx_word' id='word_1_188' title='bbox 873 2898 976 2950; x_wconf 82' lang='lat' dir='ltr'>pro</span> <span class='ocrx_word' id='word_1_189' title='bbox 1009 2898 1118 2950; x_wconf 85' lang='lat' dir='ltr'>quo</span> <span class='ocrx_word' id='word_1_190' title='bbox 1150 2876 1270 2932; x_wconf 86' lang='lat' dir='ltr'>cod.</span> 
     </span>
     <span class='ocr_line' id='line_1_28' title="bbox 238 2959 1273 3029; baseline 0 -18"><span class='ocrx_word' id='word_1_191' title='bbox 238 2973 417 3013; x_wconf 85' lang='lat' dir='ltr'>noster</span> <span class='ocrx_word' id='word_1_192' title='bbox 449 2960 606 3029; x_wconf 72' lang='lat'><em>5764</em></span> <span class='ocrx_word' id='word_1_193' title='bbox 631 2960 816 3011; x_wconf 81' lang='lat' dir='ltr'>habet:</span> <span class='ocrx_word' id='word_1_194' title='bbox 843 2959 934 3011; x_wconf 73' lang='lat' dir='ltr'>lais.</span> <span class='ocrx_word' id='word_1_195' title='bbox 952 2999 965 3012; x_wconf 93' lang='lat'>.</span> <span class='ocrx_word' id='word_1_196' title='bbox 982 2999 996 3012; x_wconf 93' lang='lat'>.</span> <span class='ocrx_word' id='word_1_197' title='bbox 1027 2962 1273 3028; x_wconf 82' lang='lat' dir='ltr'>correpti:</span> 
     </span>
     <span class='ocr_line' id='line_1_29' title="bbox 237 3037 1274 3110; baseline -0.001 -19"><span class='ocrx_word' id='word_1_198' title='bbox 237 3040 428 3095; x_wconf 76' lang='lat' dir='ltr'>vitiose</span> <span class='ocrx_word' id='word_1_199' title='bbox 472 3052 791 3110; x_wconf 58' lang='lat' dir='ltr'>utrumque„</span> <span class='ocrx_word' id='word_1_200' title='bbox 841 3040 913 3090; x_wconf 81' lang='lat' dir='ltr'>At</span> <span class='ocrx_word' id='word_1_201' title='bbox 967 3037 1086 3091; x_wconf 89' lang='lat' dir='ltr'>cod.</span> <span class='ocrx_word' id='word_1_202' title='bbox 1144 3038 1274 3091; x_wconf 84' lang='lat' dir='ltr'>alter</span> 
     </span>
     <span class='ocr_line' id='line_1_30' title="bbox 244 3117 1274 3189; baseline 0.001 -18"><span class='ocrx_word' id='word_1_203' title='bbox 244 3118 392 3189; x_wconf 82' lang='lat'><em>5768</em></span> <span class='ocrx_word' id='word_1_204' title='bbox 437 3132 690 3171; x_wconf 83' lang='lat' dir='ltr'>nostram</span> <span class='ocrx_word' id='word_1_205' title='bbox 711 3117 997 3172; x_wconf 87' lang='lat' dir='ltr'>lectionem</span> <span class='ocrx_word' id='word_1_206' title='bbox 1035 3118 1274 3185; x_wconf 86' lang='lat' dir='ltr'>exhibet,</span> 
     </span>
     <span class='ocr_line' id='line_1_31' title="bbox 241 3196 1276 3271; baseline -0.001 -19"><span class='ocrx_word' id='word_1_207' title='bbox 241 3211 572 3271; x_wconf 79' lang='lat' dir='ltr'>quapropter</span> <span class='ocrx_word' id='word_1_208' title='bbox 615 3196 891 3251; x_wconf 82' lang='lat' dir='ltr'>retinenda</span> <span class='ocrx_word' id='word_1_209' title='bbox 937 3208 1031 3251; x_wconf 87' lang='lat' dir='ltr'>est.</span> <span class='ocrx_word' id='word_1_210' title='bbox 1088 3198 1276 3268; x_wconf 86' lang='lat' dir='ltr'>Neque</span> 
     </span>
     <span class='ocr_line' id='line_1_32' title="bbox 241 3275 1276 3349; baseline -0.003 -17"><span class='ocrx_word' id='word_1_211' title='bbox 241 3290 416 3332; x_wconf 78' lang='lat' dir='ltr'>tamen</span> <span class='ocrx_word' id='word_1_212' title='bbox 461 3276 834 3349; x_wconf 78' lang='lat' dir='ltr'>praetereunda</span> <span class='ocrx_word' id='word_1_213' title='bbox 873 3275 1086 3330; x_wconf 82' lang='lat' dir='ltr'>videtur</span> <span class='ocrx_word' id='word_1_214' title='bbox 1127 3278 1276 3349; x_wconf 84' lang='lat' dir='ltr'>inge·</span> 
     </span>
     <span class='ocr_line' id='line_1_33' title="bbox 242 3356 1275 3429; baseline 0 -18"><span class='ocrx_word' id='word_1_215' title='bbox 242 3360 386 3413; x_wconf 85' lang='lat' dir='ltr'>niosa</span> <span class='ocrx_word' id='word_1_216' title='bbox 410 3356 722 3411; x_wconf 83' lang='lat' dir='ltr'>Marklandi</span> <span class='ocrx_word' id='word_1_217' title='bbox 747 3360 1068 3429; x_wconf 85' lang='lat' dir='ltr'>conjectura.</span> <span class='ocrx_word' id='word_1_218' title='bbox 1091 3358 1275 3422; x_wconf 87' lang='lat' dir='ltr'>Quum</span> 
     </span>
     <span class='ocr_line' id='line_1_34' title="bbox 243 3437 1273 3508; baseline 0.001 -17"><span class='ocrx_word' id='word_1_219' title='bbox 243 3440 568 3491; x_wconf 73' lang='lat' dir='ltr'>membranae</span> <span class='ocrx_word' id='word_1_220' title='bbox 596 3439 875 3508; x_wconf 77' lang='lat' dir='ltr'>permultae</span> <span class='ocrx_word' id='word_1_221' title='bbox 903 3437 1134 3490; x_wconf 79' lang='lat' dir='ltr'>habeant</span> <span class='ocrx_word' id='word_1_222' title='bbox 1165 3441 1217 3489; x_wconf 80' lang='lat' dir='ltr'>ii.</span> <span class='ocrx_word' id='word_1_223' title='bbox 1232 3479 1244 3491; x_wconf 89' lang='lat'>.</span> <span class='ocrx_word' id='word_1_224' title='bbox 1258 3477 1273 3492; x_wconf 84' lang='lat'>.</span> 
     </span>
     <span class='ocr_line' id='line_1_35' title="bbox 243 3516 1273 3589; baseline 0 -20"><span class='ocrx_word' id='word_1_225' title='bbox 243 3522 496 3589; x_wconf 74' lang='lat' dir='ltr'>eon-eptis,</span> <span class='ocrx_word' id='word_1_226' title='bbox 534 3518 830 3589; x_wconf 82' lang='lat' dir='ltr'>suspicatur</span> <span class='ocrx_word' id='word_1_227' title='bbox 857 3518 916 3569; x_wconf 88' lang='lat' dir='ltr'>in</span> <span class='ocrx_word' id='word_1_228' title='bbox 944 3518 1126 3587; x_wconf 86' lang='lat' dir='ltr'>priore</span> <span class='ocrx_word' id='word_1_229' title='bbox 1154 3516 1273 3569; x_wconf 90' lang='lat' dir='ltr'>cod.</span> 
     </span>
     <span class='ocr_line' id='line_1_36' title="bbox 243 3594 1276 3669; baseline -0.001 -19"><span class='ocrx_word' id='word_1_230' title='bbox 243 3598 402 3651; x_wconf 75' lang='lat' dir='ltr'>fuisse</span> <span class='ocrx_word' id='word_1_231' title='bbox 418 3597 682 3669; x_wconf 84' lang='lat' dir='ltr'>scriptum</span> <span class='ocrx_word' id='word_1_232' title='bbox 703 3616 777 3663; x_wconf 86' lang='lat'>11,</span> <span class='ocrx_word' id='word_1_233' title='bbox 801 3594 947 3667; x_wconf 86' lang='lat' dir='ltr'>quod</span> <span class='ocrx_word' id='word_1_234' title='bbox 967 3609 1150 3649; x_wconf 84' lang='lat' dir='ltr'>notam</span> <span class='ocrx_word' id='word_1_235' title='bbox 1171 3616 1276 3649; x_wconf 84' lang='lat' dir='ltr'>nu·</span> 
     </span>
     <span class='ocr_line' id='line_1_37' title="bbox 243 3676 1278 3748; baseline -0.002 -17"><span class='ocrx_word' id='word_1_236' title='bbox 243 3679 500 3731; x_wconf 85' lang='lat' dir='ltr'>meralem</span> <span class='ocrx_word' id='word_1_237' title='bbox 536 3676 764 3741; x_wconf 86' lang='lat' dir='ltr'>indicat,</span> <span class='ocrx_word' id='word_1_238' title='bbox 803 3690 857 3729; x_wconf 88' lang='lat' dir='ltr'>et</span> <span class='ocrx_word' id='word_1_239' title='bbox 893 3676 1278 3748; x_wconf 84' lang='lat' dir='ltr'>interpretatur</span> 
     </span>
     <span class='ocr_line' id='line_1_38' title="bbox 245 3751 1280 3828; baseline -0.002 -18"><span class='ocrx_word' id='word_1_240' title='bbox 245 3755 598 3812; x_wconf 80' lang='lat' dir='ltr'>Marklandus</span> <span class='ocrx_word' id='word_1_241' title='bbox 632 3757 816 3809; x_wconf 79' lang='lat' dir='ltr'>duobus</span> <span class='ocrx_word' id='word_1_242' title='bbox 835 3751 857 3818; x_wconf 97' lang='lat'>(</span> <span class='ocrx_word' id='word_1_243' title='bbox 879 3754 1172 3821; x_wconf 82' lang='lat' dir='ltr'>militibus)</span> <span class='ocrx_word' id='word_1_244' title='bbox 1195 3760 1280 3828; x_wconf 81' lang='lat' dir='ltr'>qui</span> 
     </span>
     <span class='ocr_line' id='line_1_39' title="bbox 246 3838 1097 3911; baseline 0 -22"><span class='ocrx_word' id='word_1_245' title='bbox 246 3838 390 3911; x_wconf 61' lang='grc' dir='ltr'>«ὡς.</span> <span class='ocrx_word' id='word_1_246' title='bbox 415 3858 553 3891; x_wconf 80' lang='lat' dir='ltr'>caus.</span> <span class='ocrx_word' id='word_1_247' title='bbox 581 3856 829 3908; x_wconf 80' lang='lat' dir='ltr'>process...</span> <span class='ocrx_word' id='word_1_248' title='bbox 857 3840 1097 3907; x_wconf 76' lang='lat' dir='ltr'>correptis.</span> 
     </span>
    </p>

    <p class='ocr_par' dir='ltr' id='par_1_7' title="bbox 248 3917 1282 4230">
     <span class='ocr_line' id='line_1_40' title="bbox 333 3917 1274 3973; baseline -0.002 -2"><span class='ocrx_word' id='word_1_249' title='bbox 333 3939 384 3973; x_wconf 78' lang='lat'>2.</span> <span class='ocrx_word' id='word_1_250' title='bbox 415 3918 560 3969; x_wconf 84' lang='lat' dir='ltr'><em>Vasa</em></span> <span class='ocrx_word' id='word_1_251' title='bbox 586 3917 787 3969; x_wconf 80' lang='lat' dir='ltr'>militari</span> <span class='ocrx_word' id='word_1_252' title='bbox 813 3936 940 3969; x_wconf 77' lang='lat' dir='ltr'>more</span> <span class='ocrx_word' id='word_1_253' title='bbox 969 3917 1274 3969; x_wconf 74' lang='lat' dir='ltr'>corwlamari.</span> 
     </span>
     <span class='ocr_line' id='line_1_41' title="bbox 249 3996 1282 4051; baseline -0.004 0"><span class='ocrx_word' id='word_1_254' title='bbox 249 3998 364 4051; x_wconf 84' lang='lat' dir='ltr'>Duo</span> <span class='ocrx_word' id='word_1_255' title='bbox 383 3998 528 4051; x_wconf 83' lang='lat' dir='ltr'>codd.</span> <span class='ocrx_word' id='word_1_256' title='bbox 555 4001 714 4049; x_wconf 79' lang='lat' dir='ltr'>nostri</span> <span class='ocrx_word' id='word_1_257' title='bbox 737 3998 846 4049; x_wconf 78' lang='lat' dir='ltr'>RR.</span> <span class='ocrx_word' id='word_1_258' title='bbox 871 3996 1071 4049; x_wconf 87' lang='lat' dir='ltr'>habent</span> <span class='ocrx_word' id='word_1_259' title='bbox 1093 4014 1107 4049; x_wconf 75' lang='grc' dir='ltr'><strong><em>ε</em></strong></span> <span class='ocrx_word' id='word_1_260' title='bbox 1140 3996 1282 4049; x_wconf 78' lang='lat' dir='ltr'><em>Vasa</em></span> 
     </span>
     <span class='ocr_line' id='line_1_42' title="bbox 248 4076 1279 4147; baseline 0 -18"><span class='ocrx_word' id='word_1_261' title='bbox 248 4079 478 4131; x_wconf 78' lang='lat' dir='ltr'>nu‘litaria</span> <span class='ocrx_word' id='word_1_262' title='bbox 497 4098 628 4130; x_wconf 81' lang='lat' dir='ltr'>more</span> <span class='ocrx_word' id='word_1_263' title='bbox 654 4077 945 4129; x_wconf 76' lang='lat' dir='ltr'>conclamari</span> <span class='ocrx_word' id='word_1_264' title='bbox 953 4098 974 4138; x_wconf 86' lang='lat'>,-</span> <span class='ocrx_word' id='word_1_265' title='bbox 991 4096 1151 4147; x_wconf 82' lang='lat' dir='ltr'>quam</span> <span class='ocrx_word' id='word_1_266' title='bbox 1169 4076 1279 4129; x_wconf 82' lang='lat' dir='ltr'>lec·</span> 
     </span>
     <span class='ocr_line' id='line_1_43' title="bbox 251 4154 1278 4230; baseline -0.002 -19"><span class='ocrx_word' id='word_1_267' title='bbox 251 4159 450 4213; x_wconf 86' lang='lat' dir='ltr'>tionem</span> <span class='ocrx_word' id='word_1_268' title='bbox 465 4200 480 4225; x_wconf 93' lang='lat'>,</span> <span class='ocrx_word' id='word_1_269' title='bbox 507 4177 629 4230; x_wconf 76' lang='lat' dir='ltr'>quae</span> <span class='ocrx_word' id='word_1_270' title='bbox 648 4154 794 4228; x_wconf 83' lang='lat' dir='ltr'>apud</span> <span class='ocrx_word' id='word_1_271' title='bbox 817 4156 1012 4211; x_wconf 81' lang='lat' dir='ltr'>multos</span> <span class='ocrx_word' id='word_1_272' title='bbox 1034 4158 1164 4211; x_wconf 86' lang='lat' dir='ltr'>alios</span> <span class='ocrx_word' id='word_1_273' title='bbox 1187 4175 1278 4209; x_wconf 88' lang='lat' dir='ltr'>co·</span> 
     </span>
    </p>
   </div>
   <div class='ocr_carea' id='block_1_5' title="bbox 1350 1753 2406 4224">
    <p class='ocr_par' dir='ltr' id='par_1_8' title="bbox 1350 1753 2406 2471">
     <span class='ocr_line' id='line_1_44' title="bbox 1350 1753 2387 1831; baseline 0.002 -19"><span class='ocrx_word' id='word_1_274' title='bbox 1350 1757 1498 1813; x_wconf 85' lang='lat' dir='ltr'>dices</span> <span class='ocrx_word' id='word_1_275' title='bbox 1520 1759 1746 1831; x_wconf 88' lang='lat' dir='ltr'>reperiri</span> <span class='ocrx_word' id='word_1_276' title='bbox 1768 1757 1928 1812; x_wconf 88' lang='lat' dir='ltr'>debet</span> <span class='ocrx_word' id='word_1_277' title='bbox 1938 1753 1963 1824; x_wconf 76' lang='lat'>,²</span> <span class='ocrx_word' id='word_1_278' title='bbox 1978 1779 2047 1814; x_wconf 87' lang='lat' dir='ltr'>ne</span> <span class='ocrx_word' id='word_1_279' title='bbox 2063 1773 2387 1814; x_wconf 78' lang='lat' dir='ltr'>notaverunt</span> 
     </span>
     <span class='ocr_line' id='line_1_45' title="bbox 1351 1837 2385 1912; baseline 0.003 -20"><span class='ocrx_word' id='word_1_280' title='bbox 1351 1837 1575 1912; x_wconf 85' lang='lat' dir='ltr'>quidem</span> <span class='ocrx_word' id='word_1_281' title='bbox 1618 1837 2038 1912; x_wconf 83' lang='lat' dir='ltr'>Oudendorpius</span> <span class='ocrx_word' id='word_1_282' title='bbox 2078 1854 2135 1894; x_wconf 86' lang='lat' dir='ltr'>et</span> <span class='ocrx_word' id='word_1_283' title='bbox 2175 1842 2265 1894; x_wconf 83' lang='lat' dir='ltr'>alii</span> <span class='ocrx_word' id='word_1_284' title='bbox 2300 1842 2385 1894; x_wconf 85' lang='lat' dir='ltr'>in·</span> 
     </span>
     <span class='ocr_line' id='line_1_46' title="bbox 1353 1917 2389 1990; baseline 0.002 -18"><span class='ocrx_word' id='word_1_285' title='bbox 1353 1931 1612 1990; x_wconf 83' lang='lat' dir='ltr'>terpretes</span> <span class='ocrx_word' id='word_1_286' title='bbox 1640 1936 1655 1973; x_wconf 88' lang='lat'>:</span> <span class='ocrx_word' id='word_1_287' title='bbox 1686 1917 1832 1972; x_wconf 85' lang='lat' dir='ltr'>unde</span> <span class='ocrx_word' id='word_1_288' title='bbox 1863 1920 1921 1972; x_wconf 88' lang='lat' dir='ltr'>in</span> <span class='ocrx_word' id='word_1_289' title='bbox 1962 1939 2162 1973; x_wconf 79' lang='lat' dir='ltr'>vanum</span> <span class='ocrx_word' id='word_1_290' title='bbox 2194 1919 2389 1974; x_wconf 82' lang='lat' dir='ltr'>recidit</span> 
     </span>
     <span class='ocr_line' id='line_1_47' title="bbox 1351 1999 2386 2072; baseline 0 -20"><span class='ocrx_word' id='word_1_291' title='bbox 1351 2000 1525 2052; x_wconf 87' lang='lat' dir='ltr'>multo</span> <span class='ocrx_word' id='word_1_292' title='bbox 1562 1999 1775 2072; x_wconf 83' lang='lat' dir='ltr'>longior</span> <span class='ocrx_word' id='word_1_293' title='bbox 1811 2011 1938 2052; x_wconf 84' lang='lat' dir='ltr'>nota</span> <span class='ocrx_word' id='word_1_294' title='bbox 1977 1999 2353 2072; x_wconf 87' lang='lat' dir='ltr'>Oudendorpii</span> <span class='ocrx_word' id='word_1_295' title='bbox 2367 2040 2386 2068; x_wconf 90' lang='lat'>,</span> 
     </span>
     <span class='ocr_line' id='line_1_48' title="bbox 1351 2079 2387 2150; baseline 0.002 -18"><span class='ocrx_word' id='word_1_296' title='bbox 1351 2097 1407 2150; x_wconf 89' lang='lat' dir='ltr'>p.</span> <span class='ocrx_word' id='word_1_297' title='bbox 1448 2079 1583 2149; x_wconf 82' lang='lat'>587.</span> <span class='ocrx_word' id='word_1_298' title='bbox 1614 2081 1785 2132; x_wconf 89' lang='lat' dir='ltr'>Porro</span> <span class='ocrx_word' id='word_1_299' title='bbox 1823 2092 2059 2132; x_wconf 82' lang='lat' dir='ltr'>nostram</span> <span class='ocrx_word' id='word_1_300' title='bbox 2100 2081 2387 2134; x_wconf 84' lang='lat' dir='ltr'>lectionem</span> 
     </span>
     <span class='ocr_line' id='line_1_49' title="bbox 1353 2161 2406 2215; baseline 0.004 -4"><span class='ocrx_word' id='word_1_301' title='bbox 1353 2177 1537 2212; x_wconf 74' lang='lat' dir='ltr'>veram</span> <span class='ocrx_word' id='word_1_302' title='bbox 1551 2177 1660 2213; x_wconf 83' lang='lat' dir='ltr'>esse</span> <span class='ocrx_word' id='word_1_303' title='bbox 1683 2171 1918 2212; x_wconf 79' lang='lat' dir='ltr'>autumo.</span> <span class='ocrx_word' id='word_1_304' title='bbox 1936 2161 1969 2211; x_wconf 88' lang='lat' dir='ltr'>J</span> <span class='ocrx_word' id='word_1_305' title='bbox 1974 2161 2101 2213; x_wconf 91' lang='lat' dir='ltr'>ubet</span> <span class='ocrx_word' id='word_1_306' title='bbox 2116 2161 2261 2214; x_wconf 87' lang='lat' dir='ltr'>enim</span> <span class='ocrx_word' id='word_1_307' title='bbox 2276 2163 2406 2215; x_wconf 74' lang='lat' dir='ltr'>Cae·&#39;</span> 
     </span>
     <span class='ocr_line' id='line_1_50' title="bbox 1357 2235 2386 2316; baseline 0.001 -25"><span class='ocrx_word' id='word_1_308' title='bbox 1357 2255 1442 2292; x_wconf 81' lang='lat' dir='ltr'>sar</span> <span class='ocrx_word' id='word_1_309' title='bbox 1468 2259 1597 2290; x_wconf 88' lang='lat' dir='ltr'>more</span> <span class='ocrx_word' id='word_1_310' title='bbox 1611 2279 1626 2301; x_wconf 92' lang='lat'>,</span> <span class='ocrx_word' id='word_1_311' title='bbox 1655 2259 1756 2316; x_wconf 82' lang='lat' dir='ltr'>pro</span> <span class='ocrx_word' id='word_1_312' title='bbox 1781 2239 1842 2290; x_wconf 80' lang='lat' dir='ltr'>de</span> <span class='ocrx_word' id='word_1_313' title='bbox 1872 2258 1998 2292; x_wconf 77' lang='lat' dir='ltr'>more</span> <span class='ocrx_word' id='word_1_314' title='bbox 2024 2235 2046 2300; x_wconf 96' lang='lat'>(</span> <span class='ocrx_word' id='word_1_315' title='bbox 2069 2244 2258 2294; x_wconf 77' lang='lat' dir='ltr'>suivant</span> <span class='ocrx_word' id='word_1_316' title='bbox 2286 2241 2386 2292; x_wconf 87' lang='lat' dir='ltr'>l’u·</span> 
     </span>
     <span class='ocr_line' id='line_1_51' title="bbox 1353 2315 2388 2389; baseline 0.003 -21"><span class='ocrx_word' id='word_1_317' title='bbox 1353 2315 1504 2389; x_wconf 72' lang='lat' dir='ltr'>suge)</span> <span class='ocrx_word' id='word_1_318' title='bbox 1530 2338 1655 2370; x_wconf 74' lang='lat' dir='ltr'>vasa</span> <span class='ocrx_word' id='word_1_319' title='bbox 1688 2320 1923 2370; x_wconf 69' lang='lat' dir='ltr'>militaria</span> <span class='ocrx_word' id='word_1_320' title='bbox 1950 2321 2257 2373; x_wconf 79' lang='lat' dir='ltr'>conclamari.</span> <span class='ocrx_word' id='word_1_321' title='bbox 2277 2321 2388 2385; x_wconf 87' lang='lat' dir='ltr'>Qui</span> 
     </span>
     <span class='ocr_line' id='line_1_52' title="bbox 1354 2397 2385 2471; baseline 0.002 -21"><span class='ocrx_word' id='word_1_322' title='bbox 1354 2417 1499 2463; x_wconf 77' lang='lat' dir='ltr'>mOS,</span> <span class='ocrx_word' id='word_1_323' title='bbox 1530 2399 1755 2471; x_wconf 87' lang='lat' dir='ltr'>opinor,</span> <span class='ocrx_word' id='word_1_324' title='bbox 1784 2397 1932 2450; x_wconf 85' lang='lat' dir='ltr'>haud</span> <span class='ocrx_word' id='word_1_325' title='bbox 1962 2399 2085 2451; x_wconf 87' lang='lat' dir='ltr'>satis</span> <span class='ocrx_word' id='word_1_326' title='bbox 2115 2413 2275 2452; x_wconf 86' lang='lat' dir='ltr'>notus</span> <span class='ocrx_word' id='word_1_327' title='bbox 2305 2401 2385 2452; x_wconf 87' lang='lat' dir='ltr'>vi-</span> 
     </span>
    </p>

    <p class='ocr_par' dir='ltr' id='par_1_9' title="bbox 1357 2473 2395 2868">
     <span class='ocr_line' id='line_1_53' title="bbox 1357 2473 2387 2551; baseline 0.001 -20"><span class='ocrx_word' id='word_1_328' title='bbox 1357 2477 1517 2532; x_wconf 87' lang='lat' dir='ltr'>detur</span> <span class='ocrx_word' id='word_1_329' title='bbox 1534 2518 1553 2544; x_wconf 87' lang='lat'>,</span> <span class='ocrx_word' id='word_1_330' title='bbox 1592 2491 1647 2531; x_wconf 90' lang='lat' dir='ltr'>et</span> <span class='ocrx_word' id='word_1_331' title='bbox 1688 2495 1811 2531; x_wconf 85' lang='lat' dir='ltr'>eum</span> <span class='ocrx_word' id='word_1_332' title='bbox 1856 2477 2056 2531; x_wconf 83' lang='lat' dir='ltr'>omittit</span> <span class='ocrx_word' id='word_1_333' title='bbox 2097 2479 2242 2551; x_wconf 81' lang='lat' dir='ltr'>Lips.</span> <span class='ocrx_word' id='word_1_334' title='bbox 2286 2473 2308 2541; x_wconf 94' lang='lat'>(</span> <span class='ocrx_word' id='word_1_335' title='bbox 2329 2479 2387 2532; x_wconf 89' lang='lat' dir='ltr'>in</span> 
     </span>
     <span class='ocr_line' id='line_1_54' title="bbox 1357 2555 2391 2630; baseline 0 -19"><span class='ocrx_word' id='word_1_336' title='bbox 1357 2559 1472 2611; x_wconf 85' lang='lat' dir='ltr'>mil.</span> <span class='ocrx_word' id='word_1_337' title='bbox 1499 2577 1636 2611; x_wconf 84' lang='lat' dir='ltr'>rom.</span> <span class='ocrx_word' id='word_1_338' title='bbox 1653 2555 1690 2621; x_wconf 89' lang='lat'>).</span> <span class='ocrx_word' id='word_1_339' title='bbox 1725 2558 1893 2610; x_wconf 87' lang='lat' dir='ltr'>Primi</span> <span class='ocrx_word' id='word_1_340' title='bbox 1918 2559 2139 2611; x_wconf 84' lang='lat' dir='ltr'>fortasse</span> <span class='ocrx_word' id='word_1_341' title='bbox 2167 2560 2262 2630; x_wconf 91' lang='lat' dir='ltr'>qui</span> <span class='ocrx_word' id='word_1_342' title='bbox 2290 2578 2391 2630; x_wconf 89' lang='lat' dir='ltr'>per</span> 
     </span>
     <span class='ocr_line' id='line_1_55' title="bbox 1357 2636 2389 2709; baseline 0.003 -20"><span class='ocrx_word' id='word_1_343' title='bbox 1357 2639 1715 2702; x_wconf 58' lang='lat' dir='ltr'>Temerarius,</span> <span class='ocrx_word' id='word_1_344' title='bbox 1748 2636 1817 2690; x_wconf 89' lang='lat' dir='ltr'>de</span> <span class='ocrx_word' id='word_1_345' title='bbox 1850 2638 2045 2709; x_wconf 83' lang='lat' dir='ltr'>quibus</span> <span class='ocrx_word' id='word_1_346' title='bbox 2076 2657 2236 2709; x_wconf 82' lang='lat' dir='ltr'>supra</span> <span class='ocrx_word' id='word_1_347' title='bbox 2273 2638 2389 2692; x_wconf 87' lang='lat' dir='ltr'>dic·</span> 
     </span>
     <span class='ocr_line' id='line_1_56' title="bbox 1359 2716 2395 2787; baseline 0.002 -18"><span class='ocrx_word' id='word_1_348' title='bbox 1359 2718 1476 2770; x_wconf 79' lang='lat' dir='ltr'>tum</span> <span class='ocrx_word' id='word_1_349' title='bbox 1501 2729 1606 2782; x_wconf 87' lang='lat' dir='ltr'>est,</span> <span class='ocrx_word' id='word_1_350' title='bbox 1636 2716 1789 2769; x_wconf 88' lang='lat' dir='ltr'>ducis</span> <span class='ocrx_word' id='word_1_351' title='bbox 1810 2721 1951 2787; x_wconf 83' lang='lat' dir='ltr'>jussa</span> <span class='ocrx_word' id='word_1_352' title='bbox 1975 2716 2044 2770; x_wconf 86' lang='lat' dir='ltr'>de</span> <span class='ocrx_word' id='word_1_353' title='bbox 2070 2718 2253 2771; x_wconf 85' lang='lat' dir='ltr'>castris</span> <span class='ocrx_word' id='word_1_354' title='bbox 2277 2738 2395 2771; x_wconf 88' lang='lat' dir='ltr'>mo-</span> 
     </span>
     <span class='ocr_line' id='line_1_57' title="bbox 1358 2794 2383 2868; baseline -0.001 -16"><span class='ocrx_word' id='word_1_355' title='bbox 1358 2794 1548 2853; x_wconf 77' lang='lat' dir='ltr'>vendis</span> <span class='ocrx_word' id='word_1_356' title='bbox 1574 2796 1928 2868; x_wconf 80' lang='lat' dir='ltr'>recipiebant,</span> <span class='ocrx_word' id='word_1_357' title='bbox 1960 2798 2383 2861; x_wconf 80' lang='lat' dir='ltr'>conclamabant.</span> 
     </span>
    </p>

    <p class='ocr_par' dir='ltr' id='par_1_10' title="bbox 1361 2877 2387 2948">
     <span class='ocr_line' id='line_1_58' title="bbox 1361 2877 2387 2948; baseline 0.003 -20"><span class='ocrx_word' id='word_1_358' title='bbox 1361 2877 1623 2948; x_wconf 32' lang='lat' dir='ltr'>agitantes.</span> <span class='ocrx_word' id='word_1_359' title='bbox 1653 2894 1775 2929; x_wconf 80' lang='lat' dir='ltr'>vasa</span> <span class='ocrx_word' id='word_1_360' title='bbox 1816 2877 2092 2943; x_wconf 78' lang='lat' dir='ltr'>militaria,</span> <span class='ocrx_word' id='word_1_361' title='bbox 2126 2897 2245 2948; x_wconf 80' lang='lat' dir='ltr'>quae</span> <span class='ocrx_word' id='word_1_362' title='bbox 2276 2880 2387 2931; x_wconf 88' lang='lat' dir='ltr'>col·</span> 
     </span>
    </p>

    <p class='ocr_par' dir='ltr' id='par_1_11' title="bbox 1357 2955 2390 3173">
     <span class='ocr_line' id='line_1_59' title="bbox 1357 2955 2389 3031; baseline 0.003 -21"><span class='ocrx_word' id='word_1_363' title='bbox 1357 2958 1458 3011; x_wconf 81' lang='lat' dir='ltr'>lisa</span> <span class='ocrx_word' id='word_1_364' title='bbox 1475 2957 1617 3009; x_wconf 84' lang='lat' dir='ltr'>inter</span> <span class='ocrx_word' id='word_1_365' title='bbox 1636 2975 1691 3009; x_wconf 86' lang='lat' dir='ltr'>se</span> <span class='ocrx_word' id='word_1_366' title='bbox 1714 2955 2011 3010; x_wconf 85' lang='lat' dir='ltr'>reddebant</span> <span class='ocrx_word' id='word_1_367' title='bbox 2036 2976 2254 3025; x_wconf 89' lang='lat' dir='ltr'>sonum,</span> <span class='ocrx_word' id='word_1_368' title='bbox 2279 2960 2389 3031; x_wconf 78' lang='lat' dir='ltr'>qu&#39;o</span> 
     </span>
     <span class='ocr_line' id='line_1_60' title="bbox 1357 3035 2390 3109; baseline 0.005 -21"><span class='ocrx_word' id='word_1_369' title='bbox 1357 3036 1760 3108; x_wconf 80' lang='lat' dir='ltr'>longinquiores</span> <span class='ocrx_word' id='word_1_370' title='bbox 1780 3035 1848 3089; x_wconf 89' lang='lat' dir='ltr'>de</span> <span class='ocrx_word' id='word_1_371' title='bbox 1867 3037 2094 3109; x_wconf 84' lang='lat' dir='ltr'>imperio</span> <span class='ocrx_word' id='word_1_372' title='bbox 2110 3058 2390 3093; x_wconf 82' lang='lat' dir='ltr'>moneren-</span> 
     </span>
     <span class='ocr_line' id='line_1_61' title="bbox 1361 3116 2385 3173; baseline 0.003 -4"><span class='ocrx_word' id='word_1_373' title='bbox 1361 3129 1450 3169; x_wconf 85' lang='lat' dir='ltr'>tur</span> <span class='ocrx_word' id='word_1_374' title='bbox 1469 3135 1484 3169; x_wconf 84' lang='lat'><strong>:</strong></span> <span class='ocrx_word' id='word_1_375' title='bbox 1503 3116 1647 3169; x_wconf 86' lang='lat' dir='ltr'>unde</span> <span class='ocrx_word' id='word_1_376' title='bbox 1670 3136 1797 3168; x_wconf 69' lang='lat' dir='ltr'><strong><em>‘vasa</em></strong></span> <span class='ocrx_word' id='word_1_377' title='bbox 1825 3118 2059 3169; x_wconf 78' lang='lat' dir='ltr'>militaria</span> <span class='ocrx_word' id='word_1_378' title='bbox 2077 3122 2385 3173; x_wconf 76' lang='lat' dir='ltr'>conclamari.</span> 
     </span>
    </p>

    <p class='ocr_par' dir='ltr' id='par_1_12' title="bbox 1359 3198 2390 3426">
     <span class='ocr_line' id='line_1_62' title="bbox 1361 3198 2389 3271; baseline 0.003 -21"><span class='ocrx_word' id='word_1_379' title='bbox 1361 3198 1655 3251; x_wconf 85' lang='lat' dir='ltr'>Concussio</span> <span class='ocrx_word' id='word_1_380' title='bbox 1684 3216 1955 3249; x_wconf 84' lang='lat' dir='ltr'>armorum</span> <span class='ocrx_word' id='word_1_381' title='bbox 1980 3210 2102 3251; x_wconf 88' lang='lat' dir='ltr'>ante</span> <span class='ocrx_word' id='word_1_382' title='bbox 2126 3216 2389 3271; x_wconf 85' lang='lat' dir='ltr'>pugnam,</span> 
     </span>
     <span class='ocr_line' id='line_1_63' title="bbox 1359 3277 2390 3350; baseline 0.006 -21"><span class='ocrx_word' id='word_1_383' title='bbox 1359 3277 1445 3329; x_wconf 83' lang='lat' dir='ltr'>vel</span> <span class='ocrx_word' id='word_1_384' title='bbox 1464 3291 1589 3348; x_wconf 84' lang='lat' dir='ltr'>post</span> <span class='ocrx_word' id='word_1_385' title='bbox 1613 3278 2013 3343; x_wconf 78' lang='lat' dir='ltr'>allocutionem,</span> <span class='ocrx_word' id='word_1_386' title='bbox 2042 3291 2155 3331; x_wconf 81' lang='lat' dir='ltr'>erat</span> <span class='ocrx_word' id='word_1_387' title='bbox 2178 3281 2390 3350; x_wconf 85' lang='lat' dir='ltr'>signum</span> 
     </span>
     <span class='ocr_line' id='line_1_64' title="bbox 1360 3358 2388 3426; baseline 0.004 -17"><span class='ocrx_word' id='word_1_388' title='bbox 1360 3358 1598 3410; x_wconf 85' lang='lat' dir='ltr'>universi</span> <span class='ocrx_word' id='word_1_389' title='bbox 1610 3358 1852 3410; x_wconf 88' lang='lat' dir='ltr'>omnium</span> <span class='ocrx_word' id='word_1_390' title='bbox 1867 3376 2122 3422; x_wconf 81' lang='lat' dir='ltr'>assensus3</span> <span class='ocrx_word' id='word_1_391' title='bbox 2134 3360 2237 3413; x_wconf 88' lang='lat' dir='ltr'>hoc</span> <span class='ocrx_word' id='word_1_392' title='bbox 2250 3361 2388 3426; x_wconf 88' lang='lat' dir='ltr'>loco,</span> 
     </span>
    </p>

    <p class='ocr_par' dir='ltr' id='par_1_13' title="bbox 1359 3438 2390 3588">
     <span class='ocr_line' id='line_1_65' title="bbox 1359 3438 2390 3510; baseline 0.003 -21"><span class='ocrx_word' id='word_1_393' title='bbox 1359 3439 1639 3492; x_wconf 79' lang='lat' dir='ltr'>concussio</span> <span class='ocrx_word' id='word_1_394' title='bbox 1650 3456 1899 3491; x_wconf 82' lang='lat' dir='ltr'>vasorum</span> <span class='ocrx_word' id='word_1_395' title='bbox 1911 3438 2248 3503; x_wconf 82' lang='lat' dir='ltr'>militarium,</span> <span class='ocrx_word' id='word_1_396' title='bbox 2262 3458 2390 3510; x_wconf 82' lang='lat' dir='ltr'>pro·</span> 
     </span>
     <span class='ocr_line' id='line_1_66' title="bbox 1361 3516 2387 3588; baseline 0.001 -18"><span class='ocrx_word' id='word_1_397' title='bbox 1361 3517 1606 3571; x_wconf 79' lang='lat' dir='ltr'>fectionis</span> <span class='ocrx_word' id='word_1_398' title='bbox 1623 3517 1832 3588; x_wconf 80' lang='lat' dir='ltr'>signum</span> <span class='ocrx_word' id='word_1_399' title='bbox 1856 3516 2072 3570; x_wconf 87' lang='lat' dir='ltr'>indicat.</span> <span class='ocrx_word' id='word_1_400' title='bbox 2094 3518 2387 3585; x_wconf 75' lang='lat' dir='ltr'>Caeterum,</span> 
     </span>
    </p>

    <p class='ocr_par' dir='ltr' id='par_1_14' title="bbox 1363 3597 2385 3669">
     <span class='ocr_line' id='line_1_67' title="bbox 1363 3597 2385 3669; baseline 0.003 -19"><span class='ocrx_word' id='word_1_401' title='bbox 1363 3597 1478 3650; x_wconf 84' lang='lat' dir='ltr'>aliis</span> <span class='ocrx_word' id='word_1_402' title='bbox 1507 3598 1683 3668; x_wconf 87' lang='lat' dir='ltr'>placet</span> <span class='ocrx_word' id='word_1_403' title='bbox 1708 3598 1809 3650; x_wconf 85' lang='lat' dir='ltr'>alia</span> <span class='ocrx_word' id='word_1_404' title='bbox 1841 3599 2003 3669; x_wconf 87' lang='lat' dir='ltr'>hujus</span> <span class='ocrx_word' id='word_1_405' title='bbox 2036 3597 2181 3649; x_wconf 82' lang='lat' dir='ltr'>vocis</span> <span class='ocrx_word' id='word_1_406' title='bbox 2216 3598 2385 3669; x_wconf 85' lang='lat' dir='ltr'>origo.</span> 
     </span>
    </p>

    <p class='ocr_par' dir='ltr' id='par_1_15' title="bbox 1361 3676 2389 3731">
     <span class='ocr_line' id='line_1_68' title="bbox 1361 3676 2389 3731; baseline 0.002 -2"><span class='ocrx_word' id='word_1_407' title='bbox 1361 3677 1614 3729; x_wconf 83' lang='lat' dir='ltr'>Exercitu</span> <span class='ocrx_word' id='word_1_408' title='bbox 1640 3690 1808 3730; x_wconf 84' lang='lat' dir='ltr'>castra</span> <span class='ocrx_word' id='word_1_409' title='bbox 1834 3690 2049 3729; x_wconf 88' lang='lat' dir='ltr'>moturo</span> <span class='ocrx_word' id='word_1_410' title='bbox 2071 3676 2389 3731; x_wconf 80' lang='lat' dir='ltr'>conclamari</span> 
     </span>
    </p>

    <p class='ocr_par' dir='ltr' id='par_1_16' title="bbox 1362 3757 2391 3907">
     <span class='ocr_line' id='line_1_69' title="bbox 1362 3757 2391 3823; baseline 0.004 -14"><span class='ocrx_word' id='word_1_411' title='bbox 1362 3757 1565 3810; x_wconf 77' lang='lat' dir='ltr'>solebat</span> <span class='ocrx_word' id='word_1_412' title='bbox 1579 3795 1596 3823; x_wconf 92' lang='lat'>,</span> <span class='ocrx_word' id='word_1_413' title='bbox 1618 3769 1680 3809; x_wconf 87' lang='lat' dir='ltr'>ut</span> <span class='ocrx_word' id='word_1_414' title='bbox 1706 3758 1901 3810; x_wconf 81' lang='lat' dir='ltr'>milites</span> <span class='ocrx_word' id='word_1_415' title='bbox 1924 3774 2046 3809; x_wconf 78' lang='lat' dir='ltr'>vasa</span> <span class='ocrx_word' id='word_1_416' title='bbox 2078 3768 2131 3809; x_wconf 84' lang='lat' dir='ltr'>et</span> <span class='ocrx_word' id='word_1_417' title='bbox 2161 3758 2391 3813; x_wconf 73' lang='lat' dir='ltr'>sarcinas</span> 
     </span>
     <span class='ocr_line' id='line_1_70' title="bbox 1362 3836 2383 3907; baseline 0.003 -18"><span class='ocrx_word' id='word_1_418' title='bbox 1362 3837 1688 3907; x_wconf 77' lang='lat' dir='ltr'>colligerent.</span> <span class='ocrx_word' id='word_1_419' title='bbox 1721 3836 1862 3889; x_wconf 89' lang='lat' dir='ltr'>Hinc</span> <span class='ocrx_word' id='word_1_420' title='bbox 1896 3854 2022 3887; x_wconf 82' lang='lat' dir='ltr'>vasa</span> <span class='ocrx_word' id='word_1_421' title='bbox 2059 3837 2383 3903; x_wconf 80' lang='lat' dir='ltr'>conclamare,</span> 
     </span>
    </p>

    <p class='ocr_par' dir='ltr' id='par_1_17' title="bbox 1364 3916 2385 3988">
     <span class='ocr_line' id='line_1_71' title="bbox 1364 3916 2385 3988; baseline 0.007 -21"><span class='ocrx_word' id='word_1_422' title='bbox 1364 3935 1465 3986; x_wconf 90' lang='lat' dir='ltr'>pro</span> <span class='ocrx_word' id='word_1_423' title='bbox 1493 3917 1791 3968; x_wconf 78' lang='lat' dir='ltr'>conclamare</span> <span class='ocrx_word' id='word_1_424' title='bbox 1809 3928 1869 3967; x_wconf 90' lang='lat' dir='ltr'>ut</span> <span class='ocrx_word' id='word_1_425' title='bbox 1894 3934 2017 3968; x_wconf 76' lang='lat' dir='ltr'>vasa</span> <span class='ocrx_word' id='word_1_426' title='bbox 2055 3916 2385 3988; x_wconf 80' lang='lat' dir='ltr'>colligantur.</span> 
     </span>
    </p>

    <p class='ocr_par' dir='ltr' id='par_1_18' title="bbox 1362 3992 2389 4067">
     <span class='ocr_line' id='line_1_72' title="bbox 1362 3992 2389 4067; baseline 0.007 -20"><span class='ocrx_word' id='word_1_427' title='bbox 1362 3992 1517 4047; x_wconf 89' lang='lat' dir='ltr'>Idem</span> <span class='ocrx_word' id='word_1_428' title='bbox 1548 3997 1747 4062; x_wconf 73' lang='lat' dir='ltr'>Caesar,</span> <span class='ocrx_word' id='word_1_429' title='bbox 1779 3996 1907 4048; x_wconf 88' lang='lat' dir='ltr'>Bell.</span> <span class='ocrx_word' id='word_1_430' title='bbox 1938 3996 2093 4049; x_wconf 86' lang='lat' dir='ltr'>Civil.</span> <span class='ocrx_word' id='word_1_431' title='bbox 2111 4034 2128 4062; x_wconf 92' lang='lat'>,</span> <span class='ocrx_word' id='word_1_432' title='bbox 2146 3997 2242 4053; x_wconf 90' lang='lat' dir='ltr'>lib.</span> <span class='ocrx_word' id='word_1_433' title='bbox 2276 4002 2389 4067; x_wconf 86' lang='grc' dir='ltr'><strong>ΙΙΙ,</strong></span> 
     </span>
    </p>

    <p class='ocr_par' dir='ltr' id='par_1_19' title="bbox 1370 4068 2391 4151">
     <span class='ocr_line' id='line_1_73' title="bbox 1370 4068 2391 4151; baseline 0.005 -23"><span class='ocrx_word' id='word_1_434' title='bbox 1370 4094 1442 4145; x_wconf 77' lang='lat'>27</span> <span class='ocrx_word' id='word_1_435' title='bbox 1459 4093 1478 4127; x_wconf 73' lang='grc' dir='ltr'><em>τ</em></span> <span class='ocrx_word' id='word_1_436' title='bbox 1505 4086 1559 4125; x_wconf 82' lang='lat' dir='ltr'>et</span> <span class='ocrx_word' id='word_1_437' title='bbox 1588 4086 1752 4136; x_wconf 77' lang='lat' dir='ltr'>noctu,</span> <span class='ocrx_word' id='word_1_438' title='bbox 1786 4095 1844 4126; x_wconf 83' lang='lat' dir='ltr'>ne</span> <span class='ocrx_word' id='word_1_439' title='bbox 1870 4068 2177 4129; x_wconf 72' lang='lat' dir='ltr'>conclamatis</span> <span class='ocrx_word' id='word_1_440' title='bbox 2204 4082 2391 4151; x_wconf 79' lang='lat' dir='ltr'>quidem</span> 
     </span>
    </p>

    <p class='ocr_par' dir='ltr' id='par_1_20' title="bbox 1364 4156 1945 4224">
     <span class='ocr_line' id='line_1_74' title="bbox 1364 4156 1945 4224; baseline 0.007 -18"><span class='ocrx_word' id='word_1_441' title='bbox 1364 4158 1529 4217; x_wconf 70' lang='lat' dir='ltr'>vasis,</span> <span class='ocrx_word' id='word_1_442' title='bbox 1540 4156 1730 4224; x_wconf 82' lang='lat' dir='ltr'>flumen</span> <span class='ocrx_word' id='word_1_443' title='bbox 1758 4158 1945 4211; x_wconf 59' lang='lat' dir='ltr'>tramit.</span> 
     </span>
    </p>
   </div>
  </div>
 </body>
</html>
