3025 5025
680 485 831 558 290
958 463 1032 530 c.
1090 462 1389 530 sumi
1449 459 1926 530 cAESAms
1981 460 2546 531 COMMENT.

676 596 1011 689 AEginium
1028 579 1078 680 ⁶,
1115 592 1293 687 quod
1338 606 1439 662 est
1501 592 1840 685 objectum
1884 591 2400 687 oppositumque
2435 591 2797 678 Thessaliae,

678 703 924 771 Caesari
966 701 1257 769 venienti
1288 699 1610 768 occurrit.

784 810 1065 878 LXXX.
1098 806 1479 899 Conjuncto
1502 805 1798 874 exercitu
1816 857 1836 892 ,
1866 807 2090 874 Caesar
2112 804 2464 898 Gomphos
2487 808 2803 898 pervenit,

585 968 592 975 .
675 914 857 1008 quod
883 929 983 985 est
1004 913 1329 1008 oppidum
1346 913 1636 1007 primum
1655 908 2010 980 Thessaliae
2029 911 2451 980 venientibus
2470 912 2558 979 ab
2574 914 2798 1006 Epiro,

676 1046 825 1114 quae
864 1045 1027 1114 gens
1068 1021 1295 1114 paucis
1324 1033 1480 1088 ante
1517 1017 1856 1088 mensibus
1885 1016 2064 1086 ultro
2091 1015 2176 1086 ad
2207 1021 2544 1086 Caesarem
2572 1017 2798 1112 legatos

673 1128 978 1213 miserat,
1006 1139 1081 1195 ut
1109 1128 1241 1196 suis
1270 1126 1579 1194 omnibus
1608 1122 2031 1193 facultatibus
2059 1138 2394 1210 uteretur,
2424 1125 2800 1218 praesidium-

673 1259 801 1328 que
839 1235 923 1302 ab
961 1259 1040 1303 eo
1071 1232 1354 1301 militum
1383 1233 1682 1326 petierat.
1705 1229 1838 1300 Sed
1863 1255 1944 1300 eo
1979 1230 2160 1298 fama
2175 1229 2315 1322 jam
2349 1246 2798 1325 praecurrerat,

672 1365 875 1433 quam
894 1364 1095 1434 supra
1117 1339 1465 1408 docuimus
1477 1393 1496 1425 ,
1514 1337 1600 1406 de
1619 1336 1846 1432 praelio
1865 1336 2370 1430 Dyrrhachino,
2389 1337 2574 1430 quod
2599 1337 2796 1406 multis

674 1461 951 1516 auxerat
971 1447 1289 1540 partibus.
1313 1449 1550 1539 Itaque
1572 1444 2075 1513 Androsthenes
2091 1497 2109 1530 ,
2135 1457 2382 1538 praetor
2408 1443 2746 1512 Thessaliae
2759 1442 2796 1530 ¹,

674 1578 881 1646 quum
922 1579 991 1622 se
1014 1552 1640 1646 victoriae2Pompeii
1675 1551 1990 1620 comitem
2022 1573 2164 1620 esse
2197 1549 2452 1637 mallet,
2477 1574 2678 1643 quam
2703 1575 2795 1618 so-

673 1661 853 1727 cium
895 1661 1174 1728 Caesaris
1218 1661 1289 1726 in
1330 1659 1532 1728 rebus
1575 1658 1868 1726 adversis
1885 1711 1904 1746 ,
1939 1680 2208 1726 omnem
2253 1681 2335 1724 ex
2374 1657 2550 1750 agris
2593 1655 2796 1724 multi-

672 1765 975 1835 tudinem
1012 1789 1360 1834 servorum
1404 1790 1483 1834 ae
1529 1763 1892 1834 liberorum
1932 1765 2002 1830 in
2053 1761 2378 1857 oppidum
2423 1764 2640 1856 cogit,
2677 1787 2798 1856 por-

673 1885 904 1965 tasque
939 1870 1287 1966 praecludit
1306 1922 1324 1954 ,
1349 1886 1431 1943 ,et
1465 1871 1552 1939 ad
1579 1871 1956 1965 Scipionem
1995 1870 2520 1962 Pompeiumque
2555 1870 2795 1938 nuntios

614 1968 623 1980 ’
670 1979 873 2046 mittit
889 2031 908 2065 ,
936 1993 1015 2046 ut
1038 1977 1159 2046 sibi
1197 1977 1489 2054 subsidio
1515 1978 1828 2065 veniant3
1865 2001 1934 2046 se
1965 1975 2304 2046 confidere
2339 1976 2794 2044 munitionibus

672 2082 922 2176 oppidi,
937 2085 989 2152 si
1011 2082 1311 2153 celeriter
1328 2099 1780 2154 succurratur:
1800 2081 2232 2177 longinquam
2255 2084 2790 2176 oppugnationem

671 2192 993 2258 sustinere
1033 2190 1183 2259 'non
1221 2215 1435 2285 posse.
1474 2192 1696 2284 Scipio
1720 2244 1739 2276 ,
1781 2189 2072 2259 discessu
2109 2190 2526 2258 exercituum
2563 2213 2603 2255 a
2644 2191 2789 2280 Dyr·

606 2300 616 2310 “
669 2296 950 2364 rhachio
988 2299 1257 2390 cognito
1284 2351 1302 2384 ,
1341 2299 1676 2366 Larissam
1708 2295 2000 2390 legiones
2033 2295 2434 2364 adduxerat:
2471 2296 2792 2388 Pompeius
2893 2347 2898 2352 .

671 2401 975 2472 nondum
994 2401 1346 2472 Thessaliae
1366 2402 1962 2498 appropinquabat.
1991 2404 2246 2488 Caesar,
2271 2401 2504 2469 castris
2523 2401 2789 2484 munitiS,

672 2509 880 2579 scalas
924 2508 1393 2605 musculosque
1436 2509 1523 2578 ad
1566 2512 1984 2603 repentinam
2027 2509 2597 2604 oppugnationem
2638 2506 2788 2588 fieri,

672 2631 740 2685 et
778 2631 993 2685 crates
1030 2618 1252 2709 parari
1282 2618 1492 2710 jussit.
1540 2616 1806 2704 Quibus
1845 2615 2044 2684 rebus
2089 2614 2344 2683 effectis
2371 2667 2390 2701 ,
2429 2613 2789 2682 cohortatus

672 2723 1177 2791 milites'docuit
1195 2778 1214 2812 ,
1265 2752 1299 2787 «
1326 2736 1652 2817 quantum
1692 2747 1888 2790 usum
1916 2721 2197 2795 haberet
2231 2720 2317 2788 ad
2343 2718 2788 2791 sublevandam

674 2816 974 2897 omnium
1013 2855 1237 2897 rerum
1279 2830 1572 2923 inopiam
1593 2882 1612 2916 ,
1649 2830 1852 2923 potiri
1889 2827 2140 2922 oppido
2185 2825 2384 2921 pleno
2431 2841 2630 2919 atque
2661 2848 2790 2917 opu·

674 2937 889 3023 lent03
918 2935 1113 3003 simul
1138 2935 1403 3029 reliquis
1428 2935 1804 3003 civitatibus
1823 2934 2020 3028 hujus
2042 2933 2226 3002 urbis
2251 2931 2556 3027 exemplo
2579 2932 2791 2999 inferre

610 3076 615 3079 ·
675 3057 1034 3128 terrorem,
1058 3054 1124 3108 et
1170 3040 1237 3109 id
1265 3040 1410 3109 fieri
1451 3041 1792 3129 celeriter,
1814 3043 1997 3136 prius
2037 3064 2239 3133 quam
2264 3032 2505 3107 auxilia
2532 3061 2790 3107 concur-

675 3160 917 3217 rerent.
934 3148 1225 3240 »Itaque
1242 3201 1268 3236 ,¹
1280 3174 1439 3219 usus
1466 3147 1781 3245 singulari
1807 3146 2094 3215 militum
2125 3145 2370 3233 studio,
2397 3144 2662 3228 eodem,
2683 3166 2794 3237 quo

676 3267 951 3322 venerat
969 3306 988 3338 ,
1022 3253 1127 3320 die
1143 3305 1161 3337 ,
1188 3268 1342 3348 post
1368 3255 1607 3323 horam
1635 3279 1884 3346 nonam
1902 3307 1920 3341 ,
1947 3252 2269 3349 oppidum
2297 3250 2629 3351 altissimis
2657 3274 2792 3318 moe-

674 3360 869 3428 nibus
889 3384 1277 3455 oppugnare
1297 3385 1678 3455 aggressuS,
1703 3375 1856 3431 ante
1886 3359 2039 3430 solis
2058 3383 2367 3429 occasum
2393 3356 2793 3453 expugnavit,

678 3482 745 3535 et
780 3466 864 3536 ad
902 3466 1345 3561 diripiendum
1384 3466 1700 3539 militibus
1718 3468 1738 3493 ²
1776 3468 2142 3553 concessit3
2185 3466 2538 3559 statimque
2575 3465 2792 3555 abop·

761 3682 816 3731 6.
862 3677 1141 3747 AEge‘m'um.
1183 3678 1265 3731 De
1304 3678 1521 3749 AEginio
1574 3678 1710 3731 facta
1795 3696 2018 3730 romano
2032 3694 2242 3730 summo
2263 3674 2592 3748 magistratui
2605 3672 2796 3725 Thessa·

678 3757 883 3811 mentio
912 3757 1155 3821 a‘Livi0‚
1184 3757 1277 3831 qui
1322 3776 1436 3810 eam
1464 3758 1550 3811 vel
1591 3764 1708 3809 moi
1794 3758 1990 3810 lorum.
2157 3824 2166 3829 -
2301 3778 2308 3785 ·

676 3837 802 3890 dico
828 3834 1079 3907 praesidio
1108 3847 1275 3888 tutam
1291 3875 1307 3899 ,
1339 3856 1398 3888 ac
1430 3854 1602 3907 prope
1631 3836 1710 3889 in·
1881 3856 1932 3889 2.
1955 3837 2034 3888 Et
2047 3832 2688 3911 acl-diripiendumumilieibus
2705 3846 2794 3879 con·

679 3916 1085 3989 expugnabilem
1116 3934 1225 3969 esse
1254 3927 1490 3971 testatur.
1796 3921 1950 3969 cessit.
1971 3914 2240 3967 Plutarch.
2261 3926 2467 3979 narrat,
2493 3914 2570 3965 ibi
2587 3911 2793 3983 primum

761 3998 891 4049 Cu.
906 3996 1126 4049 LXXX.
1146 4014 1193 4048 1.
1211 3997 1407 4047 Praetor
1426 3996 1705 4050 Thessaliae.
1797 3995 2120 4049 Caesarianos
2149 3994 2342 4047 milites
2376 4012 2408 4045 a
2448 3992 2707 4065 prioribus
2733 3987 2798 4036 la·

678 4076 889 4129 Nomen
934 4075 1177 4145 praetoris
1220 4075 1310 4128 hic
1358 4075 1518 4129 datur
1555 4094 1708 4130 more
1793 4074 2015 4129 boribus
2044 4074 2390 4145 acquievisse,
2416 4086 2472 4127 et
2489 4074 2615 4126 vino
2629 4108 2645 4137 ‚
2669 4060 2792 4138 quod
