3025 5025
636 469 795 542 DE·
828 469 1177 538 BELLO
1232 468 1605 538 CIVILI.
1662 471 1852 538 LIB.
1910 471 2054 538 III.
2279 468 2428 539 213

300 619 501 674 eausae
548 613 885 694 putamus.
946 599 1333 670 Postulabat
1380 604 1604 670 Caesar
1624 651 1644 685 ,
1697 630 1735 666 «
1779 616 1856 670 ut
1883 602 2148 698 ‚legatos
2187 603 2312 672 sibi
2347 603 2432 671 ad

300 707 685 800 Pompeium
722 707 861 776 sine
914 706 1211 801 periculo
1256 709 1520 777 mittere
1574 706 1830 794 liceret3
1889 709 2087 802 idque
2121 712 2247 804 ipsi
2292 711 2434 778 fore

298 814 699 906 reciperent,
728 826 846 882 aut
866 827 1174 908 acceptos
1204 838 1327 908 per
1352 839 1423 882 se
1446 813 1534 882 ad
1561 839 1713 882 eum
1739 814 2198 908 perducerent.
2227 816 2432 904 Quod

296 918 371 986 ad
422 918 727 988 inducias
767 921 1129 1015 pertineret
1146 971 1165 1005 ,
1214 921 1309 989 sic
1356 919 1513 988 belli
1551 923 1878 991 rationem
1921 945 2062 992 esse
2115 921 2391 992 divisam
2413 977 2432 1010 ,

294 1039 365 1095 ut
408 1023 503 1094 illi
560 1023 767 1094 classe
824 1049 1053 1094 naves.
1082 1025 1457 1120 auxiliaque
1517 1052 1635 1096 sua
1689 1028 2088 1122 impedirent
2117 1081 2137 1116 ,
2180 1030 2318 1121 ipse
2358 1044 2436 1098 ut

294 1154 455 1224 aqua
495 1145 809 1226 terraque
852 1157 966 1200 eos
994 1131 1384 1227 prohiberet
1411 1157 1427 1200 τ
1459 1135 1515 1202 si
1548 1134 1679 1203 hoc
1717 1134 1840 1204 sibi
1876 1136 2126 1204 remitti
2158 1133 2432 1222 vellent,

294 1239 703 1306 remitterent
728 1240 852 1332 ipsi
880 1237 963 1306 de
991 1239 1343 1310 maritimis
1380 1240 1729 1328 custodiis3
1765 1242 1866 1310 sin
1901 1239 2064 1312 illud
2097 1238 2433 1328 tenerent,

293 1367 355 1412 se
390 1368 685 1438 quoque.
714 1343 783 1414 id
816 1357 1276 1416 retenturum:
1310 1344 1743 1417 nihilominus
1789 1345 2046 1416 tamen²
2085 1348 2196 1441 agi
2239 1371 2432 1442 posse

290 1448 365 1518 de
404 1451 927 1543 compositione,
963 1465 1040 1519 ut
1074 1450 1395 1520 haec-non
1428 1455 1925 1522 remitterentur
1943 1478 2210 1547 ;·neque
2256 1454 2454 1530 hanc,

288 1581 423 1625 rem
458 1581 605 1626 esse
626 1555 1083 1652 impedimenti
1110 1555 1279 1626 loco.
1312 1587 1349 1622 >2
1362 1617 1369 1626 ,
1383 1557 1489 1629 Illi
1514 1584 1732 1652 neque
1755 1557 2005 1654 legatos
2036 1561 2315 1628 Caesaris
2337 1585 2434 1628 re-

288 1663 763 1757 cipere,neque
788 1661 1160 1760 periculum
1182 1678 1498 1757 praestare
1525 1690 1760 1734 eorum
1781 1719 1803 1752 ,
1816 1657 1932 1734 sed
1945 1679 2158 1734 totam
2182 1691 2324 1734 rem
2348 1665 2434 1734 ad

286 1770 677 1864 Pompeium
708 1769 1022 1863 rejicere:
1054 1795 1265 1838 unum
1301 1771 1584 1858 instare,
1615 1771 1699 1842 de
1735 1771 2052 1860 induciis,
2075 1773 2433 1841 vehemen-
2507 1803 2512 1808 ·

288 1876 668 1970 tissimeque
706 1875 1128 1960 contendere.
1164 1877 1355 1978 Quos
1392 1877 1508 1946 uhi
1549 1880 1772 1947 Caesar
1795 1876 2114 1946 intellexit
2148 1903 2434 1973 praesen-

286 1982 365 2051 tis
404 1981 688 2078 periculi
730 1997 929 2078 atque
954 1983 1195 2080 inopiae
1224 1981 1509 2054 vitandae
1536 2009 1732 2054 causa
1770 2010 2038 2054 omnem
2063 1987 2435 2054 orationem

284 2090 675 2177 instituisse,
694 2113 909 2184 neque
939 2086 1145 2161 ullam
1174 2113 1393 2182 spem,
1412 2104 1529 2158 aut
1551 2091 1999 2160 conditionem
2033 2092 2212 2186 pacis
2235 2091 2434 2160 affer·

286 2220 400 2284 re;
443 2195 530 2263 ad
566 2194 888 2288 reliquam
925 2193 1395 2289 cogitationem
1434 2195 1591 2264 belli
1630 2222 1770 2266 sese
1812 2199 2078 2291 recepit.

386 2302 651 2372 XVIII.
709 2299 1041 2390 Bibulus¹,
1066 2299 1314 2370 multos
1348 2301 1487 2372 dies
1525 2317 1704 2371 terra
1745 2303 2160 2398 prohibitus,
2191 2317 2258 2372 et
2285 2328 2432 2396 gra-

285 2512 515 2569 Codices
554 2513 757 2567 habent
790 2518 1025 2567 mmor-ica
1058 2513 1317 2585 prodatur.

368 2615 423 2648 a.
458 2594 787 2649 Nihilominus
818 2606 992 2646 tamn.
1018 2594 1225 2646 Vocem
1240 2603 1324 2645 ta-

284 2694 391 2727 men
420 2672 605 2727 dolent
626 2672 750 2727 edd.
774 2674 988 2746 prim,
1014 2684 1067 2724 et
1096 2672 1321 2725 Hotma·

286 2774 416 2809 nus:
448 2753 925 2827 perperam..Hanc
954 2750 1111 2805 codd.
1131 2768 1321 2823 agnos-

282 2847 419 2887 cunt
432 2872 449 2898 ‚
482 2846 539 2887 et
583 2834 873 2889 necessaria
926 2845 1023 2886 est.
1081 2832 1194 2885 Cic.
1252 2829 1323 2883 acl

284 2914 715 2979 familiaresdib.
734 2931 791 2967 Π
808 2912 988 2985 ,epist
1014 2917 1079 2965 13
1100 2929 1115 2964 ε
1138 2912 1321 2963 Tamen

284 2994 598 3047 nihilominus
628 2996 691 3045 iu
720 2991 947 3063 conficior
974 2994 1119 3044 cut-125.
1152 2989 1321 3045 Vide-

283 3075 469 3127 bimus
513 3074 653 3127 infra
696 3091 742 3126 c.
796 3094 817 3124 ι
830 3075 863 3126 8
880 3110 899 3140 ,
922 3082 1120 3123 conatus
1166 3082 1323 3123 tannen

288 3154 599 3205 nilzitomimoe
618 3164 709 3205 est.
735 3150 865 3205 Vid.
888 3169 1105 3222 quoque
1124 3149 1325 3203 sanctii

286 3234 525 3287 Minerv.
572 3232 669 3286 lib.
710 3248 812 3296 ιιι,
844 3251 892 3283 c.
928 3236 1018 3293 14.
1046 3260 1131 3273 --·
1153 3230 1324 3301 Neque

290 3314 419 3367 hanc
458 3332 633 3365 mun...
676 3310 889 3364 Caesaris
930 3314 1149 3381 mium.
1198 3308 1325 3361 Alio

288 3390 457 3445 modo
481 3391 679 3463 legitur
705 3388 848 3462 apud
874 3388 1085 3445 codices
1113 3400 1325 3441 nostros

288 3468 1323 3543 ωωὴωερωὶοάωεηηωὴωκκη

287 3571 395 3605 esse
422 3552 523 3605 illis
542 3550 877 3622 ἱηφὲᾰὶπωιιεί
900 3549 1007 3601 laco
1034 3568 1055 3603 .·
1074 3568 1223 3621 neque
1252 3548 1325 3599 le·-

282 3642 439 3701 gatos
462 3628 675 3683 Casae-is
712 3634 941 3700 wipere.
972 3648 1131 3701 nequa
1140 3631 1327 3698 peracu-

288 3714 397 3763 lum
426 3721 667 3781 prestare
711 3728 887 3762 eorum.
932 3708 1073 3763 Item
1116 3706 1325 3761 codices

286 3788 773 3862 Oudendorpiani,
794 3785 939 3841 unde
970 3788 1059 3841 vix
1078 3786 1327 3859 probahi-

284 3872 359 3923 lis
390 3888 575 3923 sensus
598 3870 735 3924 «elici
774 3879 965 3939 queat;
986 3877 1043 3921 at
1070 3866 1177 3921 levi
1206 3879 1325 3919 tau-

284 3964 413 4005 tum
454 3948 909 4022 transpositione‚'
924 3943 1131 4003 medela
1175 3945 1326 3999 facile

282 4030 513 4083 inventa
557 4040 652 4083 est.
685 4026 945 4080 Nonnulli
986 4024 1195 4080 codices
1223 4043 1325 4097 pro

284 4109 392 4166 illis
418 4108 685 4163 habebant
710 4108 785 4161 illi
795 4134 817 4171 ,-
842 4104 990 4161 unde
1013 4102 1325 4178 reponendo

1405 2514 1546 2567 hanc
1573 2532 1759 2568 vocem
1783 2526 1906 2589 post
1926 2516 2050 2575 loco,
2068 2513 2228 2566 lectio
2256 2514 2442 2583 genui-'

1406 2612 1477 2646 na
1514 2608 1758 2649 revocata
1804 2606 1900 2646 est.
1913 2626 1991 2636 —
2008 2593 2282 2645 Periculum
2304 2602 2438 2663 pr·oe-'

1402 2684 1536 2725 -stare
1553 2694 1732 2727 eorum.
1756 2664 2010 2725 Praestare
2031 2672 2328 2744 periculum
2351 2674 2444 2724 ali-

1407 2756 1558 2823 cujus
1571 2791 1587 2817 ,
1607 2766 1687 2807 est
1713 2754 1936 2806 verbnm
1965 2753 2100 2823 juris
2113 2789 2128 2817 ,
2141 2756 2370 2821 garante'r
2389 2753 2445 2803 la·

1408 2837 1568 2884 nze-ete'
1591 2834 1652 2884 de
1679 2830 1947 2905 quelqu’un.
2441 2847 2445 2854 ·

1488 2912 1621 2964 Cn.
1655 2913 1863 2964 xvm.
1891 2930 1938 2964 1.
1960 2911 2181 2963 Bibulus.
2216 2911 2304 2963 M:
2325 2912 2443 2964 cal-

1407 2993 1636 3063 purnius
1678 2992 1900 3043 Bibulus
1945 3009 2008 3042 ex
2048 2991 2240 3043 illustri
2287 3004 2443 3061 gente

1410 3071 1702 3143 Calpurnia
1742 3066 2034 3135 oriundus,
2065 3090 2186 3141 quae
2216 3090 2342 3141 gens
2375 3072 2442 3123 ab

1410 3152 1660 3205 omnibus
1683 3150 2031 3222 scriptoribus
2052 3152 2192 3202 inter
2209 3152 2443 3222 plebeias

1408 3243 1754 3296 numeratur,
1785 3231 1909 3284 licet
1945 3248 1976 3281 a
2022 3231 2217 3300 Calpo,
2251 3231 2444 3282 Numae

1411 3312 1659 3383 Pompilii
1701 3311 1840 3381 regis
1884 3310 1998 3362 filio
2018 3347 2034 3373 ,
2075 3309 2290 3361 duxerit
2333 3311 2444 3360 ori-

1408 3392 1588 3462 ginem
1604 3429 1620 3455 ‚
1649 3403 1710 3444 ut
1729 3402 1913 3443 narrat
1937 3389 2252 3441 Plutarchus
2273 3388 2333 3439 in
2359 3389 2443 3441 vi-

1410 3482 1465 3523 ta
1492 3471 1712 3535 Numae,
1729 3489 1777 3522 c.
1813 3471 1919 3534 343
1949 3468 2094 3523 unde
2121 3465 2348 3521 Ovidius
2374 3466 2442 3521 ad

1409 3550 1690 3604 Pisonem:

1418 3663 1429 3673 .
1446 3662 1455 3671 .
1472 3663 1483 3672 .
1498 3663 1509 3671 .
1528 3662 1538 3671 .
1553 3662 1564 3672 .
1579 3664 1590 3673 .
1618 3634 1722 3673 Nm
1747 3624 1846 3685 quia
1871 3642 2087 3670 memorare
2113 3641 2272 3670 neeesse
2299 3640 2380 3677 est,

1412 3703 1471 3747 Ut
1496 3706 1636 3745 domus
1655 3718 1679 3744 ι
1699 3701 1826 3755 Calpo
1847 3713 1988 3739 nomen
2010 3699 2226 3753 Crlpurnia
2245 3700 2388 3739 durat?

1412 3784 1540 3839 Haec
1563 3786 1622 3837 in
1663 3782 1884 3836 familias
1911 3781 2246 3846 Bestiarum,
2275 3782 2442 3833 Bibu-

1411 3864 1588 3917 lorum
1603 3902 1619 3927 ,
1653 3861 2090 3915 Caesenninorum
2105 3896 2122 3925 ‚
2150 3862 2444 3927 Pisonum,

1372 3969 1379 3976 ·
1413 3942 1584 3995 divisa
1603 3954 1698 3994 est.
1726 3944 1792 3994 In
1812 3940 2042 4011 antiquis
2061 3936 2448 4005 monumentis‚'

1414 4040 1534 4095 quae
1567 4028 1692 4075 simt
1721 4021 2000 4073 innumera
2017 4058 2030 4084 ‚
2061 4021 2256 4092 passim
2287 4038 2440 4091 repe-

1412 4103 1553 4157 ritur
1566 4139 1582 4165 ‚
1608 4100 1899 4171 caspar-nius
1929 4101 2050 4152 Piso
2071 4101 2126 4153 F
2123 4106 2250 4172 mgi.
2279 4098 2440 4166 Quod

1956 4193 2082 4293 14³
