3025 5025
585 495 731 562 DE
787 495 1138 562 BELLO
1193 495 1576 564 CIVILI.
1636 495 1835 562 LIB.·
1882 496 2036 562 III.

2263 491 2399 564 251

269 622 576 694 audacius
607 640 873 694 nostros
914 649 1218 719 premere
1245 640 1312 696 et
1337 627 1583 695 instare
1617 641 1965 720 coeperunt
1984 679 2003 713 ,
2028 641 2374 720 cratesque
2392 679 2411 713 ,

264 755 390 824 pro
427 735 794 801 munitione
838 732 1134 824 objectas
1151 786 1170 819 ,
1201 731 1644 828 propulerunt
1662 787 1682 820 ,
1720 748 1797 802 ut
1832 733 2039 802 fossas
2070 747 2408 802 transcen-

265 837 496 907 derent
507 824 554 908 ³.
603 838 810 928 Quod
853 864 1060 933 quum
1101 841 1673 909 animadvertisset
1710 842 1935 910 Caesar
1954 895 1971 928 ,
2008 843 2290 928 verituS,
2326 863 2413 908 ne

264 969 398 1011 non
441 945 739 1034 reducti,
769 946 881 1015 sed
919 934 1194 1040 dejecti⁴
1229 946 1617 1016 viderentur
1635 1000 1655 1035 ,
1689 946 2035 1040 majusque
2060 946 2411 1014 detrimen-

263 1065 406 1118 tum
445 1067 834 1146 caperetur,
879 1077 920 1121 a
958 1053 1180 1122 medio
1222 1053 1360 1122 fere
1393 1056 1607 1148 spatio
1652 1077 1808 1122 suos
1846 1078 1967 1148 per
2008 1055 2413 1140 Antonium,

264 1160 373 1250 qui
433 1161 492 1227 ei
549 1159 793 1255 legioni
844 1173 1159 1256 praeerat,
1225 1161 1649 1250 cohortatus,
1698 1161 1861 1230 tuba
1912 1162 2179 1255 signum
2229 1160 2413 1244 dari,

266 1279 459 1359 atque
490 1267 560 1333 in
596 1266 821 1336 hostes
846 1269 1169 1362 impetum
1202 1265 1346 1336 fieri
1367 1269 1579 1362 jussit.
1614 1263 1863 1336 Milites
1896 1265 2172 1362 legionis
2210 1290 2287 1334 lx
2314 1291 2413 1332 su·

264 1371 400 1441 bito
436 1359 840 1465 conspirati⁵
883 1374 1018 1467 pila
1054 1374 1519 1467 conjecerunt,
1556 1389 1622 1442 et
1658 1399 1735 1442 ex
1771 1373 2085 1442 inferiore
2111 1371 2262 1441 loco
2306 1371 2415 1440 acl·

265 1589 502 1644 subsidio
528 1591 750 1644 miserit.
779 1591 898 1643 Hoc
935 1603 1110 1644 autem
1140 1591 1260 1644 loco
1275 1629 1292 1656 ,

267 1671 439 1746 βῶκα·
455 1709 472 1736 ,
493 1671 589 1742 qui
612 1689 806 1742 pugnae
833 1671 1164 1724 occasionem
1183 1674 1293 1742 jam

267 1749 472 1803 dudum
486 1752 886 1822 opperiebatur,
900 1770 1016 1804 eam
1030 1750 1131 1803 sibi
1145 1751 1294 1803 obla-

266 1842 372 1883 tam
411 1832 619 1903 respuit
641 1867 660 1897 ‚
705 1842 761 1883 et
803 1829 998 1884 milites
1038 1828 1294 1884 reducere

265 1911 492 1976 mavult,
507 1929 668 1982 quam
679 1949 695 1977 ,
709 1911 884 1964 missis
899 1922 980 1963 tot
995 1910 1294 1981 legionibus

265 2003 395 2062 quot
411 1990 702 2062 Pompeius
716 2030 732 2052 ,
755 2009 974 2044 manum
991 2008 1293 2056 conserere,

266 2082 316 2122 et
327 2089 453 2122 omn
459 2071 578 2123 ibus
593 2071 761 2141 copiis
773 2071 1065 2142 explicatis,
1075 2068 1143 2121 de
1157 2089 1296 2122 sum-

267 2169 347 2202 ma
377 2169 563 2203 rerum
601 2149 890 2203 decertare.
923 2152 993 2202 At
1021 2168 1296 2203 caveamus
1351 2180 1356 2190 ¹

266 2249 351 2295 ne,
361 2231 512 2283 velut
528 2231 578 2282 T
574 2235 714 2300 urpin
726 2231 786 2282 de
803 2229 986 2292 Creisse',
1000 2231 1135 2283 tanti
1144 2229 1295 2283 ducis

267 2309 645 2381 experientiam
683 2311 1001 2364 incusemuS.
1043 2312 1174 2362 Duae
1210 2329 1294 2362 res

267 2391 452 2459 nobis,
483 2403 766 2462 antequam
798 2391 903 2443 hoc
938 2391 1133 2444 Caesari
1161 2391 1295 2442 vitio

266 2483 593 2525 verteremus
606 2509 623 2536 ‚
655 2469 1052 2523 considerandae
1075 2469 1294 2533 forent:

269 2569 335 2603 an
353 2553 505 2604 locus
521 2570 717 2623 pugna
733 2564 867 2605 esset
887 2552 1113 2615 Caesari,
1134 2570 1296 2621 quam

269 2630 526 2703 Pompeio
571 2631 966 2703 opportunior?
994 2630 1189 2685 deinde
1227 2650 1294 2683 an

269 2710 557 2783 Pompeius
573 2750 589 2778 ,
626 2712 720 2782 qui
776 2730 921 2764 nunc
970 2710 1184 2763 videtur
1228 2709 1294 2763 ad

267 2808 501 2862 pugnam
542 2790 805 2844 Caesarem
834 2791 1034 2845 illicere
1048 2829 1064 2857 ,
1090 2792 1295 2845 nullam

271 2884 437 2923 artem
469 2872 717 2936 haberet,
749 2890 852 2942 qua
891 2871 1002 2924 sive
1043 2890 1159 2923 eam
1201 2869 1294 2923 de—

270 2963 548 3016 trectaret,
593 2952 706 3004 sive
754 2951 1015 3004 Caesarem
1036 2991 1051 3018 ,
1090 2951 1294 3004 viribus

270 3031 554 3102 imparem,
585 3031 644 3083 in
673 3031 1002 3085 convallibus
1030 3031 1294 3083 montium

272 3110 631 3181 opprimeret?
641 3110 990 3168 nihilominus
999 3149 1016 3176 ,
1030 3112 1134 3164 hoc
1148 3111 1268 3163 loco
1277 3148 1293 3177 ,

274 3191 443 3243 Caesar
460 3210 516 3244 se
533 3192 844 3243 inferiorem
869 3192 1006 3262 gerit
1023 3192 1294 3261 Pompei0,

273 3282 353 3336 et,
373 3271 619 3341 quamvis
643 3289 755 3323 non
780 3272 1006 3325 fateatur
1034 3272 1102 3323 ab
1123 3290 1188 3323 eo
1209 3288 1291 3325 re·

270 3350 482 3421 pulsum
499 3351 664 3404 fuisse
674 3390 689 3419 ,
703 3351 940 3405 vincitur
954 3370 971 3417 ;
985 3370 1100 3422 quae
1115 3352 1294 3404 omnia

273 3430 508 3501 pendent
525 3451 592 3485 ex
611 3450 677 3483 eo
697 3430 843 3501 quod
860 3431 1069 3484 hostem
1089 3430 1294 3485 viribus

272 3511 602 3581 superiorem
631 3529 730 3563 nec
756 3512 932 3565 minus
953 3512 1188 3583 peritum
1211 3512 1297 3565 in-

273 3590 485 3645 cludere
511 3592 771 3660 voluerit,
790 3604 851 3643 ut
876 3593 986 3663 jam
1017 3593 1297 3647 observare

271 3667 421 3723 licuit
446 3672 506 3723 in
533 3669 975 3743 praecedentibus.

359 3752 407 3804 3.
437 3752 786 3822 Propulerunt‚
815 3754 1035 3820 utfossas
1053 3764 1296 3803 transcen-

276 3830 453 3884 derent.
479 3830 618 3884 Sana
638 3844 716 3883 est
730 3832 889 3887 lectio
901 3872 916 3900 ,
933 3844 986 3885 et
1001 3832 1140 3884 nihil
1162 3850 1298 3903 opus

275 3922 336 3961 ut
369 3930 492 3964 cum
531 3912 592 3964 P.
627 3911 914 3967 Ciacconio
945 3912 1268 3965 rescribatur
1281 3948 1298 3977 ‚

271 3992 584 4061 propulerunt
597 4030 612 4054 ‚
631 4003 681 4042 et
684 3994 849 4059 fossas
879 3992 1270 4045 transcenderunt
1277 4012 1299 4054 ‚-

277 4083 440 4123 crates
461 4072 606 4123 enim
623 4090 748 4124 eum
770 4073 827 4125 in
849 4070 1012 4125 finem
1035 4070 1299 4143 dejecere,

279 4160 339 4201 ut
351 4150 412 4203 iis
427 4152 590 4205 fossas
604 4152 960 4211 insternerent
973 4190 989 4219 ,
1011 4164 1302 4224 aequarent·

1381 1610 1505 1662 que.
1538 1591 1625 1644 Sic
1649 1591 1743 1644 lib.
1772 1608 1856 1643 vu
1871 1628 1888 1653 ,
1910 1589 1980 1644 de
2008 1590 2141 1642 Bell.
2163 1589 2301 1643 Gall.
2322 1627 2339 1653 ‚
2360 1608 2407 1642 c.

1384 1689 1458 1740 79
1477 1709 1494 1735 ,
1523 1675 1795 1742 proximam
1820 1671 2010 1737 fossam
2045 1670 2254 1722 cratibus
2286 1673 2409 1720 inte-

1378 1763 1505 1821 gunt
1518 1771 1537 1812 ‚·
1554 1750 1679 1803 vide
1708 1765 1761 1804 et
1787 1749 2027 1821 ejusdem
2047 1750 2175 1802 libri
2194 1750 2282 1801 cit.
2314 1752 2406 1803 86.

1467 1836 1521 1893 4.
1554 1833 1763 1902 Dejecti.
1794 1831 1900 1884 Alii
1928 1849 1943 1883 τ
1979 1831 2155 1900 rejecti.
2197 1829 2411 1881 Lectio·

1380 1929 1506 1964 nem
1549 1925 1789 1965 nostram
1830 1911 2131 1982 recepimus
2174 1929 2205 1962 e
2250 1906 2411 1961 codd'.

1381 1992 1584 2044 nostris
1623 1993 1768 2044 RR.:
1802 1991 1933 2044 item
1962 1989 2135 2043 Ciacc.
2156 2029 2170 2058 ,
2196 1988 2415 2053 Petav.,

1382 2070 1552 2124 Palat.

1467 2151 1518 2203 5.
1554 2150 1848 2221 Conspirati.
1880 2151 2072 2221 Magna
2095 2149 2150 2202 h.
2179 2149 2217 2200 l.
2248 2148 2421 2202 varie-

1383 2243 1478 2284 tas.
1512 2233 1743 2302 Vulgata
1781 2231 1944 2284 habet
1972 2232 2242 2300 constipati.
2270 2229 2419 2294 Alii,

1345 2331 1351 2337 ⁸
1383 2311 1681 2382 complicati,
1718 2309 1811 2363 sed
1848 2310 1932 2362 hae
1971 2328 2128 2363 voces
2166 2321 2291 2360 sunt
2327 2308 2412 2360 in-

1384 2403 1815 2460 terpretamenta.
1845 2391 2040 2442 Noster
2070 2385 2191 2440 cod.
2228 2386 2377 2457 5764
2398 2391 2419 2451 ,'

1383 2474 1666 2541 conspirati,
1701 2483 1755 2524 et
1800 2489 1923 2523 cum
1969 2487 2033 2521 eo
2071 2467 2414 2521 consentiunt

1383 2552 1564 2621 Cujac.
1598 2564 1651 2605 et
1678 2552 1859 2605 Petav.
1890 2551 2041 2602 Alter
2075 2549 2227 2619 5768
2255 2566 2269 2601 :
2302 2566 2416 2601 con-

1381 2635 1568 2701 spicati.
1587 2630 1795 2683 Vitiose
1819 2642 2056 2682 mutatur
2073 2649 2101 2679 r
2120 2628 2175 2679 in
2197 2648 2223 2678 c
2229 2664 2246 2688 ,
2263 2625 2411 2698 quod

1381 2729 1492 2763 non
1528 2728 1651 2762 raro
1684 2708 1893 2763 accidit.
1932 2708 2238 2779 Compirati,
2270 2726 2409 2759 συνε-

1381 2793 1697 2861 σπειραμένοι
1730 2831 1743 2853 ,
1794 2808 1888 2842 seu
1931 2787 2221 2857 conglobati.
2273 2786 2415 2838 Nam

1383 2872 1565 2941 σπεῖρα
1588 2870 1858 2941 Hesychio
1880 2880 1959 2922 est
1981 2872 2159 2927 πλῆθος
2173 2904 2190 2931 ‚
2206 2865 2413 2936 τάγμα,

1382 2964 1436 3003 et
1477 2948 1657 3003 Suidae
1699 2954 1881 3011 πλῆθος
1926 2949 2287 3019 ςροιτευμάτων
2304 2984 2321 3011 ,
2360 2960 2412 2997 et

1382 3030 1619 3101 φάλαγγα
1657 3050 1671 3083 z
1714 3028 1858 3093 unde
1908 3032 2089 3098 σπεῖρα
2138 3028 2377 3098 ςρατηγίς
2396 3065 2411 3089 ,

1381 3112 1548 3171 cohors
1594 3115 1829 3181 praetoria
1870 3110 2134 3181 AppianO.
2187 3108 2416 3177 Proprie

1377 3191 1757 3259 globus-‚Verbo
1796 3193 2089 3261 conspiravit
2124 3188 2183 3240 in
2220 3185 2410 3239 eodem

1383 3290 1541 3323 sensu
1568 3290 1697 3324 usus
1718 3284 1797 3325 est
1819 3269 2199 3323 Aurel.Victor
2213 3304 2231 3332 ,
2250 3286 2296 3319 c.
2318 3287 2345 3319 2
2358 3286 2415 3337 2,

1382 3363 1436 3403 et
1463 3352 1741 3423 usurpavit
1768 3350 1837 3403 de
1868 3362 2113 3422 serpente
2138 3366 2151 3401 ε
2186 3350 2359 3417 anguis
2384 3370 2413 3396 e

1381 3432 1572 3485 sedibus
1596 3436 1697 3503 eJ'us
1722 3432 1911 3502 elapsus
1924 3468 1941 3493 ,
1968 3426 2260 3481 venerabilis·
2272 3465 2287 3489 ,
2312 3445 2411 3477 non

1383 3512 1626 3565 horribilis
1639 3551 1655 3574 ,
1697 3532 1789 3582 pet·
1831 3512 2034 3563 mediam
2078 3508 2239 3559 urbem
2252 3545 2267 3569 ,
2307 3525 2415 3557 cum

1384 3594 1703 3645 admiratione
1734 3594 1965 3653 omnium,
1988 3591 2235 3659 perrexit,
2258 3598 2333 3646 et,
2363 3606 2413 3635 se

1385 3676 1435 3725 in
1474 3672 1535 3725 V
1526 3672 1727 3724 olumm'i
1760 3670 2069 3721 tabernaculo
2104 3670 2412 3737 conspiravit.

1384 3751 1502 3806 Hoc
1534 3770 1692 3805 sensu
1718 3751 1875 3821 Virg.
1905 3752 2029 3802 AEn.
2057 3766 2136 3812 11,
2163 3766 2214 3799 v.
2254 3764 2362 3816 217
2393 3764 2408 3797 z

1383 3834 1621 3887 Corripiunt
1632 3862 1643 3880 ,
1666 3834 1862 3885 spirisque
1881 3832 2006 3884 ligant
2027 3829 2251 3882 ingentibus
2262 3857 2270 3866 .
2286 3854 2299 3866 .
2314 3856 2324 3866 .
2342 3856 2351 3867 .
2368 3856 2377 3865 .
2394 3854 2406 3865 .

1386 3911 1581 3964 Nescio
1626 3930 1723 3963 cur
1767 3908 2036 3962 Bentleius
2069 3905 2379 3977 indignetur
2396 3944 2414 3970 ,

1387 3990 1584 4045 Gaesari
1620 4010 1649 4043 e
1685 4008 1837 4042 coeno
1868 3988 2105 4041 Victoris
2130 3987 2415 4039 lectionem

1386 4069 1635 4143 putidam
1664 4068 1914 4134 obtrudi,
1938 4082 1993 4121 et
2021 4068 2215 4139 probat
2236 4069 2416 4117 consti-

1381 4155 1530 4224 pat1'5
1550 4170 1675 4205 nam
1698 4154 1987 4221 conspirati,
2013 4150 2251 4220 hocloco
2269 4186 2285 4212 ‚
2311 4166 2419 4199 me-
