3025 5025
601 428 747 519 540
1405 436 1541 503 DE
1594 434 1931 503 BELLO

704 568 790 635 X.
847 567 1234 661 Insequenti
1289 564 1437 636 luce
1479 569 1835 662 Arguetius
1878 591 1963 633 ex
2003 562 2197 635 Italia
2248 588 2403 633 cum
2449 566 2753 658 equitatu

539 764 544 771 Δ
599 674 797 742 venit.
839 676 908 743 Is
945 676 1135 768 signa
1177 673 1728 768 Saguntinorum¹
1754 672 1979 759 retulit
2018 674 2121 757 V,
2149 695 2295 765 quae
2330 672 2417 739 ab
2462 670 2755 766 oppida-

601 780 702 847 nis
737 781 930 874 cepit.
963 782 1100 849 Suo
1130 778 1316 849 loco'
1347 782 1753 875 praeteritum
1785 792 1918 866 est,
1946 778 2127 873 quod
2158 780 2411 872 equites
2440 802 2523 845 ex
2558 776 2765 845 Italia.

603 908 758 954 cum
793 887 1160 981 Asprenate
1184 887 1268 956 ad
1292 890 1623 957 Caesarem
1650 888 2003 955 venissent.
2037 887 2137 953 Ea
2166 899 2362 953 nocte
2393 885 2760 979 Pompeius

606 1006 824 1061 castra
867 1018 986 1061 sua
1029 994 1356 1081 incendit,
1399 1009 1469 1062 et
1505 993 1595 1062 ad
1640 991 2026 1062 Cordubam
2071 1016 2302 1061 versus
2360 993 2487 1059 iter
2531 992 2761 1059 facere

605 1100 824 1193 coepit.
866 1101 1054 1188 Rex,
1091 1103 1360 1169 nomine
1391 1100 1599 1187 Indo,
1642 1103 1757 1194 qui
1794 1124 1947 1168 cum
1992 1100 2292 1191 equitatu
2334 1122 2489 1166 suas
2527 1099 2763 1191 copias

603 1204 998 1293 adduxerat,
1011 1153 1174 1275 dum
1201 1206 1505 1301 cupidius
1528 1231 1769 1302 agmen
1792 1206 2325 1275 adversariorum
2352 1206 2764 1297 insequitur,

605 1335 646 1378 a
681 1298 1088 1381 vernaculis³
1133 1314 1508 1408 legionariis
1544 1326 1859 1408 exceptus
1892 1326 2037 1400 est,
2080 1326 2148 1381 et
2183 1310 2595 1381 interfectus.

714 1422 833 1487 XI.
891 1422 1168 1489 Postero
1216 1419 1324 1490 die
1369 1421 1621 1514 equites
1664 1421 1877 1489 nostri
1920 1417 2207 1527 longius
2234 1417 2316 1486 ad
2364 1417 2761 1486 Cordubam

609 1548 840 1595 versus
868 1526 1232 1621 prosecuti¹
1265 1541 1422 1596 sunt
1447 1551 1592 1611 eOS,
1622 1528 1737 1620 qui
1764 1538 2175 1595 commeatus
2200 1524 2287 1593 ad
2313 1538 2535 1593 castra
2557 1526 2765 1592 Pom-

609 1633 738 1725 peii
781 1658 863 1701 ex
913 1634 1162 1728 oppido
1205 1634 1620 1728 portabant:
1670 1657 1752 1703 ex
1790 1634 1869 1702 iis
1924 1632 2100 1726 capti
2156 1634 2215 1700 L
2249 1655 2403 1700 cum
2440 1631 2763 1759 jumentis

609 1738 694 1807 ad
737 1754 964 1809 nostra
1009 1740 1278 1809 adducti
1321 1755 1478 1809 sunt
1521 1754 1755 1812 castra.
1801 1739 2054 1809 Eodem
2103 1737 2209 1806 die
2253 1738 2339 1825 Q.
2385 1733 2739 1806 Marcius²
2744 1790 2765 1823 ‚

609 1844 914 1916 tribunus
951 1843 1236 1916 militum
1273 1848 1385 1941 qui
1428 1847 1659 1917 suisset
1700 1848 2036 1941 Pompeii,
2072 1843 2158 1911 ad
2198 1869 2322 1912 nos
2358 1843 2763 1937 transfugit3

609 1965 676 2018 et
701 1954 915 2021 noctis
943 1954 1139 2021 tertia
1166 1954 1444 2047 vigilia
1427 1977 1496 2021 1n
1533 1952 1787 2073 oppido
1818 1952 2177 2023 accerrime
2210 1963 2583 2045 pugnatum
2628 1962 2763 2036 est,

611 2059 964 2178 ignemque
1005 2058 1291 2129 multum
1325 2062 1691 2147 miserunt,
1736 2061 1831 2129 sic
1867 2074 1945 2127 ut
1994 2082 2193 2127 omne
2238 2080 2485 2151 genuS‚
2520 2055 2766 2149 quibus

608 2165 776 2257 ignis
807 2190 927 2260 per
956 2167 1173 2259 jactus
1211 2166 1441 2236 solitus
1475 2182 1578 2236 est
1618 2168 1820 2254 mitti,
1857 2178 2294 2235 exerceretur.
2334 2165 2483 2231 Hoc
2521 2175 2761 2257 praete-

609 2272 740 2341 rito
784 2287 1126 2367 tempore,
1162 2275 1237 2343 C.
1285 2258 1729 2356 Fundanius&
1766 2298 1970 2366 eques
2007 2294 2368 2357 romaum,
2407 2293 2490 2338 ex
2528 2270 2761 2337 castris

607 2378 1142 2449 adversariorum
1183 2380 1268 2449 ad
1304 2404 1426 2449 nos
1463 2378 1837 2472 transfugit.

689 2590 824 2644 Cn.
843 2591 912 2644 X.
937 2609 960 2644 1
973 2630 986 2643 .
1007 2591 1402 2662 Saguntinorum.
1427 2593 1643 2664 Ergone

615 2671 714 2724 hos
741 2671 798 2723 in
826 2671 1018 2725 itinere
1044 2672 1350 2743 oppressit?

701 2767 752 2804 a.
783 2750 888 2804 Suo
917 2752 1081 2806 loco...
1113 2757 1372 2804 vernabunt.
1405 2751 1646 2824 Inexpli-

615 2829 799 2883 cabilis
814 2831 982 2884 locus.
997 2831 1107 2884 Alii
1124 2831 1326 2885 habent
1341 2837 1647 2903 praeter-ritus

617 2923 710 2963 aut
725 2914 1024 2980 perterritus.
1047 2913 1312 2981 Asprenas
1334 2911 1552 2983 quidam
1581 2913 1645 2966 Β.

617 2991 753 3056 Afra,
781 3009 827 3045 c.
865 2992 897 3043 8
918 3029 934 3056 ,
963 3005 1410 3044 commemoratus
1439 3005 1535 3044 est.
1566 2992 1645 3044 Μ.

620 3069 807 3142 Scalig.
855 3069 1005 3123 dedit
1028 3075 1308 3141 praeteritus
1337 3091 1367 3126 e
1389 3071 1511 3124 cod.
1537 3071 1645 3124 Ur-

618 3150 739 3202 sini.
798 3151 901 3207 Os.
936 3150 1044 3203 Alii
1075 3152 1346 3222 explic-ant
1364 3156 1647 3222 praeteritus

617 3242 690 3280 est
713 3224 906 3301 (quam
945 3231 1230 3284 lectionem
1249 3291 1256 3298 ‚
1277 3231 1448 3285 nostri
1486 3229 1645 3284 codd.
1742 3275 1749 3280 .

501 3356 505 3364 ,
617 3310 817 3363 habent
833 3307 882 3376 );
904 3311 1194 3382 Arguetius
1219 3312 1495 3382 neglectus
1536 3324 1615 3364 est
1630 3349 1649 3377 ,

618 3402 672 3442 et
699 3409 891 3462 parum
920 3390 1217 3444 honorifice
1241 3386 1490 3453 habitus<
1507 3390 1651 3460 onfit.

613 3489 708 3540 peu
730 3471 770 3522 d
773 3473 1022 3522 ’attention
1053 3473 1084 3522 ὰ
1111 3467 1236 3535 lui),
1260 3471 1385 3543 quia
1413 3471 1649 3542 equites,

619 3563 754 3616 etc.;
787 3563 838 3604 et
870 3569 929 3602 ea
971 3551 1254 3622 explicatio
1297 3551 1494 3612 insulsa
1527 3563 1604 3604 est
1632 3567 1645 3602 ε

619 3649 743 3682 nam
769 3631 917 3683 nulla
946 3630 1084 3684 ratio
1113 3643 1228 3684 erat
1256 3631 1392 3684 male
1413 3629 1651 3684 habendi

619 3707 839 3776 ducem,
857 3711 950 3782 qui
979 3728 1102 3763 cum
1129 3710 1378 3764 subsidiis
1402 3723 1647 3774 venerat,

618 3791 743 3862 quia
774 3791 906 3844 alter
937 3805 1058 3844 ante
1083 3791 1186 3843 alia
1213 3789 1523 3844 adduxerat.
1552 3792 1651 3844 Le-

523 3893 533 3902 ·
617 3889 686 3942 go
735 3871 940 3941 igitur,
985 3882 1041 3923 et
1095 3869 1359 3936 emendo,
1409 3891 1495 3924 suo
1544 3871 1649 3922 loco

609 3954 910 4020 proeteritum
938 3962 1037 4012 est,
1061 3964 1160 4004 etc.
1196 3946 1320 4013 (On
1349 3971 1382 4002 a
1403 3951 1566 4004 oublie'
1588 3951 1649 4002 de

613 4029 719 4086 dire
757 4049 816 4082 en
856 4050 942 4082 son
981 4031 1109 4093 lieu,
1147 4051 1267 4104 que,
1311 4027 1477 4098 etc.);
1505 4045 1558 4087 et
1588 4049 1648 4083 ea

614 4109 897 4180 explicatio
917 4110 1136 4181 simplex
1161 4109 1375 4166 videtur
1389 4149 1404 4178 ,
1427 4124 1481 4165 et
1500 4111 1649 4166 locu-

1734 2593 1811 2645 tio
1832 2593 1920 2646 vel
1942 2591 2159 2663 optimis
2180 2589 2531 2660 scriptoribus
2550 2589 2761 2642 usitata.

1818 2673 1872 2726 3.
1912 2672 2215 2724 Vernaculis.
2244 2671 2381 2723 Sunt
2409 2669 2727 2739 Pompeiani
2744 2705 2763 2733 ‚

1735 2771 1850 2824 cap.
1888 2767 1940 2822 7.
1971 2753 2117 2821 Ergo
2156 2751 2249 2803 ille
2274 2768 2371 2802 nex
2409 2747 2551 2802 Indo
2590 2746 2763 2801 (Σαι-

1734 2851 1853 2885 rem
1882 2830 2103 2903 adjuvit.
2130 2831 2209 2883 M.

1736 2953 1749 2960 .
1817 2913 1948 2966 Cu.
1978 2912 2077 2964 xl.
2116 2928 2167 2962 1.
2192 2911 2463 2962 prosecuti.
2490 2908 2579 2961 sic
2602 2906 2762 2962 codd.

1736 3005 1789 3044 et
1814 2990 1939 3045 edd.
1978 3003 2109 3044 vett.
2148 2990 2257 3044 Alii
2275 3029 2289 3057 ,
2305 2991 2567 3058 persecuti.
2596 2989 2765 3040 -Eae

1736 3072 1931 3142 oppido,
1958 3073 2179 3140 Ategua.
2208 3070 2291 3122 Ita
2318 3066 2631 3138 legendum3
2652 3086 2765 3121 non

1737 3155 1787 3202 in
1814 3151 2017 3224 oppido,
2059 3161 2121 3202 ut
2151 3149 2352 3202 habent
2396 3145 2557 3200 codd.
2588 3147 2761 3200 multi.

1824 3251 1875 3286 a.
1918 3232 1985 3299 Q.
2017 3230 2257 3282 Marcius.
2292 3228 2338 3280 E
2370 3239 2528 3298 gente
2564 3227 2765 3281 Marcia

1735 3311 1959 3381 patricia
1975 3309 2240 3382 primum,
2260 3327 2291 3360 e
2316 3325 2419 3377 qua
2446 3307 2551 3360 fuit
2575 3307 2764 3359 Corio·

1735 3390 1889 3446 lanus
1908 3428 1925 3456 ,
1963 3407 2187 3462 qumque
2234 3387 2497 3458 originem
2540 3385 2765 3440 ducebat

1738 3471 1805 3524 ab
1820 3473 1973 3524 Anco
1991 3489 2114 3542 rege
2127 3508 2142 3534 ‚
2162 3465 2359 3521 deinde
2379 3466 2604 3538 plebeia.
2628 3467 2761 3520 Nos·

1736 3563 1819 3603 ter
1860 3563 2037 3604 autem
2070 3568 2181 3602 non
2226 3545 2442 3602 aliunde
2484 3559 2655 3600 notus.
2682 3577 2763 3590 —·

1742 3629 1899 3682 Omne
1908 3650 2061 3700 genus
2075 3623 2097 3690 (
2111 3623 2371 3690 telorum)
2386 3624 2759 3698 quibus....vid.

1735 3711 1867 3763 Bell.
1912 3711 2062 3764 Alex.
2115 3715 2215 3773 14,
2250 3706 2319 3759 de
2364 3705 2627 3758 malleolo.
2681 3703 2761 3759 M.

1736 3789 1981 3843 Verbum
2009 3799 2303 3842 exerceretu-
2332 3784 2483 3840 dedit
2522 3785 2761 3838 Davisius

1736 3887 1767 3922 e
1784 3868 1903 3923 cod.
1932 3870 2099 3922 Nor-v.
2130 3882 2185 3922 et
2206 3887 2237 3920 e
2255 3867 2437 3920 Petav.
2458 3863 2605 3918 Oud.
2628 3864 2729 3918 Alii
2752 3906 2767 3934 ,

1738 3951 1933 4002 omisso
1963 3950 2129 4003 verbo
2147 3986 2164 4014 ,
2184 3949 2372 4018 legunt
2398 3951 2527 3998 sicut
2554 3958 2606 3996 et
2630 3963 2763 3996 omne

1734 4049 1909 4100 genus.
1930 4031 1997 4082 In
2025 4047 2156 4082 voce
2178 4027 2349 4101 quibus
2374 4038 2454 4082 est
2478 4025 2757 4097 synthesis.

1822 4111 1873 4164 3.
1898 4108 1959 4166 C.
1994 4109 2295 4164 Fundanius,
2325 4107 2405 4160 Ex
2430 4119 2587 4176 gente
2617 4105 2759 4158 Fun-
