3025 5025
1046 494 1367 564 AFRIC
1386 493 1523 564 AN
1539 493 1621 560 Ο.
2257 493 2410 591 469

268 627 655 722 magnisque
714 626 1029 722 operibus
1088 651 1262 722 saepe
1320 626 1608 696 admotis
1627 679 1646 713 ,
1703 639 1770 693 et
1811 625 1888 692 iis
1937 623 2022 692 ab
2072 627 2418 722 oppidanis

266 737 547 803 incensis
564 788 583 820 ,
610 758 819 827 quum
857 732 1215 828 proficeret
1258 732 1460 818 nihil,
1488 731 1708 801 subito
1749 733 1984 800 nuntio
2021 729 2105 800 de
2131 737 2420 826 equestri

264 840 494 934 praelio
516 839 717 910 allato
742 854 1153 926 commotus,
1180 839 1518 908 frumento
1536 891 1554 927 ,
1577 838 1767 932 cujus
1792 840 1862 906 in
1895 839 2129 908 castris
2160 843 2422 934 copiam

266 945 622 1034 habuerat,
656 948 927 1016 incenso
948 999 967 1035 ,
1004 948 1198 1035 vino,
1236 946 1422 1033 oleo,
1462 948 1829 1039 ceterisque
1878 944 2111 1031 rebus,
2143 969 2290 1038 quae
2337 947 2421 1017 ad

264 1053 516 1122 victum
552 1055 775 1149 parari
808 1052 1054 1140 solent,
1084 1054 1443 1148 corruptis,
1480 1051 1812 1121 Achillam
1841 1076 2042 1148 quam
2079 1051 2425 1122 obsidebat

262 1156 632 1244 deseruit²3
667 1174 864 1254 atque
886 1213 904 1246 ‚
946 1159 1179 1228 itinere
1217 1184 1343 1255 per
1376 1182 1659 1252 regnum
1701 1158 1890 1228 Jubae
1938 1158 2116 1228 facto
2140 1212 2160 1247 ,
2199 1161 2424 1253 copias

264 1289 421 1334 cum
468 1267 779 1361 Scipione
822 1267 1107 1362 partitus
1124 1319 1145 1355 ,
1188 1265 1636 1336 Adrumetum
1679 1289 1750 1334 se
1793 1267 2063 1360 recepit.

370 1375 623 1442 XLIV.-
677 1375 943 1442 Interea
985 1397 1067 1442 ex
1103 1372 1397 1442 secundo
1434 1385 1850 1460 commeatu,
1891 1397 2089 1466 quem
2127 1397 2168 1440 a
2203 1372 2424 1444 Sicilia

262 1480 539 1548 miserat
574 1478 931 1567 Allienus¹‚
968 1481 1158 1548 navis
1186 1504 1349 1566 una,
1386 1480 1457 1547 in
1490 1503 1620 1572 qua
1657 1478 1877 1548 fuerat
1919 1479 2003 1567 Q.
2041 1481 2422 1569 Cominius,

261 1599 331 1653 et
374 1588 453 1654 L.
493 1585 720 1655 Ticida
764 1609 965 1679 eques
1002 1609 1319 1654 romanus
1342 1637 1363 1672 ,
1402 1584 1487 1652 ab
1531 1585 1794 1654 residua
1825 1583 2034 1654 classe
2065 1611 2271 1681 quum
2317 1611 2419 1655 er-

260 1692 544 1762 ravisset
567 1746 587 1780 ,
630 1691 978 1788 delataque
1021 1706 1193 1760 esset
1234 1706 1441 1761 vento
1483 1689 1570 1758 ad
1611 1691 1955 1786 Thapsum
1979 1745 2000 1782 ,
2055 1716 2096 1760 a
2138 1692 2420 1790 Virgilio

262 1798 531 1893 scaphis
558 1797 1009 1894 naviculisque
1036 1797 1347 1868 actuariis
1364 1812 1644 1892 excepta
1668 1811 1802 1887 est,
1833 1812 1899 1868 et
1924 1799 2008 1870 ad
2039 1801 2420 1896 Scipionem

258 1903 574 1975 deducta.
614 1907 785 1974 Item
831 1904 1038 1975 altera
1082 1905 1275 1976 navis·
1316 1905 1534 1974 trieris
1554 1901 1577 1928 ²
1615 1929 1697 1974 ex
1741 1904 1974 1978 eadem
2019 1904 2228 1976 classe
2248 1959 2270 1995 ‚
2307 1931 2420 1976 er-

246 2010 571 2080 rabunda
592 2065 612 2100 ,
648 1997 729 2082 ac
786 2026 1179 2108 tempestate
1228 2012 1315 2081 ad
1348 2013 1769 2106 AEgimurum
1808 2010 2026 2082 delata
2049 2064 2070 2100 ,
2119 2037 2159 2081 a
2213 2011 2424 2085 classe

259 2118 429 2186 Vari
451 2131 522 2186 et
546 2121 643 2186 M.
674 2104 975 2188 Octavii³
1006 2132 1109 2188 est
1138 2133 1367 2213 capta,
1400 2119 1471 2186 in
1497 2143 1633 2212 qua
1667 2117 1912 2188 milites
1939 2122 2238 2189 veterani
2265 2143 2420 2190 cum

256 2247 399 2292 uno
435 2225 857 2313 centurione,
884 2239 952 2294 et
980 2224 1284 2294 nonnulli
1324 2227 1577 2294 tirones
1620 2223 1932 2295 fuerunt:
1963 2251 2130 2320 quos
2164 2229 2418 2318 Varus,

248 2346 633 2402 asservatos
680 2334 841 2402 sine.
872 2329 1310 2418 contumelia,
1368 2329 1796 2400 deducendos
1839 2334 2099 2402 curavit
2141 2332 2226 2400 ad
2267 2337 2414 2404 Sci-

244 2439 550 2533 pionem.
592 2439 728 2528 Qui
772 2453 1129 2535 postquam
1154 2437 1240 2507 ad
1274 2461 1432 2508 eum
1458 2453 1946 2532 pervenerunt,
1968 2453 2038 2506 et
2063 2452 2218 2508 ante
2245 2465 2412 2537 sug·—

252 2560 521 2639 gestum
550 2546 607 2639 ej
616 2571 691 2616 us
712 2546 1187 2633 constiterunt,
1212 2574 1248 2611 c<
1264 2546 1425 2616 Non
1440 2559 1696 2632 vestra„
1725 2547 1940 2639 inquit
1953 2598 1973 2633 ‚
1999 2561 2242 2641 sponte
2262 2572 2414 2638 vos,

252 2667 447 2722 certo
460 2702 467 2711 -
481 2653 621 2721 scio
638 2705 659 2739 ,
696 2651 810 2721 sed
853 2651 1027 2721 illius
1070 2650 1371 2721 scelerati
1408 2653 1614 2720 vestri
1659 2653 2080 2747 imperatoris
2121 2653 2416 2748 impulsu

252 2774 327 2827 et
377 2760 665 2855 imperio
720 2772 993 2829 coactos
1011 2810 1033 2846 ‚
1076 2758 1257 2827 cives
1296 2773 1367 2827 et
1404 2760 1735 2853 optimum
1777 2782 2108 2853 quemque
2162 2760 2416 2831 nefarie

234 2867 650 2935 consectari.
684 2866 877 2955 Quos
915 2866 1236 2960 quoniam
1266 2864 1536 2933 fortuna
1567 2866 1638 2933 in
1680 2879 1982 2935 nostram
2017 2865 2254 2937 detulit
2294 2894 2414 2962 po-

236 2985 569 3041 -testatem
586 3025 606 3060 ‚
642 2974 739 3059 si,
781 2971 848 3040 id
892 2970 1075 3066 quod
1128 2970 1350 3043 facere
1392 2971 1646 3041 debetis
1666 3026 1687 3059 ‚
1729 2972 2216 3067 rempublicam
2257 2999 2414 3045 cum

250 3081 517 3173 optimo
572 3102 839 3172 quoque
860 3098 869 3105 ·
894 3077 1263 3149 defendetis
1290 3132 1310 3166 ,
1350 3093 1609 3147 certum
1661 3093 1766 3149 est
1785 3133 1806 3166 ‚
1859 3079 2048 3149 vobis
2100 3082 2310 3151 vitam
2347 3097 2416 3152 et

344 3302 397 3336 2.
433 3282 684 3335 Achillam
818 3282 1041 3335 deseruit.
1071 3280 1199 3336 Vid.
1228 3280 1296 3337 ad
1382 3280 1708 3355 procedente
1725 3294 1966 3354 tempore
1988 3282 2056 3335 ad
2074 3284 2292 3338 Plebem
2309 3285 2416 3337 col-

253 3382 375 3435 cap.
396 3362 489 3415 33.
515 3362 596 3415 M.
611 3394 693 3406 —-
710 3362 921 3433 Recepit.
947 3362 1083 3429 Alii,
1109 3364 1292 3433 recipit.
1382 3362 1486 3415 lata
1501 3400 1520 3427 ‚
1553 3382 1612 3417 ac
1635 3382 1820 3416 rursus
1845 3382 1944 3435 per
1977 3364 2176 3417 Divum
2205 3364 2238 3417 J
2242 3366 2415 3418 ulium

339 3444 474 3498 cu».
528 3441 732 3495 XLIV.
780 3460 829 3493 1.
878 3442 1121 3495 Allienus.
1152 3439 1295 3497 Vide
1383 3442 1748 3495 inPatricium
1761 3440 2008 3497 ordinem
2022 3444 2291 3498 translata.
2305 3444 2417 3497 Ho-

253 3543 300 3576 c.
322 3523 421 3585 34·
439 3520 516 3575 Μ.
535 3534 586 3573 et
614 3540 759 3592 supr.
789 3540 837 3573 c.
864 3541 915 3574 2.
932 3522 1291 3594 —Virgile'us.
1382 3541 1505 3575 rum
1542 3523 1918 3577 celeberrimus
1965 3523 2070 3575 fuit
2103 3523 2209 3577 Cn.
2237 3524 2414 3577 Ocra-

238 3600 392 3675 vid.
424 3619 539 3673 cap.
575 3604 667 3656 28.
1383 3620 1507 3655 vms
1540 3604 1645 3657 Cn.
1670 3602 1730 3655 F.
1766 3603 1868 3656 Cn.
1895 3602 1966 3655 N.
1992 3602 2087 3674 qui
2109 3616 2413 3677 proproetor

345 3702 397 3735 α.
450 3680 649 3733 Trieris.
696 3678 784 3733 Sic
816 3678 937 3733 cod.
965 3693 1071 3734 vet.
1112 3680 1293 3753 Vulgo
1383 3681 1535 3735 classi
1567 3683 1820 3735 Romano
1851 3682 2168 3753 praepositus
2194 3685 2411 3756 praecla·
2516 3730 2526 3739 .

256 3766 485 3815 triremis.
517 3757 692 3815 codd.
720 3760 893 3814 nostri
918 3764 1091 3813 trieris.
1123 3760 1294 3828 Bene;
1382 3780 1499 3814 ram
1512 3780 1732 3834 operam
1749 3761 1962 3816 navavit
1974 3762 2036 3816 L.
2059 3760 2227 3815 Paulo
2239 3765 2410 3819 AEmi-

252 3862 316 3896 ex
352 3860 482 3895 voce
509 3858 679 3915 graeca
717 3840 937 3911 τριήρης.
1382 3842 1458 3893 1ἰο
1491 3838 1740 3895 adversus
1767 3841 2022 3895 Perseum
2053 3842 2410 3899 Macedonum

342 3922 396 3975 3.
428 3919 505 3974 Μ.
546 3919 763 3973 Octavii.
795 3919 923 3973 Divi
948 3920 1174 3990 Augusti
1198 3939 1293 3991 pa·
1382 3919 1816 3994 regem,ideoque
1829 3940 1954 3977 cum
1967 3920 2208 3976 suoduce
2223 3924 2411 3977 trium-

252 4000 373 4054 tris.
406 4000 461 4053 Is
482 4013 595 4071 erat
621 4019 651 4052 e
675 4012 835 4072 gente
865 3999 1083 4053 Octavia
1110 4000 1294 4053 oriun-
1364 4001 1569 4074 ‘phavit
1593 4020 1679 4054 an.
1709 4001 1820 4057 586
1840 4041 1857 4067 ‚
1885 4015 1948 4056 ut
1974 4015 2234 4056 testantur
2261 4005 2408 4059 Mar-

250 4079 357 4133 dus
374 4118 391 4147 ,
415 4080 642 4153 patricia
667 4074 937 4153 primum,
961 4075 1015 4134 et
1034 4079 1174 4132 inter
1191 4081 1296 4147 Ro-
1381 4100 1535 4135 mora
1579 4080 1811 4156 Capitol.
1868 4084 1950 4135 De
1995 4094 2181 4136 nostro
2231 4097 2407 4139 autem

248 4178 435 4214 manas
473 4172 661 4231 gentes
705 4162 894 4219 allecta
925 4162 982 4215 in
1013 4172 1292 4217 senatum:
1381 4163 1592 4218 nullum
1623 4175 1764 4220 extat
1803 4176 2227 4219 monumentum.

1892 4230 2033 4317 30³
