3025 5025
539 467 674 536 DE
730 466 1081 536 BELLO
1125 468 1498 538 CIVILI.
1547 469 1739 539 LIB.
1792 469 1895 538 ΙΙ.

2204 463 2349 560 139

250 601 419 670 citum
445 597 770 695 supplices
807 625 1046 672 manus
1079 601 1378 671 tendunt.
1413 603 1571 691 Qua
1606 625 1784 671 nova
1810 626 1883 671 re
1913 597 2137 671 oblata
2156 650 2175 684 ‚
2204 625 2349 668 om-

245 709 325 775 nis
357 706 826 776 administratio
867 707 1021 776 belli
1063 710 1396 797 consistit,
1433 708 1843 803 militesque,
1868 710 2082 778 aversi
2112 732 2153 778 a
2180 731 2349 802 prae-

241 812 316 882 lio
333 867 352 901 ,
383 813 462 882 ad
515 814 808 883 studium
863 814 1174 885 audiendi
1217 831 1284 884 et
1326 816 1775 910 cognoscendi
1832 815 2154 888 feruntur.
2214 813 2351 882 Ubi

240 919 432 990 hostes
467 921 551 989 ad
593 921 846 1016 legatos
883 923 1382 1017 exercitumque
1423 937 1907 1018 pervenerunt,
1942 923 2236 992 universi
2280 944 2351 989 se

239 1026 306 1094 ad
340 1027 530 1122 pedes
575 1029 942 1124 projiciunt
979 1041 1014 1098 :'
1041 1044 1240 1100 orant
1259 1083 1279 1119 ‚

1327 1059 1364 1095 «
1401 1044 1481 1100 ut
1536 1030 1861 1099 adventus
1898 1031 2181 1099 Caesaris
2228 1053 2349 1096 ex-

239 1149 538 1228 spectetur
571 1161 586 1202 :
624 1149 892 1231 captam
937 1160 1125 1206 suam
1174 1137 1413 1206 urbem
1445 1137 1677 1206 videre
1698 1189 1717 1222 ,
1769 1158 1976 1232 opera
2012 1135 2310 1231 perfecta
2331 1187 2350 1222 ,

239 1253 458 1310 turrem
497 1243 846 1312 subrutam
885 1269 900 1310 τ
949 1244 1171 1338 itaque
1205 1267 1245 1311 a
1277 1243 1663 1314 defensione
1700 1244 2017 1313 desistere
2051 1268 2066 1311 ε
2099 1240 2351 1310 nullam

240 1351 448 1417 exoriri
489 1373 752 1418 moram
796 1375 1026 1445 posse,
1071 1376 1207 1445 quo
1241 1353 1462 1420 minus
1505 1377 1715 1446 quum
1760 1352 2049 1420 venisset
2075 1403 2094 1438 ,
2137 1351 2190 1418 si
2228 1349 2349 1415 im-

238 1479 336 1548 pei
335 1471 435 1524 ata
487 1481 630 1526 non
682 1455 1016 1545 facerent,
1053 1457 1139 1525 ad
1185 1472 1425 1527 nutum
1468 1483 1505 1526 e
1546 1459 1827 1553 vestig-io
1880 1457 2347 1552 diriperentur.

239 1564 498 1651 Docent,
537 1565 593 1632 si
627 1565 902 1634 omnino
953 1566 1155 1634 turris
1204 1565 1643 1649 concidisset,
1693 1589 1830 1633 non
1865 1589 2061 1658 posse
2114 1560 2352 1632 milites

237 1672 558 1759 contineri,
600 1672 762 1764 quin
807 1695 924 1766 spe
968 1656 1250 1766 praedae³
1288 1673 1360 1739 in
1399 1671 1639 1740 urbem
1695 1673 2181 1766 irrumperent,
2230 1691 2352 1735 ur-

235 1773 486 1872 bemque
528 1776 846 1846 delerent.
881 1807 920 1844 n
956 1781 1157 1866 Haec,
1195 1792 1396 1873 atque
1438 1778 1733 1873 ejusdem
1773 1779 2032 1872 generis
2063 1773 2356 1870 complu·

234 1980 350 2023 tam:
373 1972 526 2040 &fida
561 1973 783 2028 brevem
817 1970 1068 2027 medinm.
1107 1971 1232 2025 Scio

233 2049 428 2104 subinde
453 2053 750 2124 composita
779 2052 1041 2124 primitivi
1083 2063 1237 2106 natu·

232 2147 327 2182 ram
351 2132 618 2185 amittere:
639 2130 733 2185 sed
758 2132 866 2186 huc
897 2150 1008 2184 non
1038 2143 1234 2185 temere

231 2210 604 2265 recumndum.
624 2213 740 2284 Ego
761 2214 830 2266 ab
845 2212 1120 2266 Hetruscis
1138 2231 1234 2284 pe-

233 2290 418 2346 tendam
444 2293 694 2348 vocabuli
719 2293 982 2364 originem
1007 2293 1237 2346 arbitrer

233 2389 254 2421 a
292 2373 474 2443 quibus
519 2374 777 2444 pleraque
822 2391 968 2426 sacra
1007 2372 1237 2425 Romani

233 2467 468 2524 accepere.
483 2454 696 2505 Interea
711 2451 978 2506 deducere
999 2471 1108 2506 non
1129 2471 1238 2505 ma-

135 2582 140 2593 .
233 2530 268 2583 le
281 2533 436 2603 possis
451 2553 480 2586 a
497 2532 658 2604 φαλόι,
684 2533 831 2605 quod
861 2546 941 2587 est
959 2552 1236 2588 ornamen-

231 2622 326 2665 tum
366 2614 584 2685 capitis,
633 2626 726 2667 aut
763 2632 794 2665 a
831 2616 1042 2684 φωλεὸς,
1087 2612 1236 2686 quod

234 2683 385 2746 album
429 2706 626 2747 notat:
664 2712 790 2747 nam
839 2695 1023 2761 infula,
1059 2694 1238 2766 inquit

232 2769 472 2839 Isidorus,
504 2786 580 2825 est
601 2775 768 2841 fascia
805 2774 1118 2829 sacerdotalis
1151 2792 1236 2826 ca·

229 2856 320 2919 pitis
355 2854 469 2907 alba
509 2858 561 2906 in
605 2854 794 2907 modum
830 2855 1132 2906 diadematis.
1169 2855 1237 2906 In

233 2932 386 2999 glossis
421 2933 622 2987 Isidori
651 2954 773 2987 mss.
809 2934 1006 3006 legitur
1029 2951 1043 2988 t
1071 2935 1238 3001 Insula

233 3014 516 3066 sam-dotalis
535 3019 666 3067 vitta
681 3053 698 3080 ,
723 3024 773 3065 et
795 3015 1238 3084 advninistratioju-

233 3090 392 3147 aciatis
407 3114 427 3147 .·
445 3094 644 3167 quibus
687 3096 864 3147 verbis
903 3096 1082 3149 innuit
1122 3113 1236 3147 ma-

233 3171 449 3239 sisti-atus
471 3187 526 3227 et
553 3173 804 3246 proesides
836 3175 1238 3249 provinciarum

234 3249 384 3309 infulis
419 3255 604 3308 solitos
634 3255 832 3308 ornari.
857 3254 1019 3308 Unde
1048 3254 1106 3306 in
1137 3273 1237 3307 no-

235 3333 323 3388 vell.
357 3334 570 3391 Theod.
605 3346 658 3387 et
682 3336 896 3388 Valent.
925 3336 994 3389 T.
1019 3333 1088 3387 de
1124 3352 1236 3387 me·

237 3414 354 3481 tntis,
386 3436 444 3488 p.
473 3416 624 3485 567.
611 3432 626 3447 ⁹
658 3417 783 3467 Tam
815 3416 1134 3467 consularium
1153 3418 1236 3466 vi-

237 3506 398 3558 mrwn,
448 3514 593 3568 quam
622 3498 926 3566 pra-sectum
966 3495 1133 3563 hasulis
1155 3514 1236 3546 or·

178 3600 186 3613 =
239 3584 442 3629 menan.
469 3576 732 3647 spartian.
753 3577 811 3627 in
829 3576 924 3629 vit.
949 3573 1240 3640 Hadriani,

225 3648 276 3719 Ῥ·
298 3661 358 3717 4.
382 3658 513 3709 Post
545 3656 865 3708 Mam-itam
899 3658 1239 3729 proeseeturam

239 3731 368 3797 i'fidis
412 3746 634 3789 ornatum
671 3737 944 3787 Pannoniae
976 3737 1240 3807 Daciaque

232 3817 433 3881 Froeseeit.
485 3816 719 3869 Ursinus
762 3813 830 3868 ad
874 3816 1021 3869 hunc
1057 3816 1237 3868 locum

239 3888 423 3950 Caesaris
453 3897 558 3961 ait,
583 3896 776 3948 infulas
813 3895 1016 3949 Graecis
1055 3895 1237 3948 vocari

239 3967 466 4047 ἷκίτηρὶους
497 3972 732 4037 κλάδους.
771 3975 876 4028 Sed
909 3994 992 4029 nae
1016 3975 1106 4029 ille
1139 3994 1236 4047 pa-

238 4052 560 4139 siphrastem,
596 4056 708 4109 imo
745 4064 964 4127 prorsus
1007 4056 1238 4109 oblitum

133 4201 138 4210 .
241 4124 528 4207 interpretis
538 4137 730 4207 egerit,
755 4138 883 4209 qui,
907 4136 1046 4190 ubi
1029 4154 1085 4189 m
1111 4154 1239 4207 grai·

1322 1990 1387 2026 oo
1409 1972 1671 2045 scriptore
1696 1985 1939 2028 occurrat
1966 1971 2215 2042 ἱκετηρὶων
2241 1969 2360 2024 κλαί-

1320 2047 1423 2105 δων
1466 2054 1703 2118 mentio,
1738 2065 1945 2106 vertere
1985 2053 2115 2105 velit
2152 2051 2351 2118 infidas.

1320 2132 1498 2185 Multo
1523 2133 1851 2205 praestitisset
1878 2131 2056 2186 dicere
2078 2133 2356 2202 στέμματα.

1321 2212 1525 2266 Graecis
1540 2225 1725 2266 vocata
1741 2231 1755 2267 :
1770 2231 1895 2266 nam
1913 2231 1993 2265 eo
2002 2229 2129 2264 vere
2145 2210 2356 2274 infulae3

1321 2305 1376 2346 et
1413 2293 1545 2348 hinc
1584 2294 1641 2348 in
1673 2293 1857 2364 glossis
1894 2293 2106 2346 Philox.
2139 2292 2351 2358 Infuloe‚

1323 2373 1617 2443 στέμματα..
1666 2373 1855 2444 Itaque
1914 2369 2105 2424 eodem
2149 2368 2313 2423 modo
2335 2407 2354 2434 ‚

1321 2470 1432 2524 quo
1457 2452 1547 2504 hic
1593 2453 1976 2517 Massilienses,
2009 2450 2191 2507 infulis
2228 2468 2354 2502 usus

1321 2531 1525 2585 dicitur
1566 2531 1711 2604 apud
1760 2532 1919 2584 Hom.
1965 2532 2031 2583 Il.
2059 2550 2115 2596 1,
2152 2550 2205 2583 v.
2246 2537 2315 2593 14
2338 2567 2355 2594 ,

1321 2613 1558 2685 Chryses
1586 2611 1829 2666 sacerdos
1842 2650 1859 2679 ,
1878 2630 2046 2683 quum
2074 2612 2354 2682 Agamem-

1317 2693 1455 2745 noni
1473 2692 1832 2765 supplicatum
1850 2691 2031 2744 venit:

1321 2774 1572 2843 Στίμματ
1590 2781 1603 2801 ’
1626 2774 1749 2840 ἔχων
1804 2776 1853 2826 ἐν
1908 2771 2073 2842 χερσὶν
2124 2767 2355 2825 ἐκηὸόλου

1526 2845 1832 2913 Λπόλλωνος.

1323 2931 1435 2989 Ubi
1487 2933 1799 2986 Eustathius
1846 2933 1919 2985 ait
1932 2970 1951 2999 ‚
1989 2950 2114 2985 cum
2158 2940 2357 2984 corona

1321 3015 1620 3078 accessisse,
1644 3026 1707 3066 ut
1727 3016 1996 3085 majestate
2023 3024 2077 3065 et
2111 3028 2359 3064 reveren-

1319 3092 1398 3144 tia
1419 3094 1684 3165 Apollinis
1720 3106 2054 3157 moveretur,
2084 3095 2235 3163 cujus
2263 3108 2356 3143 co-

1319 3190 1512 3227 ronam
1533 3175 1763 3227 habebat
1778 3172 2043 3247 Chryses:
2068 3173 2249 3247 quales
2270 3173 2357 3224 lae-

1323 3253 1453 3307 dere
1469 3255 1619 3307 nefas
1635 3266 1777 3307 erat:
1796 3252 1943 3307 unde
1957 3254 2216 3327 Virgilius
2234 3255 2355 3303 AEn.

1323 3335 1416 3388 lib.
1447 3354 1523 3402 rr,
1546 3352 1684 3390 vers.
1720 3340 1832 3403 429

1332 3448 1342 3461 .
1360 3450 1370 3459 .
1385 3448 1396 3461 .
1413 3450 1423 3461 .
1439 3424 1460 3462 ὲ
1471 3422 1559 3462 Nec
1575 3430 1617 3460 te
1634 3431 1701 3461 tua
1718 3422 1889 3475 plurima
1904 3450 1916 3468 .
1936 3420 2137 3467 panthea.

1323 3492 1541 3531 Labentem
1558 3493 1705 3545 pietas,
1724 3506 1796 3533 nec
1818 3490 2015 3545 Apollinis
2028 3488 2157 3529 insul·
2166 3488 2279 3527 texit.
2301 3486 2367 3526 VJ

1410 3576 1462 3627 3.
1499 3575 1635 3645 Quin
1656 3592 1739 3645 spe
1752 3574 1956 3645 proedoe.
1986 3568 2161 3626 codd.
2185 3571 2359 3623 nostri

1325 3666 1380 3707 et
1421 3654 1510 3708 alii
1560 3654 1813 3725 permulti
1831 3690 1845 3711 .
1894 3656 2008 3725 quin
2049 3672 2101 3703 se
2136 3650 2325 3722 proedae
2337 3688 2354 3711 ‚

1323 3735 1442 3789 sine
1461 3752 1647 3787 sensu:
1664 3732 1809 3786 unde
1826 3731 2244 3787 Drackenborck
2260 3748 2360 3802 pu·

1323 3826 1404 3867 tat
1444 3832 1633 3867 vocem
1670 3833 1722 3866 se
1750 3814 1835 3866 vel
1877 3832 1960 3884 spe
1986 3810 2241 3865 excidisse
2255 3849 2272 3876 ,
2304 3823 2361 3863 et

1323 3894 1548 3947 forsitan
1570 3905 1852 3965 utramque
1880 3891 2221 3946 servandam:
2243 3895 2359 3964 quin

1323 3994 1374 4026 se
1407 3994 1488 4045 spe
1520 3974 1707 4044 praedoe
1736 3978 1790 4026 in
1830 3972 1989 4025 urbem
2026 3976 2353 4045 irrumperent.

1323 4056 1396 4107 At
1433 4074 1484 4105 se
1528 4058 1785 4127 irrumpere
1819 4058 1869 4105 in
1908 4054 2068 4106 urbem
2098 4053 2219 4126 quis
2254 4070 2358 4104 un-

1325 4154 1486 4207 quam
1515 4133 1689 4189 dixit?
1716 4134 1945 4207 Vulgata
1973 4132 2231 4191 servanda
2260 4144 2357 4186 est.
