3025 5025
687 431 880 536 'DE
932 458 1286 538 BELLo
1341 469 1722 572 civlLi.
1782 472 1969 540 Lm.
2025 471 2079 542 Ι.
2387 467 2487 566 39

341 612 660 691 quaestor,
685 602 763 670 L.
797 586 1148 690 Rubrius⁶;
1166 616 1487 696 praeterea
1518 600 1693 672 filius
1717 601 2288 696 Domitii,aliique
2316 627 2495 672 com-

335 702 560 798 plures
597 706 1088 796 adolescentes,
1125 722 1192 776 et
1227 733 1510 803 magnus
1546 735 1863 779 numerus
1898 713 2199 805 equitum
2242 713 2490 780 Roma-

338 833 581 882 norum
619 827 690 882 et
725 813 1200 903 decurionum,
1228 841 1394 910 quos
1427 841 1508 884 ex
1538 817 1914 912 municipiis
1950 818 2291 886 Domitius
2332 841 2493 886 evo-

339 932 627 991 caverat.
699 924 842 990 Hos
901 945 1133 992 omnes
1197 923 1559 1017 productos
1624 947 1666 992 a
1714 923 2151 993 'contumeliis
2206 923 2493 994 militum

337 1027 790 1121 conviciisque
827 1028 1174 1122 prohibet:
1214 1053 1428 1123 pauca
1463 1029 1643 1125 apud
1678 1054 1793 1100 eos
1820 1021 2132 1124 ‘loquitur
2154 1029 2200 1118 ⁷,
2246 1060 2281 1094 ι(
2310 1029 2495 1124 quod
2539 1063 2548 1069 ·

340 1133 459 1202 sibi
500 1157 542 1200 a
591 1148 785 1228 parte
833 1159 1067 1204 eorum
1105 1137 1322 1230 gratia
1361 1135 1568 1206 relata
1602 1162 1741 1205 non
1787 1138 1873 1206 sit
1914 1162 2040 1232 pro
2078 1135 2211 1206 suis
2260 1139 2330 1205 in
2378 1160 2495 1206 eos

340 1241 646 1309 maximis
697 1240 1054 1311 beneficiis.
1085 1271 1121 1307 >2
1173 1243 1468 1312 Dimittit
1522 1268 1755 1312 omnes
1805 1243 2188 1314 incolumes.
2236 1245 2497 1312 Sester-

340 1346 506 1414 tium
543 1333 901 1441 sexagies⁸‚
939 1348 1121 1442 quod
1162 1348 1524 1418 advexerat
1540 1347 1566 1387 ⁹
1601 1351 1941 1419 Domitius
1958 1403 1977 1438 ,
2014 1363 2213 1444 atque
2246 1351 2318 1418 in
2360 1375 2495 1444 pu-

339 1529 489 1582 Hanc
521 1530 688 1582 fuisse
718 1530 995 1601 patriciam
1024 1529 1246 1582 minime
1272 1529 1373 1582 du-

337 1611 486 1662 bium
496 1628 512 1675 ;
522 1628 651 1662 nam
665 1610 852 1662 Sextus
863 1609 1189 1675 Quinctilius
1197 1611 1376 1663 Varus

339 1703 484 1760 peste
515 1703 765 1742 mortuus
789 1703 898 1754 est,
925 1690 1112 1742 consul
1135 1709 1218 1743 an.
1240 1689 1376 1755 300,

341 1765 361 1831 (
384 1789 449 1822 ex
477 1769 840 1822 marmoribus
871 1770 1158 1842 Capitolin.
1181 1767 1204 1834 )
1233 1783 1376 1822 ante-

340 1869 498 1921 quam
556 1849 754 1922 plebeii
808 1849 954 1902 hunc
1012 1850 1376 1920 magistratum

343 1929 521 2002 adepti
578 1929 819 1983 fuissent.
865 1929 1079 1982 Nomen
1135 1929 1295 2002 hujus
1347 1947 1377 1982 a

343 2010 612 2075 Quinctiis
633 2007 936 2074 derivatur,
959 2027 990 2060 e
1007 2009 1201 2081 quibus
1219 2009 1378 2080 origi·

343 2109 464 2142 nem
483 2091 624 2142 forte
641 2089 831 2142 hahuit
847 2089 1138 2154 Quinctilia
1157 2089 1374 2143 familia.

345 2171 656 2240 Cognomen
683 2169 902 2220 unicum
926 2169 1115 2232 habet,
1140 2169 1253 2222 scil.
1273 2171 1378 2220 Va-

341 2269 480 2302 rum.
515 2249 704 2302 Nostri
745 2261 922 2302 autem
964 2249 1247 2315 Quinctilii
1282 2249 1379 2320 qui

343 2348 452 2381 non
469 2327 690 2382 videtur
705 2341 1025 2400 quaesturam
1047 2341 1380 2400 prsetergres-

337 2427 429 2462 sus
443 2447 458 2474 ,
492 2409 696 2480 quique
725 2421 848 2480 post
883 2406 1090 2462 cladem
1113 2408 1378 2480 Philippi-

346 2508 460 2543 cam
505 2489 726 2562 propria
767 2507 932 2541 manu
973 2489 1165 2560 periit,
1197 2489 1379 2543 nullus
1415 2481 1418 2484 Δ

345 2581 512 2623 exstat
531 2588 806 2635 nummus,
823 2568 914 2622 sed
931 2582 1134 2622 exstant
1146 2569 1248 2622 filii
1266 2572 1379 2638 ejus

341 2651 405 2703 P.
439 2650 724 2716 Quinctilii
741 2649 876 2701 Vari
893 2649 1164 2701 triumviri
1193 2644 1380 2701 mon-e-

347 2730 462 2782 talis
479 2731 586 2782 sub
605 2731 865 2801 AugustO.
885 2728 1150 2781 Nummus
1174 2728 1381 2800 primus

346 2823 422 2862 est
463 2809 522 2861 in
551 2810 816 2862 honorem
850 2808 1074 2879 Augusti
1108 2826 1122 2861 ε
1158 2824 1382 2879 quercea

349 2907 545 2942 corona
565 2900 978 2961 repraesentatur
1007 2908 1133 2941 cum
1157 2889 1382 2941 solemni

350 2988 508 3023 voce:
545 2988 618 3021 on
659 2988 802 3023 crv1s
845 2987 1123 3022 simu-ros.
1173 2968 1382 3021 Postica

353 3068 471 3119 pars
501 3068 626 3102 eum
655 3049 946 3121 epigraphe
975 3050 1038 3101 P.
1066 3049 1380 3114 Qvuvcrur.

353 3129 473 3183 Snx.
497 3129 559 3182 F.
587 3130 772 3181 Vsnvs
804 3146 877 3181 111
900 3146 1016 3181 vni.
1049 3130 1113 3179 A.
1143 3130 1206 3181 A.
1232 3128 1291 3181 F.
1320 3128 1381 3180 F.

354 3205 448 3270 (id
475 3220 583 3273 est,
611 3209 675 3262 P.
707 3208 1032 3273 Quinctilius
1069 3208 1214 3261 Sexti
1240 3206 1383 3259 filius

357 3288 530 3341 Varus
546 3288 799 3341 triumvir
819 3306 950 3341 auro
969 3299 1186 3359 argento
1203 3286 1383 3339 flando

356 3366 610 3421 feriendo.
630 3365 653 3432 )
673 3369 730 3420 in
763 3386 916 3433 area,
949 3368 1002 3421 S.
1036 3368 1099 3421 C.

435 3453 487 3501 6.
521 3450 585 3501 L.
617 3448 844 3500 Rubrius.
877 3450 960 3501 Ex
991 3447 1194 3499 Rubria
1229 3459 1384 3518 gente

357 3528 561 3598 plebeia
575 3566 594 3593 ‚
623 3540 684 3581 ut
708 3540 913 3581 constat
929 3547 993 3580 ex
1021 3528 1138 3597 lege
1155 3528 1383 3593 Rubria,

357 3626 474 3679 quae
489 3608 596 3660 lata
613 3620 692 3661 est
711 3626 835 3667 ann.
859 3607 932 3663 63
945 3626 968 3659 1
991 3644 1009 3672 ‚
1039 3620 1102 3659 ut
1119 3607 1386 3677 Carthago

358 3706 388 3739 a
417 3687 476 3740 P.
510 3688 761 3758 Scipione
788 3706 968 3741 eversa
997 3687 1385 3739 restitueretur.

357 3767 434 3819 Ex
458 3766 603 3821 Plut.
627 3786 828 3819 nomen
851 3770 966 3837 ejus
987 3784 1018 3818 a
1039 3767 1184 3817 rubm
1207 3767 1388 3819 colore

356 3847 517 3901 venit.
545 3848 861 3917 Cognomen
885 3848 1134 3899 Dossenus
1155 3844 1298 3899 idem
1328 3850 1392 3898 ac‘

352 3928 606 3983 Dor-senus
618 3948 640 3989 ,⁶
665 3939 792 3981 vett.
815 3928 960 3980 enim
983 3927 1136 3979 latini
1156 3944 1258 3996 pro
1279 3927 1390 3977 dor-

342 4031 346 4037 ·
359 4026 458 4058 sum
468 4045 484 4073 ‚
498 4006 749 4062 dicebant
762 4007 970 4062 dossum.
984 4006 1254 4059 Nonnulla
1265 4017 1390 4061 sunt

358 4088 675 4141 numismata
725 4085 964 4159 ejusdem
1017 4086 1188 4158 gentis
1247 4084 1389 4156 apud

365 4167 422 4217 V
413 4168 616 4230 uillam,
645 4167 740 4239 qui
761 4165 973 4220 dubitat
998 4186 1065 4219 an
1091 4166 1180 4219 illa
1202 4166 1308 4219 sint
1324 4166 1386 4220 L.

361 4247 564 4303 Rubrio
587 4248 678 4303 hic
695 4258 992 4304 memorato
1022 4245 1386 4309 attribuenda,

1459 1531 1757 1602 praesertim
1796 1530 2037 1604 primum
2052 1569 2069 1597 ‚
2102 1543 2141 1583 t.
2165 1549 2242 1596 11,
2273 1549 2329 1602 p.
2353 1535 2455 1594 341
2477 1569 2496 1597 ,

1463 1607 1612 1682 quod
1642 1630 1811 1682 quum
1854 1612 1922 1664 sit
1960 1611 2169 1664 unciale
2185 1649 2202 1675 ‚
2229 1611 2498 1681 antiquio-

1461 1709 1577 1742 rem
1608 1689 1875 1743 Rubrium
1914 1709 2135 1762 arguere
2176 1703 2371 1762 posset.
2396 1689 2497 1743 Ni-

1460 1770 1753 1825 hilominus
1772 1772 1817 1822 is
1834 1789 2085 1824 nummus
2104 1771 2261 1823 sicuti
2276 1789 2502 1841 sequen—

1461 1863 1539 1902 tes
1552 1851 1732 1902 ferunt
1745 1870 1941 1904 nomen
1958 1851 2020 1903 L.
2042 1850 2233 1905 Rubrii
2252 1849 2494 1902 Dosseni.

1463 1929 1675 1982 Primus
1706 1931 1869 1984 habet
1897 1943 2058 2003 caput
2090 1930 2215 1982 Jani
2244 1931 2499 1982 bifrontis

1459 2029 1586 2062 cum
1600 2010 1761 2082 cippo
1772 2048 1787 2075 ,
1802 2023 1855 2063 et
1872 2011 1929 2063 in
1948 2029 2127 2064 aversa
2145 2022 2297 2081 parte
2316 2011 2499 2063 navim

1462 2108 1587 2144 cum
1622 2090 1911 2162 epigraphe
1941 2091 2004 2143 L.
2031 2091 2235 2142 Rumu.
2264 2092 2496 2143 Dossnzc.

1546 2189 1601 2240 7.
1633 2171 1887 2242 Loquitur.
1932 2170 2105 2226 Ciacc.
2148 2182 2203 2222 et
2239 2169 2495 2222 Hotman.

1464 2251 1675 2311 locutus,
1709 2252 1923 2309 minore]
1953 2249 2297 2303 distinctione
2324 2250 2500 2320 posita

1464 2343 1588 2400 post
1624 2329 1860 2400 benefieiis
1872 2351 1894 2392 ;
1918 2349 2028 2382 non
2060 2330 2223 2386 male,
2252 2327 2345 2382 sed
2383 2329 2499 2382 sine

1465 2410 1794 2463 auctoritate.
1838 2410 1959 2462 Huc
2004 2409 2238 2481 pertinet
2278 2409 2502 2478 epistola

1466 2489 1688 2544 ›Ca-,saris
1715 2491 1775 2543 in
1807 2489 1920 2543 Cic.
1946 2509 2069 2561 epp.
2112 2488 2179 2542 ad
2208 2490 2317 2541 Att.
2348 2507 2431 2554 1x,
2462 2491 2496 2542 6

1467 2583 1521 2622 et
1545 2573 1630 2621 16.
1649 2572 1731 2622 De
1748 2570 1907 2622 rebus
1928 2568 1995 2623 ad
2025 2568 2327 2622 Corfinium
2342 2569 2501 2638 gestis

1464 2649 1637 2701 locuti
1654 2662 1779 2702 sunt
1796 2649 1905 2701 Dio
1916 2650 2058 2702 Cass.
2075 2649 2203 2701 XLI
2214 2685 2232 2711 ,
2253 2666 2275 2699 1
2295 2666 2316 2699 1
2328 2666 2345 2713 ;
2358 2652 2498 2719 App.

1465 2730 1524 2781 11
1542 2766 1558 2793 ,
1575 2747 1631 2799 p.
1652 2734 1759 2799 741
1784 2765 1801 2792 ,
1816 2726 1943 2782 edit.
1960 2729 2127 2781 Amst.
2156 2731 2327 2795 16703
2353 2727 2499 2781 Plut.

1467 2808 1602 2861 Caes.
1636 2808 1741 2872 453
1773 2805 1867 2861 sed
1900 2808 2067 2861 fusius
2097 2819 2279 2860 noster
2302 2826 2361 2859 ac
2385 2808 2502 2877 ple·

1466 2888 1606 2941 nius.
1629 2889 1895 2941 Caeterum
1914 2890 2179 2941 Caesarem
2197 2887 2323 2942 talia
2338 2888 2504 2941 verba

1465 2967 1752 3039 protulisse
1772 2968 1927 3021 finxit
1942 2968 2142 3021 Lucan.
2165 2967 2203 3020 l.
2220 2968 2356 3031 11‚v.
2372 2968 2402 3020 5
2414 2984 2437 3019 1
2448 2987 2501 3021 a.

1467 3064 1589 3111 Vive,
1609 3063 1701 3103 lieet
1716 3062 1844 3111 nolin
1861 3074 1901 3103 et
1914 3074 2051 3103 nostro
2066 3077 2229 3103 munere
2242 3092 2253 3109 ,
2272 3060 2371 3103 dixit
2386 3090 2399 3109 ,

1468 3134 1597 3173 Cerne
1610 3135 1717 3173 diem
1732 3152 1742 3174 ε
1756 3136 1869 3175 vietis
1882 3136 1966 3187 jum
1982 3147 2071 3189 spes
2084 3135 2189 3175 bon·
2200 3135 2377 3188 partibus
2390 3143 2477 3175 esto
2486 3163 2502 3185 ,

1467 3204 1783 3259 Exemplumque
1799 3207 1878 3245 mei
1894 3204 1980 3245 zvel
1992 3236 2004 3257 ‚
2020 3207 2055 3246 si
2068 3206 2187 3252 libet.
2202 3219 2311 3245 arma
2328 3214 2480 3244 retenta
2490 3232 2503 3251 ,

1468 3276 1522 3317 Et
1536 3277 1637 3317 nihil
1649 3278 1725 3317 hnc.
1741 3278 1877 3325 venia,
1894 3278 1929 3317 si
1945 3278 2086 3317 viceris
2098 3279 2183 3333 ipse
2194 3306 2207 3325 ,
2220 3280 2407 3333 paciscor.

1554 3369 1587 3421 8
1595 3408 1608 3421 .
1620 3368 1900 3421 Sestertium
1906 3372 2142 3439 sexagies.
2152 3368 2386 3421 Notatur
2398 3368 2511 3421 hoe>
2600 3407 2605 3413 -

1469 3446 1637 3501 modo
1654 3449 1769 3503 Lx.
1794 3449 1902 3503 HS.
1924 3448 1983 3501 id
2004 3460 2107 3513 est,
2122 3447 2352 3519 sexagies
2376 3466 2503 3499 cen·-

1471 3540 1595 3581 tena
1638 3529 1805 3581 millia
1850 3529 2213 3583 sestertiorum
2240 3524 2262 3589 (
2284 3530 2507 3579 soixante

1461 3609 1567 3675 sois
1582 3620 1692 3659 cent
1707 3610 1837 3660 mille
1856 3620 2103 3669 sesterces,
2124 3626 2189 3658 ou
2202 3610 2281 3665 six
2298 3608 2507 3661 milliens

1471 3688 1534 3739 de
1569 3700 1789 3739 sesterces
1817 3683 2063 3757 remeius)
2086 3704 2232 3757 qum,
2262 3705 2330 3739 ex
2358 3705 2507 3739 com-

1473 3768 1753 3839 putatione
1774 3766 1921 3820 docti
1944 3766 2050 3821 viri
2073 3766 2335 3827 Lete-orme,
2360 3767 2510 3820 citati

1471 3848 1512 3900 l.
1544 3846 1711 3913 VIII,
1742 3848 1804 3899 Β.
1832 3847 1933 3912 G.‚
1964 3866 2011 3899 c.
2037 3852 2101 3912 4,
2130 3858 2243 3899 not.
2284 3865 2307 3899 1
2328 3884 2345 3911 ‚
2375 3844 2508 3901 dant

1474 3945 1737 3979 summam
1775 3932 2073 3993 1‚23o‚000
2097 3927 2135 3980 f.
2166 3938 2361 3979 nostras
2390 3944 2507 3978 mo-

1474 4018 1627 4059 netas.
1648 4006 1717 4060 In
1748 4004 1905 4059 codd.
1935 4008 2208 4060 nonnullis
2231 4006 2347 4059 haec
2366 4024 2511 4059 sum-

1477 4104 1566 4138 ma
1582 4098 1800 4140 notatur
1816 4086 1872 4140 h.
1888 4086 2052 4139 modo
2064 4088 2169 4141 Hs.
2187 4088 2306 4139 LX.
2318 4086 2378 4137 in
2391 4104 2513 4139 uos·

1476 4178 1569 4221 tro
1596 4179 1773 4220 autem
1795 4166 1915 4221 cod.
1936 4169 2003 4222 R.
2034 4167 2208 4237 5764,
2228 4166 2300 4218 H.
2324 4166 2388 4217 L.

1563 4266 1617 4318 9,
1642 4248 1793 4318 Quod
1810 4248 2083 4303 advexerat.
2110 4247 2365 4315 Vulgata,
2384 4244 2518 4316 quod

2125 4333 2199 4415 34
