3025 5025
675 459 813 528 DE
867 458 1214 528 BELLo
1270 459 1644 529 CIVILI.
1702 462 1893 532 LIB.
1950 463 2004 530 ι.
2316 490 2419 563 99
2468 437 2474 444 ’

277 615 484 686 neque
515 589 816 678 ordines»,
842 614 1059 685 neque
1093 591 1282 684 signa
1307 604 1667 660 servarent.
1703 593 1909 680 Quod
1930 595 1986 664 si
2006 593 2421 690 iniquitatem

275 696 396 767 loci
424 699 732 785 timeret,
760 697 1042 766 datum
1023 697 1105 766 iri
1137 711 1363 765 tamen
1389 696 1613 791 aliquo
1640 684 1815 768 loco³
1836 703 2181 795 pugnandi
2212 704 2418 774 facul-

274 818 471 874 tatem
487 803 733 899 ‚quod
783 817 968 873 certe
1011 803 1167 872 inde
1209 803 1669 874 decedendum
1718 821 1891 876 esset
1934 808 2243 900 Afranio,
2294 837 2421 886 nee

273 911 404 980 sine
441 936 620 1003 aqua
659 935 1054 1005 permanere
1091 925 1338 1005 posset.
1361 941 1396 976 >2

370 1019 664 1086 LXXII.
685 1020 926 1086 ‘Caesar
956 1019 1026 1088 in
1055 1041 1204 1086 eam
1241 1037 1430 1112 spem
1459 1033 1737 1088 venerat
1753 1017 1799 1107 ¹,
1832 1045 1903 1088 se
1931 1021 2069 1090 sine
2098 1047 2324 1118 pugna
2354 1041 2423 1096 et

274 1125 406 1194 sine
448 1122 732 1192 vnlnere
774 1149 1050 1193 suorum
1102 1149 1244 1192 rem
1293 1123 1629 1194 conficere
1676 1151 1903 1220 posse,
1944 1129 2127 1222 quod
2168 1155 2240 1198 re
2280 1133 2419 1202 fru-

274 1233 598 1300 mentaria
641 1230 1054 1314 adversarios
1095 1230 1615 1301 interclusisset:
1657 1261 1693 1298 t<
1720 1257 1844 1302 cur
1886 1236 2087 1304 etiam
2128 1238 2421 1308 secundo

273 1336 495 1432 praelio
516 1335 539 1362 ²
585 1336 840 1431 aliquos
876 1362 958 1406 ex
991 1338 1123 1408 suis
1161 1337 1535 1408 amitteret?
1562 1365 1685 1409 cur
1712 1339 2050 1409 vulnerari
2083 1357 2423 1437 pateretur

274 1447 524 1540 optime
562 1444 646 1513 de
683 1469 754 1512 se
783 1444 1054 1514 meritos
1091 1443 1368 1514 milites?
1401 1469 1523 1514 cur
1551 1445 1835 1540 denique
1872 1447 2209 1517 fortunam
2249 1454 2422 1545 peri-

273 1549 650 1620 clitaretur.
634 1549 666 1604 ἶ)
693 1552 1060 1646 praesertim
1089 1575 1298 1645 quum
1335 1577 1473 1621 non
1499 1553 1721 1622 minus
1762 1568 1937 1622 esset
1968 1557 2425 1648 imperatoris,

275 1657 554 1729 consilio
581 1682 897 1752 superare
913 1711 936 1746 ,
963 1683 1163 1753 quam
1201 1657 1440 1752 gladio.
1467 1689 1501 1723 υ
1550 1659 1957 1738 Movebatur
1992 1663 2190 1732 etiam
2227 1665 2423 1732 mise·

273 1764 560 1832 ricordia
585 1765 862 1852 civium,
886 1791 1053 1859 quos
1081 1764 1573 1834 interficiendos
1600 1752 1939 1836 videbat³z
1970 1769 2211 1861 quibus
2228 1769 2427 1840 salvis

275 1883 468 1964 atque
507 1869 992 1960 incolumibus,
1029 1897 1172 1940 rem
1212 1872 1518 1942 obtinere
1550 1871 1859 1942 malebat
1892 1877 2041 1943 Hoc
2077 1875 2427 1946 consilium

277 1979 561 2048 caesaris
597 2003 640 2048 a
677 1977 1010 2074 plerisque
1045 2004 1184 2048 non
1220 1965 1671 2072 probabatur-⁴
1686 2005 1709 2068 ;
1742 1979 1982 2050 milites
2016 2006 2179 2050 vero
2205 1983 2425 2078 palam

278 2218 430 2252 sensu
487 2197 716 2269 proprio
761 2195 854 2248 hie
899 2193 1308 2266 intelligendum
1395 2196 1533 2250 ritus
1554 2196 1625 2248 sit
1646 2196 1828 2250 hostes·
1853 2196 1921 2250 ad
1936 2189 2183 2269 praelium
2206 2219 2397 2256 vocare
2410 2240 2429 2268 ,

279 2291 383 2344 est,
423 2279 544 2350 ipsa
579 2277 798 2340 vexilla,
826 2273 922 2328 sed
955 2276 1101 2328 hunc
1130 2275 1310 2327 locum
1399 2294 1569 2346 quum
1599 2277 1703 2347 ipsi
1738 2295 1863 2328 eum
1896 2275 1963 2329 ad
1994 2279 2240 2348 praelium
2270 2281 2431 2334 laces-

281 2374 437 2430 quem
465 2359 537 2410 ab
577 2356 644 2408 iis
677 2355 927 2428 occupari
957 2356 1106 2426 signa
1141 2358 1310 2426 jusse-
1400 2367 1594 2408 serent.
1631 2353 1777 2408 Vide
1808 2355 1885 2407 ibi
1916 2357 2059 2410 Gon.

282 2451 434 2504 runt,
455 2450 512 2490 et
541 2435 712 2489 veluti
739 2433 1191 2506 indigitaverunt:
1211 2447 1311 2486 nee

284 2538 402 2573 nane
433 2519 586 2589 signa
623 2530 796 2571 servat
825 2517 920 2587 qui
951 2517 1063 2587 ipse
1090 2516 1311 2585 arripit,

1487 2453 1538 2488 2.
1570 2433 1675 2486 Cur
1698 2438 1845 2486 etiam
1869 2437 2075 2488 secundo
2099 2439 2273 2508 praelt'o
2286 2477 2301 2500 ,
2340 2453 2429 2493 etc.

1401 2514 1487 2569 Sic
1509 2514 1706 2568 Seneca
1728 2515 1785 2566 in
1814 2516 1966 2586 epist.
1995 2518 2100 2570 88:
2129 2519 2286 2569 aliem
2318 2540 2434 2571 san-

285 2611 335 2651 et
349 2611 562 2670 arrepta
583 2598 641 2649 in
663 2598 828 2649 alium
847 2598 1028 2649 locum
1045 2596 1312 2647 transfert.
1397 2597 1542 2664 guina·
1568 2606 1795 2668 tanquam
1821 2616 1907 2647 suo
1926 2608 2165 2664 parcant,
2189 2602 2435 2671 sciantque

363 2680 393 2731 3
403 2678 609 2749 ,Aliquo
621 2678 740 2728 loco.
756 2676 912 2727 Prior
923 2694 1027 2727 vox
1040 2676 1154 2727 Pet.
1165 2675 1310 2727 Ciac.

285 2757 513 2811 offmrdit
543 2750 692 2825 {qua
731 2754 800 2808 de
837 2772 991 2807 causa
1029 2752 1316 2824 legendum

287 2838 512 2909 conjecit
525 2855 664 2909 oequo
692 2836 814 2887 loco.
838 2832 943 2887 Sed
957 2834 1070 2885 MS.
1095 2833 1314 2886 Nox-vic.

287 2918 443 2971 hebet
469 2918 574 2969 alio
605 2917 737 2979 100⁰,
770 2927 824 2967 et
847 2914 985 2966 hane
1003 2932 1126 2965 sane
1149 2912 1317 2982 scrip·

287 3010 494 3062 turam,
540 2996 603 3049 ni
649 2995 805 3047 fallor
821 3030 839 3059 ‚
879 3012 1066 3045 omnes
1107 3010 1317 3045 mecum

289 3080 614 3150 probabunt.
667 3078 852 3127 Davrs.
907 3071 1014 3125 Sed
1057 3085 1112 3126 et
1155 3074 1320 3144 aliquo

289 3158 388 3211 loeo
413 3157 564 3210 idem
591 3157 749 3227 plane
779 3166 857 3208 est
886 3152 1034 3225 quod
1064 3154 1164 3205 alio
1186 3154 1314 3213 loeo,

287 3240 370 3303 yel
391 3240 496 3291 alio
516 3238 682 3309 aliquo
705 3237 808 3288 loco
822 3275 838 3297 ‚
855 3247 1014 3305 atque
1037 3234 1197 3285 etiam
1213 3233 1320 3285 ele-

289 3320 516 3389 gantius.
529 3318 740 3370 Cunx.
757 3315 850 3367 Nil
861 3315 965 3369 hoc
981 3316 1102 3365 loco
1113 3324 1322 3365 mutan·

291 3397 418 3451 dum
433 3435 452 3463 ‚
467 3416 596 3449 nam
615 3396 689 3448 ita
709 3409 893 3447 (mnes
918 3392 1075 3447 cedd.
1102 3394 1319 3446 habent.

365 3480 503 3532 Cu‘.
535 3476 764 3528 LXXII.
815 3493 863 3528 1.
911 3474 1086 3527 Coesar
1126 3478 1176 3524 in
1217 3490 1323 3523 eam

291 3578 416 3629 spem
435 3568 670 3621 venerat,
689 3568 780 3609 etc.
807 3554 981 3607 Caesar
1005 3554 1190 3607 solitus
1209 3564 1325 3605 erat

291 3638 470 3691 dioere
486 3674 504 3703 ‚
535 3649 600 3689 ut
623 3637 790 3689 refert
819 3634 1135 3698 Frontinus,
1159 3634 1198 3685 l.
1231 3649 1290 3685 ιν
1306 3662 1324 3697 ‚

293 3718 608 3789 Stratagem.
636 3734 685 3769 e.
718 3735 782 3785 7,
811 3716 935 3766 idem
961 3735 1059 3766 esse
1095 3714 1188 3765 siba·
1217 3732 1326 3764 oon-

292 3800 452 3851 salum
472 3798 702 3851 adversm
717 3797 892 3846 hostem
901 3832 918 3856 ,
947 3794 1080 3864 quod
1087 3794 1327 3865 plerisque

297 3880 490 3931 medicis
521 3889 696 3929 contra
728 3878 856 3927 vitia
888 3892 1162 3945 carpamns,
1195 3875 1328 3934 fame

294 3964 452 4029 patim
483 3976 632 4031 quam
653 3957 794 4023 ser-ro
823 3954 1096 4025 superandi.
1133 3952 1237 4005 Sed
1275 3965 1330 4005 et

301 4037 441 4091 idem
471 4039 662 4091 Front.
694 4035 975 4087 consilium
1003 4034 1220 4085 Caesaris
1237 4052 1328 4084 ex-

300 4118 478 4189 plicat,
511 4114 665 4190 quod
695 4115 835 4170 fame
872 4126 1204 4186 exasperatos
1235 4131 1330 4167 ve·

1402 2674 1585 2725 homini
1606 2694 1703 2725 non
1734 2694 1831 2724 esse
1861 2675 2047 2725 homine
2060 2676 2273 2747 prodige
2298 2690 2435 2729 uten-

1401 2752 1543 2814 ἅψῃ,-
1572 2754 1691 2805 eive
1719 2753 2013 2824 praesertim
2031 2793 2045 2819 ‚
2078 2774 2239 2827 quem
2266 2776 2437 2811 imum

1403 2850 1613 2885 servare
1638 2845 1877 2903 praestat,
1903 2853 2063 2904 quam
2090 2836 2237 2887 mille
2260 2838 2435 2892 hostes

1404 2910 1676 2977 occidere,
1692 2924 1755 2965 ut
1782 2914 1955 2966 aiebat
1976 2915 2177 2969 Anton.
2195 2916 2337 2971 Pius.
2355 2920 2445 2972 Id..

1489 2993 1543 3045 3.
1571 2992 1707 3060 Quos
1733 2992 2081 3063 interficiendos
2098 2997 2313 3051 videbat.
2334 3001 2439 3051 Ra-

1403 3091 1464 3125 ra
1491 3071 1749 3143 loquendi
1775 3073 2001 3127 formula
2034 3076 2177 3147 apud
2208 3080 2439 3149 optimos

1405 3153 1721 3223 θούριοι-883
1752 3171 1851 3206 nee
1887 3154 2045 3227 hujus
2076 3159 2316 3229 exempla
2352 3178 2439 3212 re

1406 3233 1717 3305 periuntur,
1752 3235 1856 3287 nisi
1897 3236 1953 3287 in
1998 3235 2189 3308 sulpit.
2220 3238 2437 3305 Severa

1407 3311 1500 3365 sed
1522 3310 1609 3365 adi
1631 3314 1873 3367 Perizon.
1898 3313 1966 3366 ad
1983 3314 2159 3371 Sanct.
2177 3317 2408 3372 Minerv.
2423 3356 2439 3384 ,

1407 3410 1460 3459 1,
1495 3393 1595 3459 15,
1624 3413 1679 3463 p.
1722 3394 1850 3459 145.

1492 3479 1550 3535 4.
1576 3474 1829 3547 Plerisque
1847 3494 1942 3526 non
1956 3475 2269 3545 probabatur.
2296 3478 2442 3530 Con-

1409 3554 1761 3606 sentientibus
1773 3555 1969 3607 nostris
1978 3554 2136 3607 eodd.
2147 3556 2259 3607 RR.
2268 3554 2300 3608 ’5
2308 3560 2381 3626 76
2389 3564 2443 3621 4,

1415 3634 1567 3703 5768
1585 3669 1600 3691 ,
1631 3633 1842 3698 Petam,
1869 3634 2020 3686 Leid.
2049 3654 2132 3705 pr.
2151 3671 2167 3699 ,
2202 3635 2405 3690 Lovan.
2423 3676 2440 3700 ,

1412 3715 1592 3779 Voss,
1601 3715 1779 3765 Brant.
1788 3753 1803 3779 ‚
1814 3726 1867 3765 et
1877 3714 1991 3766 aliis
2000 3714 2297 3785 permultis,
2308 3718 2447 3769 hanc

1409 3794 1697 3846 lectionem
1710 3794 2033 3863 recepimus,
2048 3812 2167 3865 quae
2183 3808 2234 3847 et
2249 3796 2444 3849 Manu-

1416 3873 1494 3925 tio
1501 3892 1717 3944 quoque
1725 3874 1905 3943 elegen
1910 3875 2015 3925 tior
2022 3874 2317 3942 videtui-‚ut
2326 3890 2447 3949 post

1415 3955 1643 4005 verbum
1657 3954 1869 4023 probor,
1894 3954 1963 4006 sit
1990 3973 2189 4009 nomen
2206 3958 2265 4009 in
2280 3956 2448 4011 dandi

1417 4050 1531 4084 non
1564 4032 1619 4083 in
1659 4030 1936 4085 auferendi
1973 4046 2099 4087 casu
2136 4038 2446 4110 repositum.

1418 4110 1561 4165 Edd.
1592 4131 1775 4167 omnes
1807 4134 1840 4165 a
1855 4114 2113 4189 plerisque.

2000 4230 2083 4329 7,
