3025 5025
578 453 720 506 100
851 434 929 502 C.
984 429 1272 502 JULII
1326 428 1799 498 CAESARIS
1856 428 2411 502 COMMENT.

561 569 737 636 inter
759 589 830 634 se
863 549 1338 658 loquebantur,
1377 589 1412 626 <t
1438 562 1757 655 quoniam
1794 559 1941 630 talis
1978 562 2238 631 occasio
2272 561 2567 632 victoriae
2604 563 2714 632 di-

565 675 982 759 mitteretur,
1025 671 1224 740 etiam
1265 693 1473 763 quum
1505 666 1709 736 vellet
1750 670 2004 757 Caesar,
2048 691 2191 738 sese
2231 694 2369 738 non
2405 695 2547 738 esse
2589 695 2715 765 pu-

567 794 906 876 gnaturos.
926 794 962 830 >²
1001 775 1122 846 Ille
1157 778 1228 844 in
1265 799 1388 845 sua
1421 776 1747 844 sententia
1786 789 2205 868 perseverat,
2242 790 2309 844 et
2344 775 2719 870 paullulum

565 911 645 955 ex
675 909 757 954 eo
791 883 941 954 loco
976 881 1374 978 digreditur,
1403 896 1480 950 ut
1508 883 1819 950 timorem
1849 881 2242 952 adversariis
2270 885 2545 952 minuat.
2586 886 2713 951 Pe-

559 994 764 1061 treius
816 1005 1016 1084 atque
1069 989 1426 1076 AfraniuS‚
1474 987 1699 1056 oblata
1752 986 2110 1076 facultate,
2159 990 2228 1056 in
2290 1004 2508 1058 castra
2568 1015 2712 1060 sese

563 1097 878 1176 referunt.
925 1099 1178 1184 Caesar,
1224 1094 1544 1190 praesidiis
1584 1096 1655 1163 in
1690 1080 2069 1164 montibus⁵
2113 1094 2485 1213 dispositiS‚
2526 1098 2715 1165 omni

561 1204 648 1272 ad
685 1205 960 1272 Iberum
1003 1201 1362 1272 intercluso
1403 1203 1669 1289 itinere,
1712 1225 1913 1295 quam
1956 1201 2259 1296 proxime
2296 1217 2521 1298 potest
2556 1203 2714 1272 hos·

560 1313 726 1381 tium
770 1312 1004 1379 castris
1040 1323 1258 1378 castra
1295 1309 1686 1378 communit.

670 1419 992 1486 LXXIII.
1039 1419 1315 1484 Postero
1359 1414 1466 1483 die
1502 1414 1706 1483 duces
1746 1414 2281 1484 adversariorum
2310 1417 2715 1509 perturbati,

562 1523 743 1617 quod
786 1547 1057 1591 omnem
1097 1522 1194 1590 rei
1231 1520 1683 1592 frumentariae
1719 1520 2139 1616 fluminisque
2176 1521 2367 1590 Iberi
2392 1547 2579 1617 spem
2617 1523 2714 1591 di·

558 1627 939 1717 miserant,
968 1628 1052 1697 de
1078 1626 1405 1722 reliquis
1375 1628 1576 1697 rebus
1604 1627 2090 1698 consultabant.
2122 1630 2289 1697 Erat
2316 1652 2526 1697 unum
2562 1631 2713 1718 iter,

560 1735 849 1805 Ilerdam
897 1737 951 1804 si
981 1737 1227 1804 reverti
1267 1712 1551 1823 vellent3
1586 1733 1907 1822 alterum,
1951 1736 2005 1803 si
2041 1738 2489 1805 Tarraconem
2526 1751 2712 1830 pete-

457 1897 463 1901 .
560 1839 766 1910 rent².
825 1845 986 1911 Haec
1029 1839 1528 1910 consiliantibus
1584 1843 1707 1929 eis,
1760 1826 2142 1910 nuntiatur³
2147 1895 2167 1930 ,
2202 1856 2575 1935 aquatores
2624 1843 2715 1912 ab

561 1949 861 2043 equitatu
904 1948 1118 2042 premi
1158 1961 1412 2016 nostro.
1446 1948 1603 2034 Qua
1637 1973 1711 2016 re
1754 1949 2056 2042 cognita,
2092 1947 2362 2017 crebras
2398 1951 2717 2020 stationes
2771 2005 2777 2012 .

559 2054 924 2148 disponunt
958 2055 1256 2170 equitum
1302 2067 1370 2122 et
1411 2053 1792 2122 cohortium
1836 2041 2227 2122 alariarum⁴
2232 2053 2715 2149 ‚legionarias-

561 2179 690 2254 que
719 2157 1126 2251 interjiciunt
1162 2159 1503 2247 cohortes,
1543 2158 1943 2253 vallumque
1965 2185 2047 2230 ex
2084 2161 2314 2230 castris
2348 2161 2433 2230 ad
2453 2186 2715 2255 aquam

563 2267 810 2334 ducere
852 2267 1210 2359 incipiunt,
1251 2279 1331 2334 ut
1371 2267 1549 2334 intra
1590 2267 2026 2334 munitionem
2048 2320 2067 2354 ,
2113 2281 2181 2335 et
2236 2268 2375 2337 sine
2438 2269 2719 2358 timore,

560 2386 628 2442 et
651 2373 790 2440 sine
819 2372 1212 2440 stationibus
1240 2373 1472 2466 aquari
1494 2386 1787 2465 possent.
1812 2372 1897 2440 Id
1920 2397 2089 2465 opus
2117 2375 2291 2442 inter
2318 2375 2393 2442 se
2412 2377 2715 2445 Petreius

558 2493 758 2573 atque
783 2477 1096 2547 Afranius
1121 2479 1532 2571 partiuntur,
1562 2478 1817 2572 ipsique
1845 2477 2231 2575 perficiendi
2260 2482 2479 2577 operis
2508 2506 2715 2553 causa

557 2584 818 2679 longius
855 2583 1392 2679 progrediuntur.

664 2692 980 2760 LXXIV.
1021 2691 1330 2779 Quorum
1377 2689 1700 2763 discessu¹
1740 2687 2021 2761 liberam
2060 2694 2241 2762 nacti
2274 2692 2519 2765 milites
2560 2695 2712 2766 col-

644 2886 696 2940 5.
711 2885 977 2939 Montibus.
988 2886 1202 2957 Absque
1207 2902 1320 2957 prae
1325 2884 1587 2957 positione

560 2972 612 3021 in
628 2987 692 3020 ex
715 2967 912 3019 nostris
929 2963 1112 3031 codd.,
1130 2978 1183 3018 et
1209 2978 1346 3037 optt.
1364 2963 1586 3018 Ouden-

526 3110 531 3115 .
559 3046 858 3118 dorpianis3
887 3064 1192 3117 quanquam
1220 3057 1446 3115 propter
1467 3064 1590 3116 per·

558 3126 890 3200 spicuitatem
919 3166 934 3192 ,
985 3124 1380 3197 praepositionis
1427 3143 1587 3177 usum

557 3227 666 3259 non
684 3204 881 3258 damno
896 3242 912 3271 ,
941 3217 993 3257 et
1019 3204 1260 3257 restituo,

640 3286 768 3338 CAP.
789 3285 1042 3337 LXXIII.
1067 3302 1090 3335 1
1104 3322 1115 3335 .
1131 3283 1274 3353 Spem
1287 3283 1584 3338 dimiserant.

556 3368 636 3419 Ita
670 3364 826 3419 codd.
854 3383 977 3436 pars
1008 3363 1253 3415 maxima.
1281 3364 1509 3434 Vulgata
1534 3377 1589 3417 et

555 3460 736 3499 noster
775 3443 895 3497 cod.
945 3462 1054 3513 reg.
1103 3443 1283 3511 5768,
1311 3448 1585 3499 amiserant.

556 3526 680 3579 Non
713 3525 849 3577 male
881 3535 1057 3575 autem
1082 3522 1380 3585 dimiserunt,
1418 3543 1587 3595 quum

554 3607 696 3677 legas
712 3644 728 3671 ,
749 3620 864 3674 cap.
885 3600 1238 3673 praecedenti,
1259 3604 1372 3655 talis
1398 3607 1587 3656 occasio

555 3690 777 3737 w'ctorioe
803 3684 1136 3734 dimitteretur.

641 3784 691 3816 2.
719 3764 779 3815 Si
815 3764 1136 3814 Tarraconem
1163 3775 1395 3835 peterent.
1425 3764 1494 3815 Et
1526 3762 1586 3815 id

553 3844 775 3896 minime
798 3855 972 3895 tutum
989 3857 1100 3896 erat
1123 3844 1430 3907 consilium,
1457 3862 1585 3895 nam

553 3924 972 3977 Tarraconenses
1002 3923 1071 3976 ad
1098 3925 1358 3977 Caesarem
1381 3922 1587 3975 defece-

553 4016 700 4067 rant,
717 4022 861 4075 supr.
879 4022 925 4055 c.
958 4006 1046 4057 60.
1081 4003 1340 4057 Praeterea
1366 4004 1584 4074 triginta

551 4082 626 4137 eis
653 4084 815 4137 leucae
843 4096 994 4137 erant
1033 4083 1407 4151 conficiendae3
1437 4081 1585 4154 quod

1674 2885 1794 2939 fieri
1834 2885 1986 2940 nullo
2030 2884 2195 2940 modo
2237 2888 2497 2959 potuisset
2511 2927 2529 2956 ,
2566 2910 2713 2962 prae-

1674 2966 1857 3018 sertim
1870 2965 2268 3037 impedimentis
2280 2970 2482 3021 amissis
2491 3009 2509 3035 ‚
2523 2983 2577 3022 et
2590 2989 2711 3023 om-

1672 3046 1733 3098 ni
1756 3059 2055 3105 commeatu
2082 3046 2349 3119 adempto,
2373 3048 2477 3101 Sed
2502 3068 2567 3102 eo
2586 3048 2711 3103 des-

1672 3126 1963 3198 perationis
2002 3139 2219 3180 ventum
2263 3140 2406 3193 erat,
2450 3142 2537 3195 ut,
2572 3128 2713 3201 quid

1674 3204 1938 3277 agendum
1985 3220 2119 3261 esset
2134 3246 2150 3273 ,
2189 3208 2503 3280 Pompeiani
2534 3212 2711 3264 nesci-

1672 3297 1809 3338 rent.

1758 3367 1809 3419 3.
1838 3365 2123 3419 Nuntiatur.
2149 3365 2301 3419 Leid.
2330 3386 2443 3439 pr„
2470 3369 2675 3424 Lovan.
2694 3411 2709 3438 ,

1674 3447 1852 3511 Voss.,
1873 3459 1932 3497 et
1952 3459 2131 3499 noster
2154 3448 2331 3517 regius
2360 3447 2495 3501 Con.
2531 3448 2561 3501 5
2569 3455 2709 3519 764,

1673 3530 1983 3588 nunciantur,
2031 3544 2143 3578 non
2187 3528 2326 3579 male
2356 3546 2591 3599 quoque.
2624 3530 2711 3583 si-

1672 3605 1870 3657 militer
1896 3624 2057 3677 supra
2086 3625 2132 3659 c.
2170 3612 2239 3669 14
2270 3625 2286 3659 z
2310 3609 2509 3681 jamque
2539 3608 2711 3663 adem

1672 3688 1773 3754 ejus
1790 3690 1965 3754 equites
1972 3686 2113 3753 salso
2136 3688 2503 3741 nunciabantur.
2574 3710 2583 3717 ’

1754 3772 1805 3829 4.
1844 3765 2123 3817 Cohortium
2150 3767 2433 3820 alar-ianm.
2472 3768 2709 3822 Cohortes

1672 3845 1845 3896 ularioe
1862 3859 2013 3898 erant
2032 3845 2275 3917 peditum
2300 3848 2596 3911 sociorum,
2626 3851 2709 3903 uti

1671 3928 1848 3996 equites
1864 3926 2012 3978 alarii
2029 3939 2179 3978 erant
2200 3940 2389 3979 turmae
2420 3929 2708 3983 sociorum.

1754 4005 1883 4058 Cn».
1928 4006 2181 4058 LXXIV.
2236 4025 2285 4059 1.
2342 4008 2557 4077 Quorum
2602 4010 2707 4061 dis-

1671 4104 1828 4147 cessu,
1862 4096 1953 4139 etc.
1987 4084 2387 4156 Perjucundum
2401 4087 2507 4141 hoc
2530 4087 2703 4143 Caesa·
