3025 5025
648 415 791 512 176

955 419 1033 484 C.
1089 415 1373 485 JULII
1427 415 1896 483 CAESARIS
1951 411 2500 484 COMMENT.

742 550 1140 618 XXXVIII.
1178 548 1299 616 His
1326 550 1705 617 constitutis
1734 547 1962 636 rebuS,
1995 547 2421 642 probatisque
2457 541 2789 634 consilii8‚

636 679 720 724 ex
760 654 1057 750 perfugis
1098 653 1493 748 quibusdam
1536 653 1884 749 oppidanis
1918 653 2104 723 audit
2119 652 2162 738 ¹,
2194 653 2436 724 Jubam
2459 706 2479 741 ,
2505 675 2790 721 revoca-

638 757 781 830 tum
811 761 1090 830 finitimo
1116 760 1290 831 bello
1310 775 1378 829 et
1410 762 1878 831 controversiis
1905 758 2412 856 Leptitanorum
2433 813 2452 847 ‚
2474 761 2794 838 restitisse

637 869 709 936 in
750 892 1003 962 regn03
1047 866 1369 936 Saburam
1394 864 1441 955 ²,
1478 866 1621 959 ejus
1664 866 2087 962 praefectum,
2145 891 2302 936 cum
2345 864 2794 935 mediocribus

640 976 847 1069 copiis
867 975 1137 1044 missum
1151 1028 1171 1061 ,
1188 976 1405 1044 Uticae
1424 973 1978 1069 appropinquare.
2005 975 2127 1042 His
2144 971 2530 1043 auctoribus
2544 986 2796 1041 temere

641 1080 952 1167 credens,
988 1079 1337 1150 consilium
1373 1093 1780 1167 commutat,
1821 1094 1890 1149 et
1923 1079 2150 1174 praelio
2187 1104 2330 1147 rem
2373 1081 2795 1148 committere

640 1189 1004 1256 constituit.
1040 1185 1329 1256 Multum
1370 1186 1453 1254 ad
1488 1187 1665 1256 hanc
1703 1211 1845 1256 rem
1877 1184 2292 1280 probandam
2331 1185 2612 1280 adjuvat
2641 1183 2796 1253 ado-

642 1292 953 1362 lescentia
974 1346 995 1380 ‚
1026 1293 1418 1388 magnitudo
1458 1294 1706 1380 animi,
1742 1293 2101 1387 superioris
2149 1293 2466 1386 temporis
2506 1314 2796 1387 proven·

642 1414 752 1468 tus
768 1385 815 1487 ³,
852 1398 1097 1468 fiducia
1130 1401 1226 1468 rei
1262 1400 1432 1468 bene
1460 1397 1784 1494 gerendae.
1819 1401 1940 1468 His
1977 1400 2177 1469 rebus
2212 1396 2537 1493 impulsus
2559 1451 2580 1486 ‚
2617 1397 2798 1492 equi-

642 1520 857 1574 tatum
896 1531 1163 1576 omnem
1203 1508 1417 1601 prima
1454 1519 1652 1575 nocte
1695 1504 1780 1573 ad
1825 1520 2043 1575 castra
2079 1504 2374 1576 hostium
2425 1505 2678 1592 mittit,
2719 1503 2799 1570 ad

646 1612 896 1681 flumen
940 1612 1348 1707 Bagradam,
1390 1613 1630 1707 quibus
1676 1627 1958 1707 praeerat
1998 1613 2252 1682 Sabura
2274 1665 2295 1700 ‚
2338 1612 2423 1681 de
2465 1637 2605 1705 quo
2650 1623 2799 1680 ante

644 1733 790 1788 erat
848 1718 1169 1787 auditum.
1226 1718 1356 1787 Sed
1417 1743 1537 1788 rex
1596 1717 1908 1788 omnibus
1939 1705 1964 1751 ⁴
2007 1720 2220 1815 copiis
2280 1717 2762 1812 insequebatur
2783 1771 2799 1804 ‚

647 1839 715 1893 et
756 1828 857 1896 VI
904 1822 1183 1894 millium
1227 1850 1544 1919 passuum
1591 1824 1944 1894 intervallo
1998 1849 2041 1894 a
2082 1826 2339 1896 Sabura
2389 1824 2798 1895 consederat.

726 2133 857 2186 Cu.
896 2132 1211 2186 XXXVIII.
1254 2151 1304 2186 1.
1338 2132 1429 2186 Ex
1458 2135 1682 2204 perfugis

648 2213 805 2265 audit.
832 2213 1065 2266 Narrant
1078 2231 1193 2266 rem
1220 2212 1510 2285 Appianus,
1535 2213 1572 2266 l.
1601 2231 1680 2279 11,

654 2289 725 2356 145
745 2333 759 2356 ,
780 2312 835 2364 p.
860 2295 1003 2363 7485
1027 2293 1132 2345 Dio
1158 2293 1301 2345 Cassi.
1325 2311 1447 2358 xm,
1478 2301 1574 2358 4²·
1602 2325 1684 2336 —-

649 2372 827 2424 Jabam
844 2383 1111 2424 revocatum
1118 2371 1334 2441 finitimo
1355 2373 1495 2425 bello.
1517 2373 1686 2425 Fron-

649 2453 792 2506 tinus
806 2454 840 2506 J
842 2454 960 2505 ubae
979 2451 1176 2504 honori
1196 2452 1382 2519 vertit,
1402 2451 1549 2525 quod
1569 2453 1683 2505 fue-

648 2535 722 2587 rit
740 2534 907 2589 Curio
924 2552 955 2585 a
978 2532 1215 2605 perfugis
1240 2532 1524 2605 deceptus,
1551 2552 1684 2604 quos

649 2634 743 2666 rex
785 2614 1029 2667 consulto
1072 2613 1292 2666 miserit.
1336 2613 1423 2666 Sic
1443 2614 1479 2665 l.
1507 2630 1587 2678 11,
1619 2613 1680 2671 5,

655 2702 729 2758 40
750 2712 765 2747 :
785 2693 914 2745 Juba
933 2712 1018 2743 rea:
1056 2697 1107 2744 in
1132 2691 1343 2759 Africa,
1371 2693 1494 2745 bello
1524 2693 1680 2756 civili,

655 2773 881 2826 Curionis
920 2776 1155 2835 animum,
1191 2772 1417 2825 simulato
1439 2791 1681 2841 regressu,

654 2854 844 2923 impulit
872 2856 921 2902 in
962 2871 1141 2903 vanam
1186 2852 1487 2905 alacritatem
1500 2891 1517 2915 ‚
1553 2854 1687 2923 cujus

653 2936 725 2983 rei
746 2936 965 2984 vanitate
983 2930 1205 3002 deceptus
1232 2930 1405 2993 Curio,
1435 2932 1550 2983 dum
1576 2944 1686 2983 tan-

653 3032 796 3084 quam
808 3012 1078 3081 fugientem
1098 3010 1337 3063 Saburam
1365 3016 1549 3081 regium
1558 3031 1690 3081 proe-

642 3094 828 3159 sectum
843 3095 1169 3163 persequitur,
1195 3091 1381 3143 devenit
1401 3095 1451 3142 in
1463 3103 1688 3162 patentes

654 3190 844 3242 campos
857 3210 871 3233 ,
901 3171 984 3222 ubi
1002 3168 1323 3223 Numidarum
1346 3176 1688 3224 circumventus

652 3255 867 3323 equitatu
890 3290 905 3312 ‚
947 3250 1141 3320 perdito
1199 3253 1405 3301 exer-citu
1430 3289 1445 3313 ‚
1496 3250 1685 3303 cecidit.

654 3364 733 3375 --
749 3331 1095 3384 controversiis
1111 3330 1491 3400 Leptitanorum.
1507 3332 1588 3382 De
1605 3331 1690 3381 his

653 3409 782 3463 vide
811 3412 943 3465 Bell.
971 3409 1059 3462 Af.
1086 3428 1133 3461 c.
1165 3429 1261 3479 97,
1288 3408 1420 3462 ibid.
1448 3426 1495 3461 c.
1534 3428 1567 3479 7
1588 3447 1604 3474 ,
1637 3422 1692 3461 et

657 3491 946 3544 cellarium
986 3490 1044 3541 in
1075 3491 1235 3542 notit.
1268 3490 1387 3541 orb.
1414 3507 1497 3553 xv,
1523 3495 1552 3553 4
1574 3528 1590 3554 ,
1625 3490 1687 3555 8,

655 3571 751 3623 ubi
781 3568 1015 3623 ostendit
1043 3568 1183 3621 hanc
1218 3568 1411 3639 Leptin
1444 3586 1556 3621 esse
1587 3569 1691 3620 mi-

655 3670 845 3704 norem
890 3651 947 3703 in
992 3667 1053 3701 ea
1096 3649 1314 3719 regione
1354 3649 1507 3699 sitam
1523 3686 1540 3713 ,
1573 3666 1690 3719 quie

655 3730 942 3803 Byzacium
981 3727 1125 3780 dicta
1170 3740 1277 3793 est,
1309 3726 1454 3779 haud
1501 3728 1692 3798 procul

658 3808 978 3874 Adrumet0‚
1002 3821 1055 3860 et
1078 3806 1338 3860 diversam
1354 3825 1382 3858 a
1400 3807 1558 3878 Lepti
1579 3826 1692 3859 ma-

654 3892 795 3961 jore,
826 3908 944 3959 quae
975 3889 1133 3959 longe
1164 3900 1365 3940 remota
1399 3888 1500 3939 fuit
1529 3905 1558 3939 a
1591 3887 1691 3938 mi-

654 3986 823 4033 nore3
854 3982 1080 4038 utraque
1126 3980 1241 4019 tum
1290 3967 1447 4033 alibi,
1480 3979 1595 4019 tum
1635 3968 1692 4019 in

660 4048 935 4101 itinerario
952 4047 1227 4107 Antonini,
1247 4040 1417 4120 p.'57‚
1442 4047 1536 4111 58,
1560 4045 1688 4099 edit.

524 1955 534 1970 “
646 1933 921 2025 Equites
972 1933 1156 2012 missi
1206 1946 1405 2001 nocte
1452 1933 1580 2002 iter
1631 1931 1998 2002 conficiunt
2015 1986 2037 2020 ‚
2089 1931 2546 2028 imprudentes
2606 1946 2800 2026 atque

1771 2135 2098 2206 wesseling.
2131 2145 2600 2187 commemoratur.
2631 2135 2802 2205 Atque

1769 2213 1846 2267 sic
1889 2214 2119 2268 correxit
2161 2213 2419 2268 Cellarius
2457 2233 2555 2280 ea,
2597 2232 2722 2284 quae
2749 2214 2800 2266 in

1769 2293 1912 2348 notis
1944 2293 2011 2348 ad
2038 2307 2282 2348 nostrum
2308 2293 2455 2346 hunc
2483 2295 2670 2346 locum
2695 2313 2801 2347 sus·

1769 2375 1976 2446 picatus
2011 2375 2209 2439 fuerat,
2241 2385 2559 2446 corruptum
2591 2373 2697 2426 sihi
2727 2373 2801 2427 vi·

1770 2451 1887 2506 deri
1908 2472 2106 2508 nomen
2131 2455 2519 2525 Leptitanorum,
2551 2453 2803 2527 deceptus

1771 2535 1910 2588 forte
1941 2554 1970 2588 a
2001 2535 2268 2589 Glareano
2285 2574 2302 2601 ,
2334 2536 2429 2607 qui
2468 2549 2522 2588 et
2561 2536 2680 2607 ipse
2719 2534 2802 2588 hic

1770 2615 2010 2669 haeserat.
2043 2616 2260 2669 Montis.

1856 2715 1905 2749 a.
1924 2694 2178 2748 Sabat-am.
2201 2695 2402 2748 Omnes
2414 2692 2576 2749 codd.
2606 2695 2803 2749 habent

1771 2774 2052 2829 Saburram.
2093 2776 2165 2829 Et
2201 2774 2431 2847 Appian.
2465 2776 2526 2827 B.
2560 2776 2623 2828 C.
2654 2775 2692 2827 l.
2719 2774 2800 2838 11,

1769 2874 1826 2927 p.
1875 2856 2009 2925 748,
2058 2853 2348 2927 Σαῧοὺῥρα,
2387 2874 2553 2927 quare
2593 2853 2801 2908 licentia

1770 2935 1980 3007 poetica
1995 2934 2264 3007 scripserit
2281 2935 2555 3001 Lucan.,l.
2577 2953 2655 2997 tv,
2675 2954 2800 3005 7²²·

1828 3012 1888 3053 Ut
1905 3016 1980 3053 sihi
1994 3016 2189 3055 oomni-si
2207 3014 2390 3055 simulato
2415 3013 2592 3054 Sabbura
2609 3014 2726 3055 belli.

1773 3089 1899 3142 Non
1955 3089 2247 3143 arbitratur
2300 3090 2524 3143 Vossius
2539 3127 2558 3156 ‚
2600 3090 2700 3163 qui
2743 3110 2802 3144 ex

1775 3170 2096 3240 etymologia
2124 3169 2271 3223 vocis
2298 3168 2547 3223 Chaldeae
2575 3190 2672 3223 seu
2702 3170 2801 3223 He·

1774 3241 2117 3316 braeaeff'fflff!
2146 3251 2339 3323 probat
2367 3247 2642 3322 duplicem
2667 3252 2802 3304 litte-

1774 3347 1890 3381 ram
1914 3332 1979 3381 R.
2009 3322 2120 3381 no'n
2149 3328 2359 3383 admitti
2390 3328 2587 3382 debere
2621 3331 2681 3383 in
2711 3332 2802 3383 hae

1776 3426 1934 3473 voce,
1965 3422 2018 3461 et
2045 3422 2243 3463 rectam
2270 3428 2381 3463 esse
2412 3410 2618 3463 Lucani
2650 3410 2804 3483 scrip-

1775 3500 1969 3541 turam.
1997 3489 2139 3543 Huic
2163 3489 2486 3543 recentiores
2505 3490 2687 3545 critici
2703 3507 2804 3543 mo-

1775 3586 1888 3620 rem
1912 3581 2202 3639 gesserunt.

1863 3649 1916 3701 3.
1948 3650 2230 3701 Proventu-c.
2262 3646 2330 3701 Id
2369 3647 2516 3721 quod
2547 3649 2644 3713 fit,
2674 3647 2800 3701 acci-

1777 3725 1889 3793 dit;
1921 3746 2070 3781 casus
2085 3768 2101 3794 ,
2144 3747 2261 3799 quae
2301 3727 2350 3781 ei
2389 3741 2545 3781 antea
2591 3729 2803 3781 feliciter

1779 3821 2091 3861 evenerant:
2108 3809 2183 3862 sic
2202 3829 2278 3859 res
2285 3812 2530 3879 provenit,
2558 3824 2802 3881 prospere

1779 3900 1949 3940 cessit.

1865 3974 1916 4031 4.
1956 3967 2190 4019 Omnibus
2215 3971 2379 4038 copiis.
2423 3967 2688 4021 Nonnulli
2716 3964 2802 4019 ad·

1783 4046 1921 4102 dunt
1937 4066 2041 4101 cum
2056 4066 2077 4109 ,·
2094 4060 2154 4100 ut
2177 4046 2360 4101 videre
2384 4059 2462 4101 est
2481 4049 2542 4102 B.
2567 4047 2638 4101 G.
2659 4065 2730 4112 11,
2752 4064 2800 4117 7.
