<?xml version="1.0" encoding="UTF-8"?>
<!DOCTYPE html PUBLIC "-//W3C//DTD XHTML 1.0 Transitional//EN"
    "http://www.w3.org/TR/xhtml1/DTD/xhtml1-transitional.dtd">
<html xmlns="http://www.w3.org/1999/xhtml" xml:lang="en" lang="en">
 <head>
  <title>
</title>
<meta http-equiv="Content-Type" content="text/html;charset=utf-8" />
  <meta name='ocr-system' content='tesseract 3.04.00' />
  <meta name='ocr-capabilities' content='ocr_page ocr_carea ocr_par ocr_line ocrx_word'/>
</head>
<body>
  <div class='ocr_page' id='page_1' title='image "./caiusjuliuscsar00plutgoog_0172.png"; bbox 0 0 3025 5025; ppageno 0'>
   <div class='ocr_carea' id='block_1_1' title="bbox 607 463 2370 566">
    <p class='ocr_par' dir='ltr' id='par_1_1' title="bbox 607 463 2370 566">
     <span class='ocr_line' id='line_1_1' title="bbox 607 463 2370 566; baseline 0.003 -34.048"><span class='ocrx_word' id='word_1_1' title='bbox 607 465 763 533; x_wconf 91' lang='lat' dir='ltr'><strong>..DE</strong></span> <span class='ocrx_word' id='word_1_2' title='bbox 817 463 1166 532; x_wconf 81' lang='lat' dir='ltr'><strong>BELLO</strong></span> <span class='ocrx_word' id='word_1_3' title='bbox 1221 463 1597 534; x_wconf 89' lang='lat' dir='ltr'><strong>CIVILI.</strong></span> <span class='ocrx_word' id='word_1_4' title='bbox 1653 466 1843 544; x_wconf 92' lang='lat' dir='ltr'><strong>LIB</strong></span> <span class='ocrx_word' id='word_1_5' title='bbox 1900 466 2001 535; x_wconf 93' lang='lat' dir='ltr'><strong>II.</strong></span> <span class='ocrx_word' id='word_1_6' title='bbox 2231 463 2370 566; x_wconf 85' lang='lat'><strong>157</strong></span> 
     </span>
    </p>
   </div>
   <div class='ocr_carea' id='block_1_2' title="bbox 247 592 2375 1864">
    <p class='ocr_par' dir='ltr' id='par_1_2' title="bbox 247 592 2375 1864">
     <span class='ocr_line' id='line_1_2' title="bbox 257 592 2374 694; baseline 0.002 -30"><span class='ocrx_word' id='word_1_7' title='bbox 257 592 596 690; x_wconf 81' lang='lat' dir='ltr'><strong>appellatur</strong></span> <span class='ocrx_word' id='word_1_8' title='bbox 632 593 990 690; x_wconf 81' lang='lat' dir='ltr'><strong>Aquilaria</strong></span> <span class='ocrx_word' id='word_1_9' title='bbox 1044 596 1172 664; x_wconf 89' lang='lat' dir='ltr'><strong>Hic</strong></span> <span class='ocrx_word' id='word_1_10' title='bbox 1210 595 1396 666; x_wconf 89' lang='lat' dir='ltr'><strong>locus</strong></span> <span class='ocrx_word' id='word_1_11' title='bbox 1438 596 1628 666; x_wconf 88' lang='lat' dir='ltr'><strong>abest</strong></span> <span class='ocrx_word' id='word_1_12' title='bbox 1662 621 1701 666; x_wconf 88' lang='lat' dir='ltr'><strong>a</strong></span> <span class='ocrx_word' id='word_1_13' title='bbox 1740 596 2012 693; x_wconf 82' lang='lat' dir='ltr'>Clupeis</span> <span class='ocrx_word' id='word_1_14' title='bbox 2057 623 2374 694; x_wconf 83' lang='lat' dir='ltr'><strong>passuum</strong></span> 
     </span>
     <span class='ocr_line' id='line_1_3' title="bbox 258 700 2373 796; baseline 0.001 -24"><span class='ocrx_word' id='word_1_15' title='bbox 258 703 435 772; x_wconf 83' lang='lat' dir='ltr'>XXII</span> <span class='ocrx_word' id='word_1_16' title='bbox 469 700 714 789; x_wconf 86' lang='lat' dir='ltr'><strong>millia,</strong></span> <span class='ocrx_word' id='word_1_17' title='bbox 757 702 1092 796; x_wconf 79' lang='lat' dir='ltr'><strong>habetque</strong></span> <span class='ocrx_word' id='word_1_18' title='bbox 1127 727 1266 772; x_wconf 86' lang='lat' dir='ltr'><strong>non</strong></span> <span class='ocrx_word' id='word_1_19' title='bbox 1321 703 1817 774; x_wconf 83' lang='lat' dir='ltr'><strong>incommodam</strong></span> <span class='ocrx_word' id='word_1_20' title='bbox 1874 718 2099 774; x_wconf 84' lang='lat' dir='ltr'><strong>oestate</strong></span> <span class='ocrx_word' id='word_1_21' title='bbox 2136 709 2373 776; x_wconf 88' lang='lat' dir='ltr'><strong>statio-</strong></span> 
     </span>
     <span class='ocr_line' id='line_1_4' title="bbox 257 805 2373 904; baseline 0.003 -28"><span class='ocrx_word' id='word_1_22' title='bbox 257 833 386 877; x_wconf 87' lang='lat' dir='ltr'><strong>nem</strong></span> <span class='ocrx_word' id='word_1_23' title='bbox 405 805 450 895; x_wconf 85' lang='lat'><strong>²·‚</strong></span> <span class='ocrx_word' id='word_1_24' title='bbox 507 823 574 876; x_wconf 90' lang='lat' dir='ltr'><strong>et</strong></span> <span class='ocrx_word' id='word_1_25' title='bbox 623 807 891 878; x_wconf 87' lang='lat' dir='ltr'><strong>duobus</strong></span> <span class='ocrx_word' id='word_1_26' title='bbox 948 809 1390 878; x_wconf 82' lang='lat' dir='ltr'><strong>eminentibus</strong></span> <span class='ocrx_word' id='word_1_27' title='bbox 1439 811 1914 904; x_wconf 86' lang='lat' dir='ltr'><strong>promontoriis</strong></span> <span class='ocrx_word' id='word_1_28' title='bbox 1976 814 2373 883; x_wconf 84' lang='lat' dir='ltr'><strong>continetur.</strong></span> 
     </span>
     <span class='ocr_line' id='line_1_5' title="bbox 255 914 2374 1012; baseline 0.003 -28"><span class='ocrx_word' id='word_1_29' title='bbox 255 915 444 1007; x_wconf 82' lang='lat' dir='ltr'><strong>Hujus</strong></span> <span class='ocrx_word' id='word_1_30' title='bbox 480 915 842 984; x_wconf 89' lang='lat' dir='ltr'><strong>adventum</strong></span> <span class='ocrx_word' id='word_1_31' title='bbox 873 917 950 984; x_wconf 92' lang='lat' dir='ltr'><strong>L.</strong></span> <span class='ocrx_word' id='word_1_32' title='bbox 991 917 1217 984; x_wconf 76' lang='lat' dir='ltr'><strong>Caesar</strong></span> <span class='ocrx_word' id='word_1_33' title='bbox 1259 914 1433 985; x_wconf 87' lang='lat' dir='ltr'><strong>filius</strong></span> <span class='ocrx_word' id='word_1_34' title='bbox 1459 969 1479 1004; x_wconf 91' lang='lat'><strong>,</strong></span> <span class='ocrx_word' id='word_1_35' title='bbox 1508 941 1665 986; x_wconf 87' lang='lat' dir='ltr'><strong>cum</strong></span> <span class='ocrx_word' id='word_1_36' title='bbox 1711 919 1781 986; x_wconf 86' lang='lat' dir='ltr'>X</span> <span class='ocrx_word' id='word_1_37' title='bbox 1829 915 2046 1012; x_wconf 85' lang='lat' dir='ltr'><strong>longis</strong></span> <span class='ocrx_word' id='word_1_38' title='bbox 2091 920 2374 990; x_wconf 83' lang='lat' dir='ltr'><strong>navibus</strong></span> 
     </span>
     <span class='ocr_line' id='line_1_6' title="bbox 251 1012 2375 1120; baseline 0.003 -32"><span class='ocrx_word' id='word_1_39' title='bbox 251 1020 327 1088; x_wconf 87' lang='lat' dir='ltr'><strong>ad</strong></span> <span class='ocrx_word' id='word_1_40' title='bbox 363 1019 682 1116; x_wconf 81' lang='lat' dir='ltr'><strong>Clupeam</strong></span> <span class='ocrx_word' id='word_1_41' title='bbox 728 1017 1116 1116; x_wconf 79' lang='lat' dir='ltr'><strong>praestolans</strong></span> <span class='ocrx_word' id='word_1_42' title='bbox 1137 1077 1156 1110; x_wconf 87' lang='lat'>‚</span> <span class='ocrx_word' id='word_1_43' title='bbox 1196 1012 1417 1116; x_wconf 88' lang='lat' dir='ltr'><strong>(quas</strong></span> <span class='ocrx_word' id='word_1_44' title='bbox 1451 1047 1658 1092; x_wconf 84' lang='lat' dir='ltr'><strong>naves</strong></span> <span class='ocrx_word' id='word_1_45' title='bbox 1700 1023 1950 1112; x_wconf 76' lang='lat' dir='ltr'><strong>Uticae,</strong></span> <span class='ocrx_word' id='word_1_46' title='bbox 1993 1049 2075 1093; x_wconf 85' lang='lat' dir='ltr'><strong>ex</strong></span> <span class='ocrx_word' id='word_1_47' title='bbox 2116 1025 2375 1120; x_wconf 76' lang='lat' dir='ltr'><strong>praedo·</strong></span> 
     </span>
     <span class='ocr_line' id='line_1_7' title="bbox 253 1126 2373 1225; baseline 0.003 -31"><span class='ocrx_word' id='word_1_48' title='bbox 253 1152 394 1196; x_wconf 89' lang='lat' dir='ltr'><strong>num</strong></span> <span class='ocrx_word' id='word_1_49' title='bbox 447 1126 630 1198; x_wconf 91' lang='lat' dir='ltr'><strong>bello</strong></span> <span class='ocrx_word' id='word_1_50' title='bbox 687 1128 1048 1198; x_wconf 81' lang='lat' dir='ltr'><strong>subductas</strong></span> <span class='ocrx_word' id='word_1_51' title='bbox 1071 1181 1092 1216; x_wconf 82' lang='grc'><strong>,</strong></span> <span class='ocrx_word' id='word_1_52' title='bbox 1141 1131 1212 1197; x_wconf 91' lang='grc' dir='ltr'><strong>Ρ.</strong></span> <span class='ocrx_word' id='word_1_53' title='bbox 1267 1131 1490 1199; x_wconf 90' lang='lat' dir='ltr'><strong>Attius</strong></span> <span class='ocrx_word' id='word_1_54' title='bbox 1540 1129 1930 1200; x_wconf 85' lang='lat' dir='ltr'><strong>reficiendas</strong></span> <span class='ocrx_word' id='word_1_55' title='bbox 1982 1131 2181 1225; x_wconf 87' lang='lat' dir='ltr'><strong>hujus</strong></span> <span class='ocrx_word' id='word_1_56' title='bbox 2219 1131 2373 1201; x_wconf 90' lang='lat' dir='ltr'><strong>belli</strong></span> 
     </span>
     <span class='ocr_line' id='line_1_8' title="bbox 253 1228 2375 1330; baseline 0.002 -27"><span class='ocrx_word' id='word_1_57' title='bbox 253 1257 430 1303; x_wconf 84' lang='lat' dir='ltr'><strong>causa</strong></span> <span class='ocrx_word' id='word_1_58' title='bbox 467 1249 822 1304; x_wconf 85' lang='lat' dir='ltr'><strong>curaverat</strong></span> <span class='ocrx_word' id='word_1_59' title='bbox 851 1289 870 1322; x_wconf 85' lang='lat'>‚</span> <span class='ocrx_word' id='word_1_60' title='bbox 913 1228 1378 1330; x_wconf 85' lang='lat' dir='ltr'><strong>).veritusque</strong></span> <span class='ocrx_word' id='word_1_61' title='bbox 1410 1238 1683 1306; x_wconf 82' lang='lat' dir='ltr'><strong>navium</strong></span> <span class='ocrx_word' id='word_1_62' title='bbox 1728 1236 2221 1306; x_wconf 83' lang='lat' dir='ltr'><strong>multitudinem</strong></span> <span class='ocrx_word' id='word_1_63' title='bbox 2238 1292 2257 1326; x_wconf 86' lang='lat'>,</span> <span class='ocrx_word' id='word_1_64' title='bbox 2292 1263 2375 1308; x_wconf 84' lang='lat' dir='ltr'><strong>ex</strong></span> 
     </span>
     <span class='ocr_line' id='line_1_9' title="bbox 251 1339 2374 1438; baseline 0.002 -29"><span class='ocrx_word' id='word_1_65' title='bbox 251 1339 369 1410; x_wconf 87' lang='lat' dir='ltr'><strong>alto</strong></span> <span class='ocrx_word' id='word_1_66' title='bbox 417 1341 789 1436; x_wconf 82' lang='lat' dir='ltr'><strong>refugerat,</strong></span> <span class='ocrx_word' id='word_1_67' title='bbox 838 1339 1248 1436; x_wconf 84' lang='lat' dir='ltr'><strong>appulsaque</strong></span> <span class='ocrx_word' id='word_1_68' title='bbox 1303 1342 1388 1412; x_wconf 88' lang='lat' dir='ltr'><strong>ad</strong></span> <span class='ocrx_word' id='word_1_69' title='bbox 1441 1344 1822 1438; x_wconf 85' lang='lat' dir='ltr'><strong>proximum</strong></span> <span class='ocrx_word' id='word_1_70' title='bbox 1877 1342 2059 1413; x_wconf 89' lang='lat' dir='ltr'><strong>littus</strong></span> <span class='ocrx_word' id='word_1_71' title='bbox 2102 1346 2374 1414; x_wconf 85' lang='lat' dir='ltr'><strong>trireme</strong></span> 
     </span>
     <span class='ocr_line' id='line_1_10' title="bbox 252 1446 2373 1546; baseline 0.002 -31"><span class='ocrx_word' id='word_1_72' title='bbox 252 1461 595 1537; x_wconf 84' lang='lat' dir='ltr'><strong>constrata,</strong></span> <span class='ocrx_word' id='word_1_73' title='bbox 631 1462 701 1517; x_wconf 90' lang='lat' dir='ltr'><strong>et</strong></span> <span class='ocrx_word' id='word_1_74' title='bbox 735 1450 806 1516; x_wconf 91' lang='lat' dir='ltr'><strong>in</strong></span> <span class='ocrx_word' id='word_1_75' title='bbox 845 1446 1070 1516; x_wconf 87' lang='lat' dir='ltr'><strong>littore</strong></span> <span class='ocrx_word' id='word_1_76' title='bbox 1111 1447 1372 1537; x_wconf 83' lang='lat' dir='ltr'><strong>relicta,</strong></span> <span class='ocrx_word' id='word_1_77' title='bbox 1407 1449 1689 1544; x_wconf 88' lang='lat' dir='ltr'><strong>pedibus</strong></span> <span class='ocrx_word' id='word_1_78' title='bbox 1730 1449 2174 1520; x_wconf 87' lang='lat' dir='ltr'><strong>Adrumetum</strong></span> <span class='ocrx_word' id='word_1_79' title='bbox 2218 1476 2373 1546; x_wconf 86' lang='lat' dir='ltr'><strong>pro-</strong></span> 
     </span>
     <span class='ocr_line' id='line_1_11' title="bbox 250 1542 2374 1673; baseline 0.002 -51"><span class='ocrx_word' id='word_1_80' title='bbox 250 1552 540 1673; x_wconf 81' lang='lat' dir='ltr'><strong>fugerat.</strong></span> <span class='ocrx_word' id='word_1_81' title='bbox 591 1545 720 1641; x_wconf 82' lang='lat' dir='ltr'><strong>(id</strong></span> <span class='ocrx_word' id='word_1_82' title='bbox 769 1554 1092 1649; x_wconf 90' lang='lat' dir='ltr'><strong>oppidum</strong></span> <span class='ocrx_word' id='word_1_83' title='bbox 1137 1557 1214 1624; x_wconf 92' lang='lat' dir='ltr'><strong>C.</strong></span> <span class='ocrx_word' id='word_1_84' title='bbox 1267 1556 1623 1627; x_wconf 83' lang='lat' dir='ltr'><strong>Considius</strong></span> <span class='ocrx_word' id='word_1_85' title='bbox 1676 1542 1995 1650; x_wconf 78' lang='lat' dir='ltr'><strong>Longus³</strong></span> <span class='ocrx_word' id='word_1_86' title='bbox 2034 1560 2231 1627; x_wconf 89' lang='lat' dir='ltr'><strong>unius</strong></span> <span class='ocrx_word' id='word_1_87' title='bbox 2274 1557 2374 1628; x_wconf 89' lang='lat' dir='ltr'><strong>le·-</strong></span> 
     </span>
     <span class='ocr_line' id='line_1_12' title="bbox 249 1655 2375 1795; baseline 0.003 -67"><span class='ocrx_word' id='word_1_88' title='bbox 249 1661 438 1752; x_wconf 84' lang='lat' dir='ltr'><strong>gionis</strong></span> <span class='ocrx_word' id='word_1_89' title='bbox 475 1659 804 1755; x_wconf 75' lang='lat' dir='ltr'><strong>praesidio</strong></span> <span class='ocrx_word' id='word_1_90' title='bbox 860 1661 1218 1732; x_wconf 88' lang='lat' dir='ltr'><strong>tuebatur:</strong></span> <span class='ocrx_word' id='word_1_91' title='bbox 1254 1655 1584 1756; x_wconf 79' lang='lat' dir='ltr'><strong>)reliquae</strong></span> <span class='ocrx_word' id='word_1_92' title='bbox 1638 1664 1916 1732; x_wconf 85' lang='lat' dir='ltr'><strong>Caesaris</strong></span> <span class='ocrx_word' id='word_1_93' title='bbox 1973 1687 2175 1734; x_wconf 84' lang='lat' dir='ltr'><strong>naves</strong></span> <span class='ocrx_word' id='word_1_94' title='bbox 2232 1665 2375 1795; x_wconf 87' lang='lat' dir='ltr'><strong>ejus</strong></span> 
     </span>
     <span class='ocr_line' id='line_1_13' title="bbox 247 1754 2373 1864; baseline 0.003 -30"><span class='ocrx_word' id='word_1_95' title='bbox 247 1754 420 1861; x_wconf 73' lang='lat' dir='ltr'><strong>fuga⁴</strong></span> <span class='ocrx_word' id='word_1_96' title='bbox 440 1767 886 1838; x_wconf 86' lang='lat' dir='ltr'><strong>Adrumetum</strong></span> <span class='ocrx_word' id='word_1_97' title='bbox 915 1793 986 1838; x_wconf 90' lang='lat' dir='ltr'><strong>se</strong></span> <span class='ocrx_word' id='word_1_98' title='bbox 1013 1783 1428 1864; x_wconf 88' lang='lat' dir='ltr'><strong>receperunt.</strong></span> <span class='ocrx_word' id='word_1_99' title='bbox 1470 1772 1671 1838; x_wconf 86' lang='lat' dir='ltr'><strong>Hune</strong></span> <span class='ocrx_word' id='word_1_100' title='bbox 1696 1783 1963 1840; x_wconf 85' lang='lat' dir='ltr'><strong>secutus</strong></span> <span class='ocrx_word' id='word_1_101' title='bbox 1990 1773 2085 1840; x_wconf 93' lang='lat' dir='ltr'>M</span> <span class='ocrx_word' id='word_1_102' title='bbox 2118 1757 2373 1840; x_wconf 81' lang='lat' dir='ltr'><strong>Rufus⁵</strong></span> 
     </span>
    </p>
   </div>
   <div class='ocr_carea' id='block_1_3' title="bbox 237 1981 1260 2853">
    <p class='ocr_par' dir='ltr' id='par_1_3' title="bbox 237 1981 1260 2853">
     <span class='ocr_line' id='line_1_14' title="bbox 319 1981 1254 2046; baseline 0.002 -14"><span class='ocrx_word' id='word_1_103' title='bbox 319 1999 367 2032; x_wconf 78' lang='lat'><strong>2.</strong></span> <span class='ocrx_word' id='word_1_104' title='bbox 385 1981 498 2034; x_wconf 83' lang='lat' dir='ltr'><strong>Non</strong></span> <span class='ocrx_word' id='word_1_105' title='bbox 522 1981 870 2046; x_wconf 76' lang='lat' dir='ltr'><strong>incommodam</strong></span> <span class='ocrx_word' id='word_1_106' title='bbox 889 1993 1058 2034; x_wconf 72' lang='lat' dir='ltr'><strong>testate</strong></span> <span class='ocrx_word' id='word_1_107' title='bbox 1080 1985 1254 2034; x_wconf 74' lang='lat' dir='ltr'><strong>statio-</strong></span> 
     </span>
     <span class='ocr_line' id='line_1_15' title="bbox 247 2047 1258 2134; baseline 0.005 -25"><span class='ocrx_word' id='word_1_108' title='bbox 247 2077 357 2112; x_wconf 79' lang='lat' dir='ltr'><strong>nem.</strong></span> <span class='ocrx_word' id='word_1_109' title='bbox 403 2057 552 2114; x_wconf 81' lang='lat' dir='ltr'><strong>Hanc</strong></span> <span class='ocrx_word' id='word_1_110' title='bbox 614 2047 804 2116; x_wconf 75' lang='lat' dir='ltr'><strong>vocem</strong></span> <span class='ocrx_word' id='word_1_111' title='bbox 851 2061 1258 2134; x_wconf 75' lang='lat' dir='ltr'><strong>expungendam</strong></span> 
     </span>
     <span class='ocr_line' id='line_1_16' title="bbox 245 2141 1259 2214; baseline 0.005 -23"><span class='ocrx_word' id='word_1_112' title='bbox 245 2152 446 2192; x_wconf 81' lang='lat' dir='ltr'><strong>censent</strong></span> <span class='ocrx_word' id='word_1_113' title='bbox 492 2141 721 2206; x_wconf 59' lang='grc' dir='ltr'><strong>(Σίκα,</strong></span> <span class='ocrx_word' id='word_1_114' title='bbox 756 2141 791 2193; x_wconf 82' lang='lat' dir='ltr'>J</span> <span class='ocrx_word' id='word_1_115' title='bbox 792 2161 868 2195; x_wconf 89' lang='lat' dir='ltr'><strong>os</strong></span> <span class='ocrx_word' id='word_1_116' title='bbox 911 2141 1173 2214; x_wconf 84' lang='lat' dir='ltr'><strong>Scaliger,</strong></span> <span class='ocrx_word' id='word_1_117' title='bbox 1205 2155 1259 2196; x_wconf 86' lang='lat' dir='ltr'><strong>et</strong></span> 
     </span>
     <span class='ocr_line' id='line_1_17' title="bbox 245 2217 1258 2286; baseline 0.003 -15"><span class='ocrx_word' id='word_1_118' title='bbox 245 2217 490 2273; x_wconf 80' lang='lat' dir='ltr'><strong>Gruterus</strong></span> <span class='ocrx_word' id='word_1_119' title='bbox 503 2258 520 2286; x_wconf 93' lang='lat'><strong><em>‚</em></strong></span> <span class='ocrx_word' id='word_1_120' title='bbox 539 2233 596 2274; x_wconf 85' lang='lat' dir='ltr'><strong>et</strong></span> <span class='ocrx_word' id='word_1_121' title='bbox 617 2221 837 2276; x_wconf 55' lang='grc' dir='ltr'><strong>Πανίου</strong></span> <span class='ocrx_word' id='word_1_122' title='bbox 823 2262 836 2274; x_wconf 95' lang='grc'><strong>.</strong></span> <span class='ocrx_word' id='word_1_123' title='bbox 861 2233 914 2274; x_wconf 88' lang='lat' dir='ltr'><strong>at</strong></span> <span class='ocrx_word' id='word_1_124' title='bbox 937 2241 1055 2276; x_wconf 85' lang='lat' dir='ltr'><strong>eam</strong></span> <span class='ocrx_word' id='word_1_125' title='bbox 1073 2221 1258 2276; x_wconf 85' lang='lat' dir='ltr'><strong>defen-</strong></span> 
     </span>
     <span class='ocr_line' id='line_1_18' title="bbox 242 2296 1259 2368; baseline 0.006 -18"><span class='ocrx_word' id='word_1_126' title='bbox 242 2296 318 2351; x_wconf 87' lang='lat' dir='ltr'><strong>dit</strong></span> <span class='ocrx_word' id='word_1_127' title='bbox 345 2301 562 2354; x_wconf 84' lang='lat' dir='ltr'><strong>Vossius</strong></span> <span class='ocrx_word' id='word_1_128' title='bbox 575 2338 596 2366; x_wconf 88' lang='lat'>,</span> <span class='ocrx_word' id='word_1_129' title='bbox 619 2314 674 2355; x_wconf 87' lang='lat' dir='ltr'><strong>et</strong></span> <span class='ocrx_word' id='word_1_130' title='bbox 693 2302 920 2368; x_wconf 87' lang='lat' dir='ltr'><strong>merito;</strong></span> <span class='ocrx_word' id='word_1_131' title='bbox 940 2321 1068 2354; x_wconf 80' lang='lat' dir='ltr'><strong>nam</strong></span> <span class='ocrx_word' id='word_1_132' title='bbox 1090 2315 1259 2356; x_wconf 85' lang='lat' dir='ltr'><strong>exstat</strong></span> 
     </span>
     <span class='ocr_line' id='line_1_19' title="bbox 243 2377 1254 2453; baseline 0.004 -23"><span class='ocrx_word' id='word_1_133' title='bbox 243 2379 294 2430; x_wconf 90' lang='lat' dir='ltr'><strong>in</strong></span> <span class='ocrx_word' id='word_1_134' title='bbox 319 2381 562 2434; x_wconf 87' lang='lat' dir='ltr'><strong>omnibus</strong></span> <span class='ocrx_word' id='word_1_135' title='bbox 585 2377 772 2444; x_wconf 64' lang='lat' dir='ltr'><strong>codd„</strong></span> <span class='ocrx_word' id='word_1_136' title='bbox 801 2395 1006 2453; x_wconf 84' lang='lat' dir='ltr'><strong>except.</strong></span> <span class='ocrx_word' id='word_1_137' title='bbox 1037 2383 1254 2436; x_wconf 82' lang='lat' dir='ltr'><strong>Nervic.</strong></span> 
     </span>
     <span class='ocr_line' id='line_1_20' title="bbox 245 2457 1258 2533; baseline 0.005 -23"><span class='ocrx_word' id='word_1_138' title='bbox 245 2457 493 2514; x_wconf 81' lang='lat' dir='ltr'><strong>Praeterea</strong></span> <span class='ocrx_word' id='word_1_139' title='bbox 537 2461 694 2514; x_wconf 84' lang='lat' dir='ltr'><strong>statio</strong></span> <span class='ocrx_word' id='word_1_140' title='bbox 738 2474 914 2533; x_wconf 84' lang='lat' dir='ltr'><strong>potest</strong></span> <span class='ocrx_word' id='word_1_141' title='bbox 960 2481 1072 2516; x_wconf 86' lang='lat' dir='ltr'><strong>esse</strong></span> <span class='ocrx_word' id='word_1_142' title='bbox 1111 2481 1258 2516; x_wconf 87' lang='lat' dir='ltr'><strong>com-</strong></span> 
     </span>
     <span class='ocr_line' id='line_1_21' title="bbox 239 2538 1258 2597; baseline 0.005 -6"><span class='ocrx_word' id='word_1_143' title='bbox 239 2538 390 2592; x_wconf 84' lang='lat' dir='ltr'><strong>moda</strong></span> <span class='ocrx_word' id='word_1_144' title='bbox 449 2553 630 2595; x_wconf 81' lang='lat' dir='ltr'><strong>aestate</strong></span> <span class='ocrx_word' id='word_1_145' title='bbox 692 2554 746 2594; x_wconf 91' lang='lat' dir='ltr'><strong>et</strong></span> <span class='ocrx_word' id='word_1_146' title='bbox 805 2542 1150 2597; x_wconf 88' lang='lat' dir='ltr'><strong>incommoda</strong></span> <span class='ocrx_word' id='word_1_147' title='bbox 1199 2544 1258 2596; x_wconf 89' lang='lat' dir='ltr'><strong>in</strong></span> 
     </span>
     <span class='ocr_line' id='line_1_22' title="bbox 239 2618 1260 2693; baseline 0.004 -22"><span class='ocrx_word' id='word_1_148' title='bbox 239 2618 404 2673; x_wconf 87' lang='lat' dir='ltr'><strong>hieme</strong></span> <span class='ocrx_word' id='word_1_149' title='bbox 433 2660 450 2688; x_wconf 86' lang='lat'>,</span> <span class='ocrx_word' id='word_1_150' title='bbox 498 2633 666 2693; x_wconf 90' lang='lat' dir='ltr'><strong>prout</strong></span> <span class='ocrx_word' id='word_1_151' title='bbox 719 2622 868 2675; x_wconf 83' lang='lat' dir='ltr'><strong>venti</strong></span> <span class='ocrx_word' id='word_1_152' title='bbox 935 2624 1020 2677; x_wconf 81' lang='lat' dir='ltr'><strong>vel</strong></span> <span class='ocrx_word' id='word_1_153' title='bbox 1085 2621 1260 2675; x_wconf 79' lang='lat' dir='ltr'><strong>sidera</strong></span> 
     </span>
     <span class='ocr_line' id='line_1_23' title="bbox 237 2699 1256 2773; baseline 0.004 -22"><span class='ocrx_word' id='word_1_154' title='bbox 237 2699 480 2755; x_wconf 86' lang='lat' dir='ltr'><strong>influunt.</strong></span> <span class='ocrx_word' id='word_1_155' title='bbox 527 2734 611 2745; x_wconf 90' lang='lat'><strong>—-·</strong></span> <span class='ocrx_word' id='word_1_156' title='bbox 655 2702 862 2753; x_wconf 81' lang='lat' dir='ltr'><strong>Duobus</strong></span> <span class='ocrx_word' id='word_1_157' title='bbox 897 2706 1256 2773; x_wconf 77' lang='lat' dir='ltr'><strong>promontoriis.</strong></span> 
     </span>
     <span class='ocr_line' id='line_1_24' title="bbox 239 2780 1259 2853; baseline 0.004 -22"><span class='ocrx_word' id='word_1_158' title='bbox 239 2780 492 2851; x_wconf 76' lang='lat' dir='ltr'><strong>Apollinis</strong></span> <span class='ocrx_word' id='word_1_159' title='bbox 507 2792 562 2833; x_wconf 88' lang='lat' dir='ltr'><strong>et</strong></span> <span class='ocrx_word' id='word_1_160' title='bbox 580 2781 865 2848; x_wconf 87' lang='lat' dir='ltr'><strong>Mercurii,</strong></span> <span class='ocrx_word' id='word_1_161' title='bbox 880 2800 1113 2853; x_wconf 81' lang='lat' dir='ltr'><strong>quorum</strong></span> <span class='ocrx_word' id='word_1_162' title='bbox 1135 2783 1259 2849; x_wconf 86' lang='lat' dir='ltr'><strong>hoc,</strong></span> 
     </span>
    </p>
   </div>
   <div class='ocr_carea' id='block_1_4' title="bbox 135 2861 1260 2933">
    <p class='ocr_par' dir='ltr' id='par_1_4' title="bbox 135 2861 1260 2933">
     <span class='ocr_line' id='line_1_25' title="bbox 135 2861 1260 2933; baseline 0.002 -22"><span class='ocrx_word' id='word_1_163' title='bbox 135 2878 138 2885; x_wconf 93' lang='lat'>·</span> <span class='ocrx_word' id='word_1_164' title='bbox 242 2878 376 2912; x_wconf 85' lang='lat' dir='ltr'><strong>nunc</strong></span> <span class='ocrx_word' id='word_1_165' title='bbox 395 2861 440 2911; x_wconf 82' lang='lat' dir='ltr'><strong>le</strong></span> <span class='ocrx_word' id='word_1_166' title='bbox 452 2880 546 2931; x_wconf 84' lang='lat' dir='ltr'><strong>cap</strong></span> <span class='ocrx_word' id='word_1_167' title='bbox 557 2861 686 2922; x_wconf 85' lang='lat' dir='ltr'><strong>Bon,</strong></span> <span class='ocrx_word' id='word_1_168' title='bbox 703 2862 768 2913; x_wconf 90' lang='lat' dir='ltr'><strong>ab</strong></span> <span class='ocrx_word' id='word_1_169' title='bbox 787 2861 1010 2929; x_wconf 88' lang='lat' dir='ltr'><strong>oriente,</strong></span> <span class='ocrx_word' id='word_1_170' title='bbox 1021 2861 1155 2916; x_wconf 89' lang='lat' dir='ltr'><strong>illud</strong></span> <span class='ocrx_word' id='word_1_171' title='bbox 1168 2882 1260 2933; x_wconf 84' lang='lat' dir='ltr'><strong>cap</strong></span> 
     </span>
    </p>
   </div>
   <div class='ocr_carea' id='block_1_5' title="bbox 237 2938 1264 4214">
    <p class='ocr_par' dir='ltr' id='par_1_5' title="bbox 237 2938 1258 3094">
     <span class='ocr_line' id='line_1_26' title="bbox 237 2938 1258 3003; baseline 0.001 -10"><span class='ocrx_word' id='word_1_172' title='bbox 237 2940 432 3003; x_wconf 56' lang='lat' dir='ltr'><strong>laceb,</strong></span> <span class='ocrx_word' id='word_1_173' title='bbox 452 2942 522 2992; x_wconf 85' lang='lat' dir='ltr'><strong>ab</strong></span> <span class='ocrx_word' id='word_1_174' title='bbox 541 2938 819 2994; x_wconf 89' lang='lat' dir='ltr'><strong>occidente</strong></span> <span class='ocrx_word' id='word_1_175' title='bbox 833 2942 1011 2993; x_wconf 89' lang='lat' dir='ltr'><strong>sinum</strong></span> <span class='ocrx_word' id='word_1_176' title='bbox 1039 2940 1258 2995; x_wconf 82' lang='lat' dir='ltr'><strong>claudit.</strong></span> 
     </span>
     <span class='ocr_line' id='line_1_27' title="bbox 239 3018 1258 3094; baseline 0.002 -21"><span class='ocrx_word' id='word_1_177' title='bbox 239 3018 500 3093; x_wconf 82' lang='lat' dir='ltr'><strong>V.Virgil.</strong></span> <span class='ocrx_word' id='word_1_178' title='bbox 513 3034 656 3073; x_wconf 87' lang='lat' dir='ltr'><strong>nost.</strong></span> <span class='ocrx_word' id='word_1_179' title='bbox 667 3020 944 3075; x_wconf 79' lang='lat' dir='ltr'><strong>Edit.v01.</strong></span> <span class='ocrx_word' id='word_1_180' title='bbox 971 3040 994 3075; x_wconf 83' lang='lat'>1</span> <span class='ocrx_word' id='word_1_181' title='bbox 1010 3040 1034 3075; x_wconf 93' lang='lat'>1</span> <span class='ocrx_word' id='word_1_182' title='bbox 1046 3041 1116 3094; x_wconf 90' lang='lat' dir='ltr'><strong>.p.</strong></span> <span class='ocrx_word' id='word_1_183' title='bbox 1129 3040 1152 3074; x_wconf 93' lang='lat'>1</span> <span class='ocrx_word' id='word_1_184' title='bbox 1165 3023 1197 3075; x_wconf 92' lang='lat'>8</span> <span class='ocrx_word' id='word_1_185' title='bbox 1211 3040 1234 3074; x_wconf 89' lang='lat'>1</span> <span class='ocrx_word' id='word_1_186' title='bbox 1244 3063 1258 3075; x_wconf 93' lang='lat'><strong>.</strong></span> 
     </span>
    </p>

    <p class='ocr_par' dir='ltr' id='par_1_6' title="bbox 242 3100 1256 3249">
     <span class='ocr_line' id='line_1_28' title="bbox 313 3100 1256 3171; baseline -0.002 -16"><span class='ocrx_word' id='word_1_187' title='bbox 313 3102 366 3155; x_wconf 97' lang='grc'><strong>3.</strong></span> <span class='ocrx_word' id='word_1_188' title='bbox 384 3100 446 3153; x_wconf 93' lang='lat' dir='ltr'><strong>C.</strong></span> <span class='ocrx_word' id='word_1_189' title='bbox 463 3100 721 3153; x_wconf 81' lang='lat' dir='ltr'><strong>Considius</strong></span> <span class='ocrx_word' id='word_1_190' title='bbox 737 3103 950 3171; x_wconf 71' lang='lat' dir='ltr'><strong>Longus.</strong></span> <span class='ocrx_word' id='word_1_191' title='bbox 967 3104 1050 3155; x_wconf 91' lang='lat' dir='ltr'><strong>De</strong></span> <span class='ocrx_word' id='word_1_192' title='bbox 1065 3121 1130 3154; x_wconf 90' lang='lat' dir='ltr'><strong>eo</strong></span> <span class='ocrx_word' id='word_1_193' title='bbox 1142 3100 1256 3155; x_wconf 82' lang='lat' dir='ltr'><strong>vid.</strong></span> 
     </span>
     <span class='ocr_line' id='line_1_29' title="bbox 242 3178 768 3249; baseline 0.006 -19"><span class='ocrx_word' id='word_1_194' title='bbox 242 3178 362 3235; x_wconf 87' lang='lat' dir='ltr'><strong>Bell.</strong></span> <span class='ocrx_word' id='word_1_195' title='bbox 389 3180 559 3233; x_wconf 83' lang='lat' dir='ltr'><strong>Afric.</strong></span> <span class='ocrx_word' id='word_1_196' title='bbox 588 3200 635 3233; x_wconf 88' lang='lat' dir='ltr'><strong>c.</strong></span> <span class='ocrx_word' id='word_1_197' title='bbox 672 3182 768 3249; x_wconf 89' lang='grc'><strong>93.</strong></span> 
     </span>
    </p>

    <p class='ocr_par' dir='ltr' id='par_1_7' title="bbox 237 3261 1264 3886">
     <span class='ocr_line' id='line_1_30' title="bbox 310 3261 1263 3332; baseline 0 -19"><span class='ocrx_word' id='word_1_198' title='bbox 310 3267 362 3324; x_wconf 73' lang='grc'><strong>4.</strong></span> <span class='ocrx_word' id='word_1_199' title='bbox 384 3262 522 3331; x_wconf 82' lang='lat' dir='ltr'><strong>Ejus</strong></span> <span class='ocrx_word' id='word_1_200' title='bbox 531 3261 684 3331; x_wconf 63' lang='lat' dir='ltr'><strong>firgo.</strong></span> <span class='ocrx_word' id='word_1_201' title='bbox 707 3261 836 3313; x_wconf 87' lang='lat' dir='ltr'><strong>Post</strong></span> <span class='ocrx_word' id='word_1_202' title='bbox 855 3261 1034 3332; x_wconf 84' lang='lat' dir='ltr'><strong>fugam</strong></span> <span class='ocrx_word' id='word_1_203' title='bbox 1059 3262 1122 3313; x_wconf 90' lang='lat' dir='ltr'><strong>L.</strong></span> <span class='ocrx_word' id='word_1_204' title='bbox 1153 3262 1263 3314; x_wconf 80' lang='lat' dir='ltr'><strong>Cae-</strong></span> 
     </span>
     <span class='ocr_line' id='line_1_31' title="bbox 238 3332 1260 3412; baseline 0.004 -21"><span class='ocrx_word' id='word_1_205' title='bbox 238 3341 384 3407; x_wconf 74' lang='lat' dir='ltr'><strong>saris,</strong></span> <span class='ocrx_word' id='word_1_206' title='bbox 408 3340 498 3394; x_wconf 80' lang='lat' dir='ltr'><strong>vel</strong></span> <span class='ocrx_word' id='word_1_207' title='bbox 526 3360 592 3393; x_wconf 86' lang='lat' dir='ltr'><strong>ex</strong></span> <span class='ocrx_word' id='word_1_208' title='bbox 613 3342 726 3411; x_wconf 85' lang='lat' dir='ltr'><strong>ejus</strong></span> <span class='ocrx_word' id='word_1_209' title='bbox 740 3332 826 3409; x_wconf 78' lang='lat' dir='ltr'><strong>(L.</strong></span> <span class='ocrx_word' id='word_1_210' title='bbox 855 3332 1097 3409; x_wconf 79' lang='lat' dir='ltr'><strong>Caesaris)</strong></span> <span class='ocrx_word' id='word_1_211' title='bbox 1117 3341 1260 3412; x_wconf 84' lang='lat' dir='ltr'><strong>fuga.</strong></span> 
     </span>
     <span class='ocr_line' id='line_1_32' title="bbox 237 3418 1261 3492; baseline 0.003 -21"><span class='ocrx_word' id='word_1_212' title='bbox 237 3418 308 3473; x_wconf 87' lang='lat' dir='ltr'><strong>Ita</strong></span> <span class='ocrx_word' id='word_1_213' title='bbox 330 3420 498 3492; x_wconf 80' lang='lat' dir='ltr'><strong>vulgo</strong></span> <span class='ocrx_word' id='word_1_214' title='bbox 527 3420 863 3491; x_wconf 86' lang='lat' dir='ltr'><strong>intelligitur.</strong></span> <span class='ocrx_word' id='word_1_215' title='bbox 891 3422 963 3472; x_wconf 83' lang='lat' dir='ltr'><strong>At</strong></span> <span class='ocrx_word' id='word_1_216' title='bbox 987 3421 1092 3474; x_wconf 90' lang='lat' dir='ltr'><strong>Th.</strong></span> <span class='ocrx_word' id='word_1_217' title='bbox 1123 3422 1261 3474; x_wconf 90' lang='lat' dir='ltr'><strong>Ben-</strong></span> 
     </span>
     <span class='ocr_line' id='line_1_33' title="bbox 239 3498 1264 3571; baseline 0.003 -21"><span class='ocrx_word' id='word_1_218' title='bbox 239 3498 384 3554; x_wconf 85' lang='lat' dir='ltr'><strong>tleius</strong></span> <span class='ocrx_word' id='word_1_219' title='bbox 407 3499 554 3553; x_wconf 86' lang='lat' dir='ltr'><strong>delet</strong></span> <span class='ocrx_word' id='word_1_220' title='bbox 578 3518 771 3553; x_wconf 77' lang='lat' dir='ltr'><strong>vocem</strong></span> <span class='ocrx_word' id='word_1_221' title='bbox 801 3504 902 3571; x_wconf 82' lang='lat' dir='ltr'><strong>ejus</strong></span> <span class='ocrx_word' id='word_1_222' title='bbox 925 3502 1074 3554; x_wconf 81' lang='lat' dir='ltr'><strong>velut</strong></span> <span class='ocrx_word' id='word_1_223' title='bbox 1091 3502 1264 3571; x_wconf 85' lang='lat' dir='ltr'><strong>ingra-</strong></span> 
     </span>
     <span class='ocr_line' id='line_1_34' title="bbox 239 3578 1260 3651; baseline 0.001 -19"><span class='ocrx_word' id='word_1_224' title='bbox 239 3590 335 3633; x_wconf 83' lang='lat' dir='ltr'><strong>tam</strong></span> <span class='ocrx_word' id='word_1_225' title='bbox 349 3619 367 3647; x_wconf 87' lang='lat'>,</span> <span class='ocrx_word' id='word_1_226' title='bbox 407 3592 471 3633; x_wconf 90' lang='lat' dir='ltr'><strong>ut</strong></span> <span class='ocrx_word' id='word_1_227' title='bbox 511 3578 581 3633; x_wconf 86' lang='lat' dir='ltr'><strong>de</strong></span> <span class='ocrx_word' id='word_1_228' title='bbox 621 3580 847 3633; x_wconf 84' lang='lat' dir='ltr'><strong>navibus</strong></span> <span class='ocrx_word' id='word_1_229' title='bbox 886 3580 1212 3651; x_wconf 85' lang='lat' dir='ltr'><strong>intelligatur</strong></span> <span class='ocrx_word' id='word_1_230' title='bbox 1245 3599 1260 3633; x_wconf 70' lang='grc' dir='ltr'><strong><em>ι</em></strong></span> 
     </span>
     <span class='ocr_line' id='line_1_35' title="bbox 239 3659 1257 3731; baseline -0.001 -19"><span class='ocrx_word' id='word_1_231' title='bbox 239 3678 371 3713; x_wconf 74' lang='lat' dir='ltr'><strong>naves</strong></span> <span class='ocrx_word' id='word_1_232' title='bbox 387 3663 526 3731; x_wconf 76' lang='lat' dir='ltr'><strong>fhga</strong></span> <span class='ocrx_word' id='word_1_233' title='bbox 540 3659 862 3713; x_wconf 78' lang='lat' dir='ltr'><strong>Adrumetum</strong></span> <span class='ocrx_word' id='word_1_234' title='bbox 883 3681 935 3711; x_wconf 77' lang='lat' dir='ltr'><strong>se</strong></span> <span class='ocrx_word' id='word_1_235' title='bbox 955 3673 1257 3731; x_wconf 79' lang='lat' dir='ltr'><strong>receperunt,</strong></span> 
     </span>
     <span class='ocr_line' id='line_1_36' title="bbox 238 3739 1257 3813; baseline 0 -22"><span class='ocrx_word' id='word_1_236' title='bbox 238 3752 284 3791; x_wconf 84' lang='lat' dir='ltr'><strong>et</strong></span> <span class='ocrx_word' id='word_1_237' title='bbox 320 3760 428 3813; x_wconf 87' lang='lat' dir='ltr'><strong>pro</strong></span> <span class='ocrx_word' id='word_1_238' title='bbox 473 3740 598 3792; x_wconf 67' lang='lat' dir='ltr'><strong>lianc</strong></span> <span class='ocrx_word' id='word_1_239' title='bbox 609 3779 626 3803; x_wconf 91' lang='lat'><strong><em>,</em></strong></span> <span class='ocrx_word' id='word_1_240' title='bbox 668 3739 822 3793; x_wconf 68' lang='lat' dir='ltr'><strong>infra⁴</strong></span> <span class='ocrx_word' id='word_1_241' title='bbox 856 3740 1072 3812; x_wconf 83' lang='lat' dir='ltr'><strong>reponit</strong></span> <span class='ocrx_word' id='word_1_242' title='bbox 1101 3742 1226 3793; x_wconf 81' lang='lat' dir='ltr'><strong>hunc</strong></span> <span class='ocrx_word' id='word_1_243' title='bbox 1240 3779 1257 3803; x_wconf 91' lang='lat'>‚</span> 
     </span>
     <span class='ocr_line' id='line_1_37' title="bbox 239 3820 1258 3886; baseline 0 -13"><span class='ocrx_word' id='word_1_244' title='bbox 239 3820 339 3874; x_wconf 80' lang='lat' dir='ltr'><strong>scil.</strong></span> <span class='ocrx_word' id='word_1_245' title='bbox 373 3822 438 3875; x_wconf 93' lang='lat' dir='ltr'><strong>L.</strong></span> <span class='ocrx_word' id='word_1_246' title='bbox 469 3820 766 3886; x_wconf 70' lang='lat' dir='ltr'><strong>Caesarem,</strong></span> <span class='ocrx_word' id='word_1_247' title='bbox 795 3839 904 3874; x_wconf 88' lang='lat' dir='ltr'><strong>non</strong></span> <span class='ocrx_word' id='word_1_248' title='bbox 933 3823 1070 3873; x_wconf 86' lang='lat' dir='ltr'><strong>male</strong></span> <span class='ocrx_word' id='word_1_249' title='bbox 1095 3834 1258 3874; x_wconf 86' lang='lat' dir='ltr'><strong>certe.</strong></span> 
     </span>
    </p>

    <p class='ocr_par' dir='ltr' id='par_1_8' title="bbox 239 3900 1263 4214">
     <span class='ocr_line' id='line_1_38' title="bbox 311 3900 1263 3971; baseline -0.001 -17"><span class='ocrx_word' id='word_1_250' title='bbox 311 3900 364 3954; x_wconf 81' lang='grc'><strong>5.</strong></span> <span class='ocrx_word' id='word_1_251' title='bbox 385 3900 464 3953; x_wconf 89' lang='grc' dir='ltr'><strong>Μ.</strong></span> <span class='ocrx_word' id='word_1_252' title='bbox 489 3900 666 3968; x_wconf 69' lang='lat' dir='ltr'><strong>Rufiaes.</strong></span> <span class='ocrx_word' id='word_1_253' title='bbox 687 3900 734 3952; x_wconf 90' lang='lat' dir='ltr'><strong>E</strong></span> <span class='ocrx_word' id='word_1_254' title='bbox 758 3914 914 3971; x_wconf 86' lang='lat' dir='ltr'><strong>gente</strong></span> <span class='ocrx_word' id='word_1_255' title='bbox 938 3900 1125 3966; x_wconf 80' lang='lat' dir='ltr'><strong>Caelia,</strong></span> <span class='ocrx_word' id='word_1_256' title='bbox 1152 3901 1263 3953; x_wconf 83' lang='lat' dir='ltr'><strong>sive</strong></span> 
     </span>
     <span class='ocr_line' id='line_1_39' title="bbox 239 3976 1262 4052; baseline 0.001 -20"><span class='ocrx_word' id='word_1_257' title='bbox 239 3976 396 4033; x_wconf 81' lang='lat' dir='ltr'><strong>Coelia</strong></span> <span class='ocrx_word' id='word_1_258' title='bbox 409 4019 426 4046; x_wconf 91' lang='lat'>,</span> <span class='ocrx_word' id='word_1_259' title='bbox 446 4000 574 4035; x_wconf 87' lang='lat' dir='ltr'><strong>nam</strong></span> <span class='ocrx_word' id='word_1_260' title='bbox 593 3979 741 4052; x_wconf 85' lang='lat' dir='ltr'><strong>apud</strong></span> <span class='ocrx_word' id='word_1_261' title='bbox 766 3994 972 4034; x_wconf 77' lang='lat' dir='ltr'><strong>veteres</strong></span> <span class='ocrx_word' id='word_1_262' title='bbox 993 3984 1262 4033; x_wconf 82' lang='lat' dir='ltr'><strong>Romanos</strong></span> 
     </span>
     <span class='ocr_line' id='line_1_40' title="bbox 239 4054 1260 4132; baseline 0.002 -21"><span class='ocrx_word' id='word_1_263' title='bbox 239 4054 601 4132; x_wconf 81' lang='lat' dir='ltr'><strong>diphthongus</strong></span> <span class='ocrx_word' id='word_1_264' title='bbox 629 4059 674 4112; x_wconf 77' lang='grc' dir='ltr'><strong>α’</strong></span> <span class='ocrx_word' id='word_1_265' title='bbox 697 4080 797 4132; x_wconf 90' lang='lat' dir='ltr'><strong>per</strong></span> <span class='ocrx_word' id='word_1_266' title='bbox 821 4066 872 4113; x_wconf 82' lang='lat' dir='ltr'><strong>oi</strong></span> <span class='ocrx_word' id='word_1_267' title='bbox 889 4062 1222 4114; x_wconf 86' lang='lat' dir='ltr'><strong>scribebatur</strong></span> <span class='ocrx_word' id='word_1_268' title='bbox 1243 4079 1260 4113; x_wconf 74' lang='grc' dir='ltr'><strong><em>ε</em></strong></span> 
     </span>
     <span class='ocr_line' id='line_1_41' title="bbox 239 4138 1262 4214; baseline 0 -19"><span class='ocrx_word' id='word_1_269' title='bbox 239 4155 348 4209; x_wconf 77' lang='lat' dir='ltr'><strong>quae</strong></span> <span class='ocrx_word' id='word_1_270' title='bbox 365 4139 588 4213; x_wconf 83' lang='lat' dir='ltr'><strong>quidem</strong></span> <span class='ocrx_word' id='word_1_271' title='bbox 603 4160 739 4213; x_wconf 79' lang='lat' dir='ltr'><strong>gens</strong></span> <span class='ocrx_word' id='word_1_272' title='bbox 769 4154 884 4197; x_wconf 86' lang='lat' dir='ltr'><strong>erat</strong></span> <span class='ocrx_word' id='word_1_273' title='bbox 909 4142 1122 4214; x_wconf 83' lang='lat' dir='ltr'><strong>plebeia</strong></span> <span class='ocrx_word' id='word_1_274' title='bbox 1133 4180 1152 4211; x_wconf 85' lang='lat'>,</span> <span class='ocrx_word' id='word_1_275' title='bbox 1165 4138 1262 4196; x_wconf 86' lang='lat' dir='ltr'><strong>sed</strong></span> 
     </span>
    </p>
   </div>
   <div class='ocr_carea' id='block_1_6' title="bbox 1342 1982 2455 3013">
    <p class='ocr_par' dir='ltr' id='par_1_9' title="bbox 1342 1982 2455 3013">
     <span class='ocr_line' id='line_1_42' title="bbox 1343 1982 2379 2054; baseline 0.001 -18"><span class='ocrx_word' id='word_1_276' title='bbox 1343 1983 1652 2036; x_wconf 77' lang='lat' dir='ltr'><strong>consularis.</strong></span> <span class='ocrx_word' id='word_1_277' title='bbox 1690 1985 1827 2036; x_wconf 77' lang='lat' dir='ltr'><strong>Duo-</strong></span> <span class='ocrx_word' id='word_1_278' title='bbox 1850 1983 1955 2038; x_wconf 83' lang='lat' dir='ltr'><strong>viri</strong></span> <span class='ocrx_word' id='word_1_279' title='bbox 2003 1982 2165 2053; x_wconf 84' lang='lat' dir='ltr'><strong>hujus</strong></span> <span class='ocrx_word' id='word_1_280' title='bbox 2207 1983 2379 2054; x_wconf 76' lang='lat' dir='ltr'><strong>gentis</strong></span> 
     </span>
     <span class='ocr_line' id='line_1_43' title="bbox 1343 2063 2377 2128; baseline 0 -12"><span class='ocrx_word' id='word_1_281' title='bbox 1343 2063 1503 2116; x_wconf 83' lang='lat' dir='ltr'><strong>simul</strong></span> <span class='ocrx_word' id='word_1_282' title='bbox 1535 2064 1921 2128; x_wconf 85' lang='lat' dir='ltr'><strong>innotuerunt,</strong></span> <span class='ocrx_word' id='word_1_283' title='bbox 1941 2064 2053 2116; x_wconf 88' lang='lat' dir='ltr'><strong>scil.</strong></span> <span class='ocrx_word' id='word_1_284' title='bbox 2086 2064 2151 2116; x_wconf 92' lang='lat' dir='ltr'><strong>C.</strong></span> <span class='ocrx_word' id='word_1_285' title='bbox 2180 2064 2377 2117; x_wconf 87' lang='lat' dir='ltr'><strong>Coelius</strong></span> 
     </span>
     <span class='ocr_line' id='line_1_44' title="bbox 1343 2143 2376 2209; baseline 0.002 -15"><span class='ocrx_word' id='word_1_286' title='bbox 1343 2143 1404 2196; x_wconf 90' lang='lat' dir='ltr'><strong>L.</strong></span> <span class='ocrx_word' id='word_1_287' title='bbox 1423 2143 1483 2196; x_wconf 93' lang='lat' dir='ltr'><strong>F.</strong></span> <span class='ocrx_word' id='word_1_288' title='bbox 1497 2143 1561 2196; x_wconf 93' lang='lat' dir='ltr'><strong>L.</strong></span> <span class='ocrx_word' id='word_1_289' title='bbox 1578 2143 1647 2196; x_wconf 89' lang='lat' dir='ltr'><strong>N.</strong></span> <span class='ocrx_word' id='word_1_290' title='bbox 1664 2156 1717 2196; x_wconf 89' lang='lat' dir='ltr'><strong>et</strong></span> <span class='ocrx_word' id='word_1_291' title='bbox 1733 2143 1795 2196; x_wconf 96' lang='lat' dir='ltr'><strong>L.</strong></span> <span class='ocrx_word' id='word_1_292' title='bbox 1814 2143 2033 2209; x_wconf 83' lang='lat' dir='ltr'><strong>Coelius,</strong></span> <span class='ocrx_word' id='word_1_293' title='bbox 2046 2143 2107 2195; x_wconf 93' lang='lat' dir='ltr'><strong>C.</strong></span> <span class='ocrx_word' id='word_1_294' title='bbox 2124 2144 2183 2195; x_wconf 91' lang='lat' dir='ltr'><strong>F.</strong></span> <span class='ocrx_word' id='word_1_295' title='bbox 2201 2144 2265 2195; x_wconf 92' lang='lat' dir='ltr'><strong>C.</strong></span> <span class='ocrx_word' id='word_1_296' title='bbox 2285 2143 2376 2196; x_wconf 83' lang='lat' dir='ltr'><strong>N.:</strong></span> 
     </span>
     <span class='ocr_line' id='line_1_45' title="bbox 1342 2223 2375 2294; baseline 0 -18"><span class='ocrx_word' id='word_1_297' title='bbox 1342 2223 1496 2294; x_wconf 88' lang='lat' dir='ltr'><strong>prior</strong></span> <span class='ocrx_word' id='word_1_298' title='bbox 1536 2224 1664 2276; x_wconf 89' lang='lat' dir='ltr'><strong>trib.</strong></span> <span class='ocrx_word' id='word_1_299' title='bbox 1694 2223 1837 2294; x_wconf 89' lang='lat' dir='ltr'><strong>pleb.</strong></span> <span class='ocrx_word' id='word_1_300' title='bbox 1860 2262 1875 2289; x_wconf 90' lang='lat'><strong>,</strong></span> <span class='ocrx_word' id='word_1_301' title='bbox 1910 2241 1995 2276; x_wconf 83' lang='lat' dir='ltr'><strong>an.</strong></span> <span class='ocrx_word' id='word_1_302' title='bbox 2028 2224 2179 2288; x_wconf 88' lang='lat' dir='ltr'><strong>63o;</strong></span> <span class='ocrx_word' id='word_1_303' title='bbox 2214 2223 2375 2290; x_wconf 81' lang='lat' dir='ltr'><strong>alter,</strong></span> 
     </span>
     <span class='ocr_line' id='line_1_46' title="bbox 1344 2303 2375 2374; baseline 0 -20"><span class='ocrx_word' id='word_1_304' title='bbox 1344 2315 1577 2374; x_wconf 73' lang='lat' dir='ltr'><strong>quaestor</strong></span> <span class='ocrx_word' id='word_1_305' title='bbox 1604 2303 1971 2374; x_wconf 74' lang='lat' dir='ltr'><strong>provincialis,</strong></span> <span class='ocrx_word' id='word_1_306' title='bbox 1998 2304 2111 2356; x_wconf 84' lang='lat'><strong>633</strong></span> <span class='ocrx_word' id='word_1_307' title='bbox 2130 2340 2147 2367; x_wconf 93' lang='lat'>,</span> <span class='ocrx_word' id='word_1_308' title='bbox 2168 2315 2223 2354; x_wconf 87' lang='lat' dir='ltr'><strong>et</strong></span> <span class='ocrx_word' id='word_1_309' title='bbox 2247 2303 2375 2355; x_wconf 87' lang='lat' dir='ltr'><strong>trib.</strong></span> 
     </span>
     <span class='ocr_line' id='line_1_47' title="bbox 1343 2381 2375 2454; baseline -0.001 -19"><span class='ocrx_word' id='word_1_310' title='bbox 1343 2382 1421 2454; x_wconf 91' lang='lat' dir='ltr'><strong>pl.</strong></span> <span class='ocrx_word' id='word_1_311' title='bbox 1453 2383 1589 2437; x_wconf 86' lang='lat'><strong>638.</strong></span> <span class='ocrx_word' id='word_1_312' title='bbox 1614 2382 1807 2453; x_wconf 83' lang='lat' dir='ltr'><strong>Ampla</strong></span> <span class='ocrx_word' id='word_1_313' title='bbox 1834 2381 2055 2453; x_wconf 87' lang='lat' dir='ltr'><strong>quidem</strong></span> <span class='ocrx_word' id='word_1_314' title='bbox 2084 2383 2185 2434; x_wconf 86' lang='lat' dir='ltr'><strong>fuit</strong></span> <span class='ocrx_word' id='word_1_315' title='bbox 2210 2383 2375 2435; x_wconf 81' lang='lat' dir='ltr'><strong>Coelia</strong></span> 
     </span>
     <span class='ocr_line' id='line_1_48' title="bbox 1345 2460 2375 2534; baseline -0.001 -19"><span class='ocrx_word' id='word_1_316' title='bbox 1345 2463 1504 2534; x_wconf 84' lang='lat' dir='ltr'><strong>stirps</strong></span> <span class='ocrx_word' id='word_1_317' title='bbox 1520 2501 1537 2529; x_wconf 93' lang='lat'>,</span> <span class='ocrx_word' id='word_1_318' title='bbox 1558 2462 1765 2533; x_wconf 81' lang='lat' dir='ltr'><strong>etiamsi</strong></span> <span class='ocrx_word' id='word_1_319' title='bbox 1784 2463 1847 2529; x_wconf 80' lang='lat' dir='ltr'><strong>C.</strong></span> <span class='ocrx_word' id='word_1_320' title='bbox 1868 2462 2098 2515; x_wconf 85' lang='lat' dir='ltr'><strong>Coelium</strong></span> <span class='ocrx_word' id='word_1_321' title='bbox 2120 2460 2375 2528; x_wconf 80' lang='lat' dir='ltr'><strong>Caldum,</strong></span> 
     </span>
     <span class='ocr_line' id='line_1_49' title="bbox 1347 2538 2375 2608; baseline -0.002 -13"><span class='ocrx_word' id='word_1_322' title='bbox 1347 2543 1411 2595; x_wconf 95' lang='lat' dir='ltr'><strong>C.</strong></span> <span class='ocrx_word' id='word_1_323' title='bbox 1429 2542 1489 2597; x_wconf 86' lang='lat' dir='ltr'><strong>F.</strong></span> <span class='ocrx_word' id='word_1_324' title='bbox 1501 2543 1565 2597; x_wconf 88' lang='lat' dir='ltr'><strong>L.</strong></span> <span class='ocrx_word' id='word_1_325' title='bbox 1582 2542 1634 2595; x_wconf 92' lang='lat' dir='ltr'>N</span> <span class='ocrx_word' id='word_1_326' title='bbox 1639 2581 1672 2608; x_wconf 90' lang='lat'><strong>.,</strong></span> <span class='ocrx_word' id='word_1_327' title='bbox 1686 2538 2086 2601; x_wconf 80' lang='lat' dir='ltr'><strong>Giceronovum</strong></span> <span class='ocrx_word' id='word_1_328' title='bbox 2098 2542 2375 2595; x_wconf 88' lang='lat' dir='ltr'><strong>hominem</strong></span> 
     </span>
     <span class='ocr_line' id='line_1_50' title="bbox 1345 2622 2377 2695; baseline 0.002 -22"><span class='ocrx_word' id='word_1_329' title='bbox 1345 2623 1595 2695; x_wconf 81' lang='lat' dir='ltr'><strong>appellet.</strong></span> <span class='ocrx_word' id='word_1_330' title='bbox 1611 2624 1665 2675; x_wconf 82' lang='lat' dir='ltr'><strong>Is</strong></span> <span class='ocrx_word' id='word_1_331' title='bbox 1680 2635 1855 2675; x_wconf 82' lang='lat' dir='ltr'><strong>autem</strong></span> <span class='ocrx_word' id='word_1_332' title='bbox 1875 2622 2043 2675; x_wconf 83' lang='lat' dir='ltr'><strong>factus</strong></span> <span class='ocrx_word' id='word_1_333' title='bbox 2065 2622 2192 2673; x_wconf 67' lang='lat' dir='ltr'><strong>triba</strong></span> <span class='ocrx_word' id='word_1_334' title='bbox 2210 2622 2377 2693; x_wconf 91' lang='lat' dir='ltr'><strong>pleb.,</strong></span> 
     </span>
     <span class='ocr_line' id='line_1_51' title="bbox 1347 2702 2376 2773; baseline -0.002 -18"><span class='ocrx_word' id='word_1_335' title='bbox 1347 2721 1431 2755; x_wconf 86' lang='lat' dir='ltr'><strong>an.</strong></span> <span class='ocrx_word' id='word_1_336' title='bbox 1477 2706 1591 2767; x_wconf 76' lang='lat'><strong>646</strong></span> <span class='ocrx_word' id='word_1_337' title='bbox 1606 2739 1623 2766; x_wconf 93' lang='lat'>,</span> <span class='ocrx_word' id='word_1_338' title='bbox 1658 2702 1825 2773; x_wconf 86' lang='lat' dir='ltr'><strong>legem</strong></span> <span class='ocrx_word' id='word_1_339' title='bbox 1868 2703 1992 2755; x_wconf 84' lang='lat' dir='ltr'><strong>tulit</strong></span> <span class='ocrx_word' id='word_1_340' title='bbox 2019 2702 2376 2767; x_wconf 70' lang='lat' dir='ltr'><strong>tabellarium,</strong></span> 
     </span>
     <span class='ocr_line' id='line_1_52' title="bbox 1346 2780 2455 2853; baseline 0.001 -20"><span class='ocrx_word' id='word_1_341' title='bbox 1346 2801 1507 2853; x_wconf 84' lang='lat' dir='ltr'><strong>quam</strong></span> <span class='ocrx_word' id='word_1_342' title='bbox 1556 2781 1627 2835; x_wconf 87' lang='lat' dir='ltr'><strong>de</strong></span> <span class='ocrx_word' id='word_1_343' title='bbox 1673 2780 2044 2853; x_wconf 81' lang='lat' dir='ltr'><strong>perduellione</strong></span> <span class='ocrx_word' id='word_1_344' title='bbox 2099 2794 2380 2853; x_wconf 84' lang='lat' dir='ltr'><strong>exceperat</strong></span> <span class='ocrx_word' id='word_1_345' title='bbox 2438 2803 2455 2815; x_wconf 66' lang='lat'><strong><em>‘</em></strong></span> 
     </span>
     <span class='ocr_line' id='line_1_53' title="bbox 1347 2857 2373 2934; baseline -0.001 -19"><span class='ocrx_word' id='word_1_346' title='bbox 1347 2857 1719 2924; x_wconf 77' lang='lat' dir='ltr'><strong>Cassius(vid;</strong></span> <span class='ocrx_word' id='word_1_347' title='bbox 1748 2881 1908 2934; x_wconf 88' lang='lat' dir='ltr'><strong>supra</strong></span> <span class='ocrx_word' id='word_1_348' title='bbox 1933 2862 1969 2915; x_wconf 95' lang='lat' dir='ltr'><strong>l.</strong></span> <span class='ocrx_word' id='word_1_349' title='bbox 2000 2863 2029 2913; x_wconf 94' lang='grc' dir='ltr'>Ι</span> <span class='ocrx_word' id='word_1_350' title='bbox 2048 2901 2064 2928; x_wconf 84' lang='grc'><em>,</em></span> <span class='ocrx_word' id='word_1_351' title='bbox 2090 2880 2137 2915; x_wconf 89' lang='lat' dir='ltr'><strong>c.</strong></span> <span class='ocrx_word' id='word_1_352' title='bbox 2169 2882 2198 2915; x_wconf 78' lang='lat'>2</span> <span class='ocrx_word' id='word_1_353' title='bbox 2218 2900 2234 2929; x_wconf 84' lang='lat'>‚</span> <span class='ocrx_word' id='word_1_354' title='bbox 2260 2874 2373 2915; x_wconf 86' lang='lat' dir='ltr'><strong>not.</strong></span> 
     </span>
     <span class='ocr_line' id='line_1_54' title="bbox 1354 2934 2094 3013; baseline -0.003 -18"><span class='ocrx_word' id='word_1_355' title='bbox 1354 2960 1377 2995; x_wconf 89' lang='lat'>1</span> <span class='ocrx_word' id='word_1_356' title='bbox 1393 2934 1423 2997; x_wconf 67' lang='grc' dir='ltr'>ὅ</span> <span class='ocrx_word' id='word_1_357' title='bbox 1431 2938 1474 3009; x_wconf 85' lang='grc'><strong>,)</strong></span> <span class='ocrx_word' id='word_1_358' title='bbox 1507 2944 1601 3013; x_wconf 91' lang='lat' dir='ltr'><strong>qui</strong></span> <span class='ocrx_word' id='word_1_359' title='bbox 1627 2944 1845 2995; x_wconf 83' lang='lat' dir='ltr'><strong>alteram</strong></span> <span class='ocrx_word' id='word_1_360' title='bbox 1865 2942 2094 2995; x_wconf 86' lang='lat' dir='ltr'><strong>fecerat:</strong></span> 
     </span>
    </p>
   </div>
   <div class='ocr_carea' id='block_1_7' title="bbox 1343 3016 2383 3377">
    <p class='ocr_par' dir='ltr' id='par_1_10' title="bbox 1343 3016 2383 3377">
     <span class='ocr_line' id='line_1_55' title="bbox 1343 3016 2377 3091; baseline 0.004 -18"><span class='ocrx_word' id='word_1_361' title='bbox 1343 3029 1472 3091; x_wconf 60' lang='lat' dir='ltr'><strong>vri.</strong></span> <span class='ocrx_word' id='word_1_362' title='bbox 1507 3030 1597 3075; x_wconf 81' lang='lat' dir='ltr'><strong>IN.</strong></span> <span class='ocrx_word' id='word_1_363' title='bbox 1632 3016 2128 3075; x_wconf 69' lang='lat' dir='ltr'><strong>rsnnvsnmoNE.</strong></span> <span class='ocrx_word' id='word_1_364' title='bbox 2164 3030 2259 3077; x_wconf 67' lang='lat' dir='ltr'><strong>Ac.</strong></span> <span class='ocrx_word' id='word_1_365' title='bbox 2293 3029 2377 3077; x_wconf 69' lang='lat' dir='ltr'><strong>nt.</strong></span> 
     </span>
     <span class='ocr_line' id='line_1_56' title="bbox 1485 3102 2246 3149; baseline 0.003 -2"><span class='ocrx_word' id='word_1_366' title='bbox 1485 3103 1665 3148; x_wconf 63' lang='lat' dir='ltr'><strong>sum.</strong></span> <span class='ocrx_word' id='word_1_367' title='bbox 1686 3103 1959 3149; x_wconf 76' lang='lat' dir='ltr'><strong>ivmcns.</strong></span> <span class='ocrx_word' id='word_1_368' title='bbox 1983 3102 2246 3149; x_wconf 73' lang='lat' dir='ltr'><strong>momvs</strong></span> 
     </span>
     <span class='ocr_line' id='line_1_57' title="bbox 1417 3180 2315 3227; baseline 0.001 -2"><span class='ocrx_word' id='word_1_369' title='bbox 1417 3180 1771 3225; x_wconf 54' lang='lat' dir='ltr'><strong>nimirums.</strong></span> <span class='ocrx_word' id='word_1_370' title='bbox 1832 3180 2315 3227; x_wconf 67' lang='lat' dir='ltr'><strong>MANDANmst.</strong></span> 
     </span>
     <span class='ocr_line' id='line_1_58' title="bbox 1443 3254 2273 3301; baseline 0.002 -2"><span class='ocrx_word' id='word_1_371' title='bbox 1443 3254 1969 3301; x_wconf 68' lang='lat' dir='ltr'><strong>MAcis&#39;rnA&#39;rmvs.</strong></span> <span class='ocrx_word' id='word_1_372' title='bbox 2013 3256 2273 3301; x_wconf 79' lang='lat' dir='ltr'><strong>POPVLO.</strong></span> 
     </span>
     <span class='ocr_line' id='line_1_59' title="bbox 1367 3330 2383 3377; baseline 0 -2"><span class='ocrx_word' id='word_1_373' title='bbox 1367 3330 1693 3376; x_wconf 72' lang='lat' dir='ltr'><strong>TABELLAE.</strong></span> <span class='ocrx_word' id='word_1_374' title='bbox 1714 3330 2133 3377; x_wconf 73' lang='lat' dir='ltr'><strong>svrraAoivM.</strong></span> <span class='ocrx_word' id='word_1_375' title='bbox 2156 3330 2383 3375; x_wconf 57' lang='lat' dir='ltr'><strong>essm:</strong></span> 
     </span>
    </p>
   </div>
   <div class='ocr_carea' id='block_1_8' title="bbox 1348 3418 2383 4132">
    <p class='ocr_par' dir='ltr' id='par_1_11' title="bbox 1348 3418 2383 4132">
     <span class='ocr_line' id='line_1_60' title="bbox 1348 3418 2375 3491; baseline -0.001 -20"><span class='ocrx_word' id='word_1_376' title='bbox 1348 3418 1510 3471; x_wconf 86' lang='lat' dir='ltr'><strong>Unde</strong></span> <span class='ocrx_word' id='word_1_377' title='bbox 1560 3439 1811 3473; x_wconf 89' lang='lat' dir='ltr'><strong>nummus</strong></span> <span class='ocrx_word' id='word_1_378' title='bbox 1864 3422 1977 3491; x_wconf 85' lang='lat' dir='ltr'><strong>ejus</strong></span> <span class='ocrx_word' id='word_1_379' title='bbox 2014 3438 2029 3471; x_wconf 91' lang='lat'>:</span> <span class='ocrx_word' id='word_1_380' title='bbox 2066 3420 2131 3472; x_wconf 92' lang='lat' dir='ltr'><strong>C.</strong></span> <span class='ocrx_word' id='word_1_381' title='bbox 2164 3418 2375 3473; x_wconf 90' lang='lat' dir='ltr'><strong>COEL.</strong></span> 
     </span>
     <span class='ocr_line' id='line_1_61' title="bbox 1351 3497 2379 3571; baseline 0 -20"><span class='ocrx_word' id='word_1_382' title='bbox 1351 3499 1650 3552; x_wconf 82' lang='lat' dir='ltr'><strong>CALDVS.</strong></span> <span class='ocrx_word' id='word_1_383' title='bbox 1668 3501 1811 3565; x_wconf 91' lang='lat' dir='ltr'><strong>Cos.,</strong></span> <span class='ocrx_word' id='word_1_384' title='bbox 1825 3512 1986 3571; x_wconf 82' lang='lat' dir='ltr'><strong>caput</strong></span> <span class='ocrx_word' id='word_1_385' title='bbox 2000 3499 2061 3552; x_wconf 91' lang='lat' dir='ltr'><strong>C.</strong></span> <span class='ocrx_word' id='word_1_386' title='bbox 2078 3497 2235 3553; x_wconf 80' lang='lat' dir='ltr'><strong>Coelii</strong></span> <span class='ocrx_word' id='word_1_387' title='bbox 2248 3516 2379 3563; x_wconf 89' lang='lat' dir='ltr'><strong>cos.,</strong></span> 
     </span>
     <span class='ocr_line' id='line_1_62' title="bbox 1350 3574 2378 3647; baseline 0 -16"><span class='ocrx_word' id='word_1_388' title='bbox 1350 3574 1428 3641; x_wconf 87' lang='lat' dir='ltr'><strong>(is</strong></span> <span class='ocrx_word' id='word_1_389' title='bbox 1461 3580 1649 3632; x_wconf 87' lang='lat' dir='ltr'><strong>consul</strong></span> <span class='ocrx_word' id='word_1_390' title='bbox 1688 3581 1791 3633; x_wconf 88' lang='lat' dir='ltr'><strong>fuit</strong></span> <span class='ocrx_word' id='word_1_391' title='bbox 1824 3598 1911 3631; x_wconf 81' lang='lat' dir='ltr'><strong>an.</strong></span> <span class='ocrx_word' id='word_1_392' title='bbox 1957 3579 2071 3647; x_wconf 84' lang='lat'><strong>659</strong></span> <span class='ocrx_word' id='word_1_393' title='bbox 2094 3616 2111 3644; x_wconf 91' lang='lat'>,</span> <span class='ocrx_word' id='word_1_394' title='bbox 2148 3596 2271 3632; x_wconf 88' lang='lat' dir='ltr'><strong>cum</strong></span> <span class='ocrx_word' id='word_1_395' title='bbox 2311 3578 2378 3631; x_wconf 87' lang='lat' dir='ltr'><strong>L.</strong></span> 
     </span>
     <span class='ocr_line' id='line_1_63' title="bbox 1351 3655 2379 3729; baseline -0.004 -16"><span class='ocrx_word' id='word_1_396' title='bbox 1351 3660 1591 3715; x_wconf 89' lang='lat' dir='ltr'><strong>Domitio</strong></span> <span class='ocrx_word' id='word_1_397' title='bbox 1636 3659 1963 3721; x_wconf 76' lang='lat' dir='ltr'><strong>AEnobarbo.</strong></span> <span class='ocrx_word' id='word_1_398' title='bbox 1978 3655 2023 3722; x_wconf 86' lang='lat'><strong>),</strong></span> <span class='ocrx_word' id='word_1_399' title='bbox 2057 3676 2201 3729; x_wconf 89' lang='lat' dir='ltr'><strong>pone</strong></span> <span class='ocrx_word' id='word_1_400' title='bbox 2231 3655 2379 3729; x_wconf 85' lang='lat' dir='ltr'><strong>quod</strong></span> 
     </span>
     <span class='ocr_line' id='line_1_64' title="bbox 1349 3734 2378 3811; baseline -0.003 -19"><span class='ocrx_word' id='word_1_401' title='bbox 1349 3739 1566 3801; x_wconf 86' lang='lat' dir='ltr'><strong>tabella,</strong></span> <span class='ocrx_word' id='word_1_402' title='bbox 1594 3740 1652 3791; x_wconf 92' lang='lat' dir='ltr'><strong>in</strong></span> <span class='ocrx_word' id='word_1_403' title='bbox 1684 3758 1791 3811; x_wconf 84' lang='lat' dir='ltr'><strong>qua</strong></span> <span class='ocrx_word' id='word_1_404' title='bbox 1820 3738 2011 3791; x_wconf 73' lang='lat' dir='ltr'><strong>litterae</strong></span> <span class='ocrx_word' id='word_1_405' title='bbox 2037 3738 2099 3790; x_wconf 92' lang='lat' dir='ltr'><strong>L.</strong></span> <span class='ocrx_word' id='word_1_406' title='bbox 2134 3739 2202 3791; x_wconf 93' lang='lat' dir='ltr'><strong>D.</strong></span> <span class='ocrx_word' id='word_1_407' title='bbox 2224 3734 2245 3799; x_wconf 95' lang='lat'>(</span> <span class='ocrx_word' id='word_1_408' title='bbox 2260 3737 2378 3789; x_wconf 82' lang='lat' dir='ltr'><strong>libe·</strong></span> 
     </span>
     <span class='ocr_line' id='line_1_65' title="bbox 1351 3817 2380 3888; baseline 0.001 -17"><span class='ocrx_word' id='word_1_409' title='bbox 1351 3840 1432 3882; x_wconf 83' lang='lat' dir='ltr'><strong>ro,</strong></span> <span class='ocrx_word' id='word_1_410' title='bbox 1463 3818 1711 3884; x_wconf 81' lang='lat' dir='ltr'><strong>damno).·</strong></span> <span class='ocrx_word' id='word_1_411' title='bbox 1740 3820 1799 3871; x_wconf 89' lang='lat' dir='ltr'><strong>in</strong></span> <span class='ocrx_word' id='word_1_412' title='bbox 1830 3836 2038 3883; x_wconf 79' lang='lat' dir='ltr'><strong>aversa,</strong></span> <span class='ocrx_word' id='word_1_413' title='bbox 2066 3830 2225 3888; x_wconf 85' lang='lat' dir='ltr'><strong>caput</strong></span> <span class='ocrx_word' id='word_1_414' title='bbox 2244 3817 2380 3879; x_wconf 63' lang='lat' dir='ltr'><strong>,solis</strong></span> 
     </span>
     <span class='ocr_line' id='line_1_66' title="bbox 1349 3896 2382 3970; baseline -0.001 -18"><span class='ocrx_word' id='word_1_415' title='bbox 1349 3898 1617 3953; x_wconf 83' lang='lat' dir='ltr'><strong>radiatum</strong></span> <span class='ocrx_word' id='word_1_416' title='bbox 1635 3936 1653 3964; x_wconf 88' lang='lat'><strong><em>‚</em></strong></span> <span class='ocrx_word' id='word_1_417' title='bbox 1678 3917 1821 3970; x_wconf 87' lang='lat' dir='ltr'><strong>pone</strong></span> <span class='ocrx_word' id='word_1_418' title='bbox 1853 3896 2002 3969; x_wconf 83' lang='lat' dir='ltr'><strong>quod</strong></span> <span class='ocrx_word' id='word_1_419' title='bbox 2037 3898 2255 3969; x_wconf 80' lang='lat' dir='ltr'><strong>clypeus</strong></span> <span class='ocrx_word' id='word_1_420' title='bbox 2282 3899 2382 3951; x_wconf 88' lang='lat' dir='ltr'><strong>ob-</strong></span> 
     </span>
     <span class='ocr_line' id='line_1_67' title="bbox 1348 3976 2383 4050; baseline 0.002 -19"><span class='ocrx_word' id='word_1_421' title='bbox 1348 3980 1567 4050; x_wconf 82' lang='lat' dir='ltr'><strong>longus,</strong></span> <span class='ocrx_word' id='word_1_422' title='bbox 1598 3991 1653 4029; x_wconf 86' lang='lat' dir='ltr'><strong>et</strong></span> <span class='ocrx_word' id='word_1_423' title='bbox 1679 3978 1810 4030; x_wconf 87' lang='lat' dir='ltr'><strong>alter</strong></span> <span class='ocrx_word' id='word_1_424' title='bbox 1848 3976 2113 4031; x_wconf 85' lang='lat' dir='ltr'><strong>rotundus</strong></span> <span class='ocrx_word' id='word_1_425' title='bbox 2144 3991 2289 4037; x_wconf 85' lang='lat' dir='ltr'><strong>ante,</strong></span> <span class='ocrx_word' id='word_1_426' title='bbox 2320 3991 2383 4033; x_wconf 85' lang='lat' dir='ltr'><strong>ut</strong></span> 
     </span>
     <span class='ocr_line' id='line_1_68' title="bbox 1349 4053 2382 4132; baseline 0 -20"><span class='ocrx_word' id='word_1_427' title='bbox 1349 4077 1554 4132; x_wconf 84' lang='lat' dir='ltr'><strong>parma.</strong></span> <span class='ocrx_word' id='word_1_428' title='bbox 1584 4057 1864 4111; x_wconf 83' lang='lat' dir='ltr'><strong>CALDVS</strong></span> <span class='ocrx_word' id='word_1_429' title='bbox 1896 4056 2117 4111; x_wconf 89' lang='lat' dir='ltr'>IIIVIR</span> <span class='ocrx_word' id='word_1_430' title='bbox 2145 4053 2167 4121; x_wconf 95' lang='lat'>(</span> <span class='ocrx_word' id='word_1_431' title='bbox 2194 4076 2382 4112; x_wconf 87' lang='lat' dir='ltr'><strong>mone-</strong></span> 
     </span>
    </p>
   </div>
   <div class='ocr_carea' id='block_1_9' title="bbox 1351 4136 2380 4206">
    <p class='ocr_par' dir='ltr' id='par_1_12' title="bbox 1351 4136 2380 4206">
     <span class='ocr_line' id='line_1_69' title="bbox 1351 4136 2380 4206; baseline -0.001 -11"><span class='ocrx_word' id='word_1_432' title='bbox 1351 4136 1510 4206; x_wconf 76' lang='lat' dir='ltr'><strong>talis).</strong></span> <span class='ocrx_word' id='word_1_433' title='bbox 1529 4137 1795 4195; x_wconf 63' lang='lat' dir='ltr'><strong>Caeterum</strong></span> <span class='ocrx_word' id='word_1_434' title='bbox 1810 4139 2078 4194; x_wconf 83' lang='lat' dir='ltr'><strong>incertum</strong></span> <span class='ocrx_word' id='word_1_435' title='bbox 2102 4140 2241 4195; x_wconf 83' lang='lat' dir='ltr'><strong>foret</strong></span> <span class='ocrx_word' id='word_1_436' title='bbox 2256 4158 2380 4194; x_wconf 83' lang='lat' dir='ltr'><strong>nos·</strong></span> 
     </span>
    </p>
   </div>
  </div>
 </body>
</html>
