3025 5025
685 482 832 550 DE
885 482 1231 573 BELLO
1286 482 2417 571 CIV1L1.LIB.I.41

299 604 395 677 his
433 632 636 704 equos
664 614 1024 684 attribuit:
1065 640 1146 684 ex
1171 616 1252 685 iis
1287 618 1553 686 circiter
1582 638 1709 687 ccc
1746 620 1995 711 equites
2036 616 2323 687 conficit.
2352 621 2429 686 L.
2504 673 2515 683 .

301 714 584 787 Manlius
602 709 905 849 praetor-⁴³·
927 720 1126 790 Alba
1155 747 1311 792 cum
1347 723 1737 793 cohortibus
1780 748 1893 793 sex
1930 724 2263 819 profugit3
2292 726 2431 793 Ru

303 818 466 891 tilius
493 811 778 919 Lupus⁵
805 840 1054 922 praetor
1081 829 1442 899 Tarracina
1469 854 1625 899 cum
1654 822 1769 900 ιιι·
1801 856 1947 925 quae
1980 855 2064 926 pl
2064 830 2216 901 ocul
2238 831 2432 959 equi-

305 940 499 1001 tatum
541 933 826 1002 Caesaris
877 936 1312 1053 conspicatae,
1368 938 1475 1005 cui
1523 952 1807 1031 praeerat
1845 936 2072 1006 Bivius
2124 920 2411 1007 Curius⁵
2413 989 2433 1023 ‚

305 1032 514 1105 relicto
559 1052 849 1131 praetore
897 1041 1085 1135 signa
1137 1042 1218 1111 ad
1273 1044 1557 1112 Curium
1608 1043 2055 1132 transferunt,
2108 1058 2305 1137 atque
2348 1041 2433 1111 ad

299 1164 438 1209 eum
467 1157 836 1215 transeunt.
875 1148 1048 1216 Item
1079 1145 1350 1241 reliquis
1381 1149 1725 1219 itineribus
1756 1148 2091 1219 nonnullae
2114 1146 2433 1219 cohortes

297 1246 358 1313 in
389 1273 628 1343 agmen
666 1254 979 1341 Caesaris,
1001 1252 1200 1323 aliae
1183 1280 1252 1323 ιιι
1285 1256 1537 1349 equites
1580 1255 1903 1327 incidunt.
1946 1254 2318 1325 Reducitur
2347 1254 2431 1323 ad

297 1376 434 1425 eum
487 1356 944 1451 deprehensus
1007 1384 1088 1429 ex
1149 1362 1384 1432 itinere
1447 1364 1571 1431 Cn.
1641 1362 1983 1457 Magius,
1934 1362 1957 1403 ⁷
2036 1348 2409 1432 Cremona⁸
2413 1414 2434 1448 ‚

296 1462 636 1552 praefectus
689 1463 999 1533 fabrum⁹
1057 1469 1182 1536 Cn.
1241 1469 1585 1561 Pompeii;
1626 1493 1828 1562 quem
1878 1470 2103 1537 Caesar
2138 1468 2225 1537 ad
2278 1492 2433 1536 eum

288 1570 556 1639 remittit
589 1594 748 1640 cum
791 1568 1149 1642 mandatis:
1187 1602 1222 1638 ε(
1247 1576 1565 1669 quoniam
1618 1573 1703 1641 ad
1742 1574 1815 1642 id
1850 1589 2113 1669 tempus
2150 1572 2431 1643 facultas

293 1752 416 1805 servi
439 1751 663 1823 quidem
687 1766 868 1819 erant,
895 1751 1106 1807 diverso
1133 1766 1310 1807 tamen

285 1832 478 1885 officio.
499 1832 588 1885 Sic
611 1833 650 1886 l.
665 1834 776 1898 111,
795 1834 858 1887 Β.
881 1834 964 1899 C.,
985 1851 1032 1887 c.
1056 1840 1088 1897 4
1103 1871 1119 1898 ,
1133 1853 1193 1885 ex
1210 1855 1311 1886 ser-

293 1916 352 1963 ris
371 1924 714 1985 pastorumque
734 1932 942 1965 numero.

287 2034 291 2037 .
365 1999 415 2056 4.
447 1994 510 2045 L.
539 1993 762 2061 Manlius
779 2004 986 2063 proetor.
1013 1992 1060 2044 E
1089 1993 1312 2047 nobilis-

290 2072 408 2124 sima
423 2086 476 2125 et
489 2073 779 2126 clarissima
803 2085 958 2143 gente
973 2072 1195 2139 Manlia,
1221 2092 1315 2144 pa·

287 2153 427 2204 tricia
436 2190 452 2217 ,
466 2151 719 2205 distincta
731 2164 908 2205 tamen
923 2153 990 2204 ab
1003 2153 1166 2205 altera
1179 2156 1315 2223 ejus-

286 2229 401 2284 dem
424 2233 664 2285 nominis
677 2270 694 2298 ,
719 2233 807 2286 cui
829 2233 1143 2303 cognomina
1162 2244 1313 2285 erant

287 2312 512 2375 Maximi,
539 2312 766 2365 Thurini.
782 2313 954 2365 Porro
969 2330 1096 2383 gens
1110 2312 1312 2365 Manlia

281 2393 496 2462 patricia
537 2394 605 2444 ab
638 2392 804 2445 initiis
845 2392 1010 2464 ipsius
1051 2392 1310 2445 libertatis

282 2471 554 2539 inclaruit,
573 2484 628 2524 et
643 2472 978 2526 consulatum
997 2469 1188 2544 adepta
1213 2484 1307 2528 est.

286 2554 510 2606 Vaillant
531 2547 611 2614 (t.
631 2571 679 2604 11
705 2553 870 2604 famil.
905 2571 1041 2605 rom.
1061 2589 1078 2618 ‚
1102 2571 1159 2624 p.
1184 2571 1258 2622 90
1285 2549 1308 2617 )

279 2633 488 2706 conjicit
514 2651 716 2686 nomen
739 2633 792 2686 ei
819 2633 1102 2703 contigisse
1126 2651 1155 2683 a
1176 2641 1307 2704 μαλ-

279 2715 379 2778 λὸς,
400 2732 534 2767 voce
559 2730 728 2784 graeca
743 2751 760 2778 ,
781 2731 898 2783 quse
925 2713 982 2764 in
1010 2712 1306 2782 Hesychio,

279 2791 416 2846 idem
463 2805 622 2847 sonat
667 2811 728 2845 ac
774 2792 942 2845 Cirr-us
953 2831 968 2854 ‚
1013 2791 1302 2855 Ciminum,

275 2871 414 2926 unde
461 2874 704 2946 primum
752 2872 964 2924 familiai
1011 2891 1307 2942 cognomen

277 2952 376 3005 fuit
393 2953 743 3015 Οἰπεὶηηαωες
762 2950 958 3004 deinde
978 2952 1037 3003 V
1029 2953 1134 3004 uiso
1146 2972 1168 3015 ,·
1186 2964 1310 3024 post

287 3033 584 3106 Torquatus,
607 3051 638 3084 a
665 3034 856 3106 Tot-que
873 3027 895 3093 (
912 3035 1064 3102 cujus
1086 3031 1309 3085 historia

279 3125 398 3165 nota
415 3110 559 3180 est);
583 3125 834 3184 quartum
861 3130 1178 3183 cognomen,
1205 3112 1306 3165 Ca·

274 3193 518 3261 pitolinus.
537 3195 689 3246 Inter
705 3192 960 3257 Manlios,
983 3211 1122 3245 unus
1133 3190 1308 3245 dictus

282 3273 518 3325 Acidinus
541 3267 563 3335 (
589 3268 816 3338 ἀκιδνὸς,
855 3272 1116 3324 imbecillus
1131 3268 1171 3336 ).
1206 3273 1308 3324 Ul-

283 3351 416 3406 timis
445 3352 758 3425 reipublicae
780 3353 1112 3423 temporibus
1129 3349 1197 3403 ad
1215 3369 1308 3404 co·

275 3451 502 3501 gnomen
543 3432 704 3486 Vulso
749 3430 929 3484 rediit.
976 3432 1310 3486 Numismata

279 3513 531 3566 nonnulla
583 3512 748 3583 hujus
795 3512 966 3582 gentis
1019 3513 1308 3578 habemus,

278 3611 506 3662 quorum
518 3591 810 3664 vulgariter
821 3611 944 3663 pars
959 3591 1162 3663 postica
1183 3611 1310 3663 qua-

279 3669 446 3744 drigas
473 3672 638 3726 hahet
659 3690 785 3724 cum
812 3672 1066 3725 victoriis.
1081 3673 1164 3724 De
1183 3691 1308 3724 nos·

279 3763 356 3804 tro
369 3765 550 3806 autem
562 3753 627 3804 L.
641 3752 848 3804 Manlio
859 3763 1090 3822 praetore
1099 3752 1308 3805 nullum

277 3845 688 3887 monumentum
711 3833 1028 3904 reperimus.

354 3914 408 3967 5.
444 3913 666 3966 Rutilius
703 3913 888 3982 Lupus.
915 3913 962 3964 E
987 3912 1164 3964 Gente
1193 3911 1308 3983 ple-

277 3992 385 4046 beia
401 3992 610 4046 Rutilia
629 4011 646 4046 2
665 4011 701 4059 a,
720 3992 885 4044 rutilo
903 3993 1084 4045 colore
1109 4009 1310 4044 nomen

279 4075 398 4143 ejus.
428 4074 564 4128 Tria
589 4072 910 4145 cognomina
929 4071 1149 4136 habuit,
1175 4072 1308 4139 scil„

279 4154 482 4208 Flaccus
496 4194 512 4218 ,
551 4155 746 4226 Lupus,
783 4153 954 4220 Rudas.
987 4153 1277 4222 Ignoratur
1291 4190 1309 4218 ‚

1399 1772 1468 1805 an
1486 1752 1629 1805 idem
1650 1754 1719 1806 sit
1732 1754 1963 1807 Rutilius
1980 1766 2161 1809 noster
2176 1794 2192 1820 ‚
2212 1755 2307 1826 qui
2329 1753 2433 1808 fuit

1399 1833 1525 1886 Cos.
1546 1852 1670 1885 cum
1698 1834 1927 1899 Caesare,
1951 1835 2008 1887 in
2022 1836 2165 1888 bello
2180 1836 2431 1888 Marsico,

1483 1917 1537 1966 6.
1573 1913 1742 1966 Bivius
1775 1912 1967 1966 Curius.
2002 1916 2288 1969 Manifesto
2310 1934 2431 1968 cor-

1395 2004 1623 2063 ruptum
1634 2012 1945 2064 praenomen
1960 1996 2031 2047 Bi
2032 1999 2153 2057 vius,
2178 1994 2325 2066 quod
2337 1995 2436 2048 mi-

1397 2072 1544 2124 nime
1570 2090 1856 2125 romanum
1888 2087 1981 2128 est.
2014 2076 2095 2127 Ex
2125 2077 2431 2145 conjectura

1397 2150 1720 2223 Glandorpii
1737 2165 1790 2205 et
1808 2153 1977 2225 Lipsii
2000 2173 2319 2225 reponerem
2336 2156 2393 2205 V
2388 2158 2430 2206 ι’-

1394 2230 1504 2282 bius
1546 2232 1745 2294 Curius,
1776 2252 1886 2285 non
1924 2230 2174 2301 Curtius,
2194 2248 2255 2288 ut
2290 2254 2428 2287 non-

1395 2312 1534 2365 nulli
1558 2312 1842 2366 affirmant.

1479 2410 1535 2461 7.
1576 2392 1668 2445 Cn.
1702 2392 1923 2461 Magius.
1952 2394 2035 2445 Ita
2060 2394 2313 2447 scribitur
2342 2412 2425 2465 ap.

1397 2468 1556 2525 codd.
1577 2471 1785 2526 Mentio
1810 2476 1923 2543 ejus
1943 2472 2032 2539 fit,
2048 2474 2105 2526 in
2132 2474 2286 2545 epist.
2318 2474 2430 2526 Cae-

1395 2552 1525 2603 saris
1548 2549 1616 2603 ad
1636 2551 1878 2623 Oppium
1907 2565 1961 2604 et
1992 2549 2063 2605 ad
2089 2552 2428 2619 Cornelium,

1395 2630 1453 2682 in
1480 2649 1603 2702 epp.
1626 2630 1695 2683 ad
1724 2632 1831 2683 Att.
1860 2650 1949 2697 tx,
1984 2635 2039 2697 6,
2066 2630 2152 2684 ed.
2189 2633 2429 2698 Ernesti,

1393 2710 1489 2762 ubi
1498 2728 1605 2781 pro
1620 2711 1720 2763 Cn.
1733 2710 1928 2781 legitur
1943 2711 1994 2762 N
2010 2707 2095 2773 (id
2114 2725 2213 2777 est,
2225 2712 2276 2763 N
2278 2731 2428 2766 ume-

1393 2786 1527 2854 rius)
1546 2790 1838 2844 :Plutarch.
1855 2792 2135 2862 quoquein
2148 2793 2259 2844 vita
2266 2792 2427 2847 Pom·

1391 2870 1531 2940 peii,
1562 2887 1611 2923 c.
1648 2873 1749 2939 89,
1780 2870 2061 2924 Numerium
2090 2885 2261 2924 vocat.

1477 2951 1531 3003 8.
1575 2950 1829 3004 Cremona.
1878 2949 2116 3004 Subaudi
2168 2952 2427 3020 oriundus,

1391 3030 1584 3083 omissa
1594 3049 1767 3102 ·praep.
1783 3048 1800 3095 ς
1817 3031 2209 3086 Cremonensis·
2235 3033 2429 3088 Noster

1394 3122 1572 3162 autem
1612 3109 1732 3162 cod.
1780 3113 1844 3164 R.
1882 3110 2065 3182 5764,
2102 3126 2156 3166 et
2187 3113 2277 3165 alii
2314 3131 2427 3166 non

1391 3189 1797 3244 contemnendae
1841 3203 1982 3244 notae
1997 3229 2014 3256 ,
2064 3193 2263 3246 habent
2306 3194 2427 3246 Cre·

1393 3289 1574 3331 πωπω,
1621 3269 1767 3340 quod
1798 3271 2152 3342 praetulerim,
2185 3273 2313 3326 licet
2336 3293 2427 3326 ex-

1393 3349 1571 3421 empla
1610 3351 1827 3403 ablativi
1860 3350 1918 3402 in
1946 3351 2051 3403 hoc
2090 3371 2247 3404 sensu
2283 3352 2427 3424 apud

1395 3430 1659 3483 Caesarem
1692 3442 2011 3484 eccum-am:
2038 3430 2152 3484 vid.
2185 3433 2279 3484 lib.
2318 3450 2391 3485 ιιι
2410 3471 2425 3500 ,

1395 3527 1509 3580 cap.
1540 3527 1575 3578 7
1588 3527 1613 3562 1
1652 3527 1667 3562 ε
1704 3509 1765 3562 C.
1796 3511 2103 3580 Felginatem
2128 3511 2387 3563 Placentia
2407 3553 2422 3576 ,

1394 3589 1467 3642 A.
1503 3588 1741 3642 Gmoium
1763 3591 1981 3642 Puteolis·
1983 3629 2076 3643 .....
2110 3589 2217 3642 Sed
2239 3591 2428 3662 sapius

1395 3667 1542 3740 apud
1590 3682 1831 3723 auctores
1870 3669 2117 3740 jungitur
2169 3670 2428 3724 ablativus

1393 3767 1521 3801 cum
1550 3750 1929 3820 praepositione
1942 3787 1959 3814 ,
1982 3760 2043 3801 ut
2072 3761 2295 3803 testatur
2312 3753 2429 3804 'Da-

1394 3829 1587 3894 visius3
1620 3829 1695 3881 sic
1720 3830 1965 3896 Viti-um,
1994 3829 2090 3882 lib.
2123 3848 2173 3898 1,
2209 3849 2325 3903 cap.
2368 3852 2426 3887 1:

1394 3909 1707 3962 Archimedes
1734 3919 1786 3959 et
1808 3907 2043 3980 Scopinas
2064 3911 2129 3962 ab
2152 3910 2427 3982 Syracusis.

1395 3989 1460 4041 A.
1481 3987 1643 4053 Geli„
1666 3988 1761 4040 lib.
1790 4005 1864 4052 11,
1887 4007 1933 4041 c.
1961 4007 2032 4058 ²9
2056 4008 2072 4045 ε
2094 3991 2317 4063 AEsopus
2344 3993 2428 4044 ille

1395 4089 1422 4120 e
1452 4069 1681 4139 Phrygia
1698 4067 1981 4136 fabulator,
2011 4082 2102 4123 etc.

1481 4167 1533 4219 9.
1559 4149 1825 4216 Praefectus
1834 4151 2053 4216 fabrum.
2073 4151 2129 4206 Is
2150 4150 2427 4207 dicebatur
