<?xml version="1.0" encoding="UTF-8"?>
<!DOCTYPE html PUBLIC "-//W3C//DTD XHTML 1.0 Transitional//EN"
    "http://www.w3.org/TR/xhtml1/DTD/xhtml1-transitional.dtd">
<html xmlns="http://www.w3.org/1999/xhtml" xml:lang="en" lang="en">
 <head>
  <title>
</title>
<meta http-equiv="Content-Type" content="text/html;charset=utf-8" />
  <meta name='ocr-system' content='tesseract 3.04.00' />
  <meta name='ocr-capabilities' content='ocr_page ocr_carea ocr_par ocr_line ocrx_word'/>
</head>
<body>
  <div class='ocr_page' id='page_1' title='image "./caiusjuliuscsar00plutgoog_0248.png"; bbox 0 0 3025 5025; ppageno 0'>
   <div class='ocr_carea' id='block_1_1' title="bbox 543 483 2025 554">
    <p class='ocr_par' dir='ltr' id='par_1_1' title="bbox 543 483 2025 554">
     <span class='ocr_line' id='line_1_1' title="bbox 543 483 2025 554; baseline 0.005 -8"><span class='ocrx_word' id='word_1_1' title='bbox 543 539 550 546; x_wconf 93' lang='lat'><strong>.</strong></span> <span class='ocrx_word' id='word_1_2' title='bbox 601 485 738 551; x_wconf 89' lang='lat' dir='ltr'><strong>DE</strong></span> <span class='ocrx_word' id='word_1_3' title='bbox 792 483 1152 553; x_wconf 85' lang='lat' dir='ltr'><strong>BELLO</strong></span> <span class='ocrx_word' id='word_1_4' title='bbox 1205 484 1571 554; x_wconf 86' lang='lat' dir='ltr'><strong>CIVILI.</strong></span> <span class='ocrx_word' id='word_1_5' title='bbox 1626 485 1819 553; x_wconf 88' lang='lat' dir='ltr'><strong>LIB.</strong></span> <span class='ocrx_word' id='word_1_6' title='bbox 1872 486 2025 553; x_wconf 92' lang='lat' dir='ltr'><strong>III.</strong></span> 
     </span>
    </p>
   </div>
   <div class='ocr_carea' id='block_1_2' title="bbox 2230 478 2381 552">
    <p class='ocr_par' dir='ltr' id='par_1_2' title="bbox 2230 478 2381 552">
     <span class='ocr_line' id='line_1_2' title="bbox 2230 478 2381 552; baseline -0.013 0"><span class='ocrx_word' id='word_1_7' title='bbox 2230 478 2381 552; x_wconf 81' lang='lat'><strong>233</strong></span> 
     </span>
    </p>
   </div>
   <div class='ocr_carea' id='block_1_3' title="bbox 243 604 2385 1564">
    <p class='ocr_par' dir='ltr' id='par_1_3' title="bbox 243 604 2385 1564">
     <span class='ocr_line' id='line_1_3' title="bbox 251 604 2382 712; baseline 0.001 -30"><span class='ocrx_word' id='word_1_8' title='bbox 251 613 643 685; x_wconf 82' lang='lat' dir='ltr'><strong>frumentum</strong></span> <span class='ocrx_word' id='word_1_9' title='bbox 662 669 682 706; x_wconf 89' lang='lat'>‚</span> <span class='ocrx_word' id='word_1_10' title='bbox 727 604 1001 705; x_wconf 54' lang='lat' dir='ltr'><strong>militm,</strong></span> <span class='ocrx_word' id='word_1_11' title='bbox 1046 617 1379 712; x_wconf 73' lang='lat' dir='ltr'><strong>remigeS‚·</strong></span> <span class='ocrx_word' id='word_1_12' title='bbox 1403 639 1625 704; x_wconf 88' lang='lat' dir='ltr'><strong>arma,</strong></span> <span class='ocrx_word' id='word_1_13' title='bbox 1662 631 1996 686; x_wconf 86' lang='lat' dir='ltr'><strong>tormenta</strong></span> <span class='ocrx_word' id='word_1_14' title='bbox 2026 670 2045 704; x_wconf 85' lang='lat'>‚</span> <span class='ocrx_word' id='word_1_15' title='bbox 2088 631 2382 686; x_wconf 80' lang='lat' dir='ltr'><strong>vecturae</strong></span> 
     </span>
     <span class='ocr_line' id='line_1_4' title="bbox 250 720 2379 819; baseline 0.003 -34"><span class='ocrx_word' id='word_1_16' title='bbox 250 720 767 814; x_wconf 81' lang='lat' dir='ltr'><strong>imperabantur:</strong></span> <span class='ocrx_word' id='word_1_17' title='bbox 791 723 980 816; x_wconf 88' lang='lat' dir='ltr'><strong>cujus</strong></span> <span class='ocrx_word' id='word_1_18' title='bbox 1007 722 1186 792; x_wconf 89' lang='lat' dir='ltr'><strong>modi</strong></span> <span class='ocrx_word' id='word_1_19' title='bbox 1208 726 1304 791; x_wconf 88' lang='lat' dir='ltr'><strong>rei</strong></span> <span class='ocrx_word' id='word_1_20' title='bbox 1332 747 1579 792; x_wconf 89' lang='lat' dir='ltr'><strong>nomen</strong></span> <span class='ocrx_word' id='word_1_21' title='bbox 1614 725 1893 818; x_wconf 90' lang='lat' dir='ltr'><strong>reperiri</strong></span> <span class='ocrx_word' id='word_1_22' title='bbox 1924 736 2187 819; x_wconf 87' lang='lat' dir='ltr'><strong>poterat</strong></span> <span class='ocrx_word' id='word_1_23' title='bbox 2202 774 2219 808; x_wconf 88' lang='lat'>‚</span> <span class='ocrx_word' id='word_1_24' title='bbox 2247 723 2379 792; x_wconf 88' lang='lat' dir='ltr'><strong>hoc</strong></span> 
     </span>
     <span class='ocr_line' id='line_1_5' title="bbox 250 828 2381 924; baseline 0.002 -31"><span class='ocrx_word' id='word_1_25' title='bbox 250 829 394 896; x_wconf 88' lang='lat' dir='ltr'><strong>satis</strong></span> <span class='ocrx_word' id='word_1_26' title='bbox 437 852 576 898; x_wconf 85' lang='lat' dir='ltr'><strong>esse</strong></span> <span class='ocrx_word' id='word_1_27' title='bbox 631 829 718 897; x_wconf 89' lang='lat' dir='ltr'><strong>ad</strong></span> <span class='ocrx_word' id='word_1_28' title='bbox 771 829 1102 924; x_wconf 86' lang='lat' dir='ltr'><strong>cogendas</strong></span> <span class='ocrx_word' id='word_1_29' title='bbox 1157 832 1474 924; x_wconf 83' lang='lat' dir='ltr'><strong>pecunias</strong></span> <span class='ocrx_word' id='word_1_30' title='bbox 1530 828 1903 898; x_wconf 84' lang='lat' dir='ltr'><strong>videbatur.</strong></span> <span class='ocrx_word' id='word_1_31' title='bbox 1950 832 2107 900; x_wconf 92' lang='lat' dir='ltr'><strong>Non</strong></span> <span class='ocrx_word' id='word_1_32' title='bbox 2167 829 2381 898; x_wconf 88' lang='lat' dir='ltr'><strong>solum</strong></span> 
     </span>
     <span class='ocr_line' id='line_1_6' title="bbox 249 933 2383 1031; baseline 0.002 -31"><span class='ocrx_word' id='word_1_33' title='bbox 249 933 541 1024; x_wconf 80' lang='lat' dir='ltr'><strong>urbibus,</strong></span> <span class='ocrx_word' id='word_1_34' title='bbox 577 934 694 1004; x_wconf 86' lang='lat' dir='ltr'><strong>sed</strong></span> <span class='ocrx_word' id='word_1_35' title='bbox 740 960 910 1030; x_wconf 90' lang='lat' dir='ltr'><strong>pene</strong></span> <span class='ocrx_word' id='word_1_36' title='bbox 944 937 1108 1005; x_wconf 85' lang='lat' dir='ltr'><strong>vicis</strong></span> <span class='ocrx_word' id='word_1_37' title='bbox 1147 934 1561 1030; x_wconf 84' lang='lat' dir='ltr'><strong>castellisque</strong></span> <span class='ocrx_word' id='word_1_38' title='bbox 1601 936 1873 1031; x_wconf 86' lang='lat' dir='ltr'><strong>singulis</strong></span> <span class='ocrx_word' id='word_1_39' title='bbox 1902 960 2060 1004; x_wconf 89' lang='lat' dir='ltr'><strong>cum</strong></span> <span class='ocrx_word' id='word_1_40' title='bbox 2104 936 2383 1030; x_wconf 86' lang='lat' dir='ltr'><strong>imperio</strong></span> 
     </span>
     <span class='ocr_line' id='line_1_7' title="bbox 247 1039 2383 1137; baseline 0 -30"><span class='ocrx_word' id='word_1_41' title='bbox 247 1039 790 1132; x_wconf 74' lang='lat' dir='ltr'><strong>praeficiebantur.</strong></span> <span class='ocrx_word' id='word_1_42' title='bbox 831 1043 969 1132; x_wconf 90' lang='lat' dir='ltr'><strong>Qui</strong></span> <span class='ocrx_word' id='word_1_43' title='bbox 1016 1043 1262 1112; x_wconf 90' lang='lat' dir='ltr'><strong>horum</strong></span> <span class='ocrx_word' id='word_1_44' title='bbox 1317 1042 1481 1137; x_wconf 91' lang='lat' dir='ltr'><strong>quid</strong></span> <span class='ocrx_word' id='word_1_45' title='bbox 1528 1043 1951 1112; x_wconf 83' lang='lat' dir='ltr'><strong>acerbissime</strong></span> <span class='ocrx_word' id='word_1_46' title='bbox 2002 1041 2383 1111; x_wconf 87' lang='lat' dir='ltr'><strong>crudelissi-</strong></span> 
     </span>
     <span class='ocr_line' id='line_1_8' title="bbox 245 1147 2385 1244; baseline 0 -30"><span class='ocrx_word' id='word_1_47' title='bbox 245 1171 468 1240; x_wconf 84' lang='lat' dir='ltr'><strong>meque</strong></span> <span class='ocrx_word' id='word_1_48' title='bbox 502 1147 783 1236; x_wconf 85' lang='lat' dir='ltr'><strong>fecerat,</strong></span> <span class='ocrx_word' id='word_1_49' title='bbox 819 1151 876 1217; x_wconf 91' lang='lat' dir='ltr'><strong>is</strong></span> <span class='ocrx_word' id='word_1_50' title='bbox 917 1164 987 1218; x_wconf 91' lang='lat' dir='ltr'><strong>et</strong></span> <span class='ocrx_word' id='word_1_51' title='bbox 1017 1151 1122 1216; x_wconf 84' lang='lat' dir='ltr'><strong>vir</strong></span> <span class='ocrx_word' id='word_1_52' title='bbox 1153 1163 1222 1218; x_wconf 85' lang='lat' dir='ltr'><strong>et</strong></span> <span class='ocrx_word' id='word_1_53' title='bbox 1265 1151 1426 1218; x_wconf 89' lang='lat' dir='ltr'><strong>civis</strong></span> <span class='ocrx_word' id='word_1_54' title='bbox 1469 1151 1761 1244; x_wconf 87' lang='lat' dir='ltr'><strong>optimus</strong></span> <span class='ocrx_word' id='word_1_55' title='bbox 1792 1149 2185 1218; x_wconf 87' lang='lat' dir='ltr'><strong>habebatur.</strong></span> <span class='ocrx_word' id='word_1_56' title='bbox 2219 1152 2385 1216; x_wconf 87' lang='lat' dir='ltr'><strong>Erat</strong></span> 
     </span>
     <span class='ocr_line' id='line_1_9' title="bbox 244 1241 2385 1351; baseline 0.001 -32"><span class='ocrx_word' id='word_1_57' title='bbox 244 1250 424 1344; x_wconf 88' lang='lat' dir='ltr'><strong>plena</strong></span> <span class='ocrx_word' id='word_1_58' title='bbox 450 1252 764 1324; x_wconf 83' lang='lat' dir='ltr'><strong>lictorum</strong></span> <span class='ocrx_word' id='word_1_59' title='bbox 781 1269 850 1324; x_wconf 91' lang='lat' dir='ltr'><strong>et</strong></span> <span class='ocrx_word' id='word_1_60' title='bbox 865 1257 1301 1351; x_wconf 86' lang='lat' dir='ltr'><strong>imperiorum</strong></span> <span class='ocrx_word' id='word_1_61' title='bbox 1317 1241 1340 1280; x_wconf 79' lang='lat'>³</span> <span class='ocrx_word' id='word_1_62' title='bbox 1351 1257 1729 1351; x_wconf 81' lang='lat' dir='ltr'><strong>provincia3</strong></span> <span class='ocrx_word' id='word_1_63' title='bbox 1742 1255 2013 1325; x_wconf 87' lang='lat' dir='ltr'><strong>differta</strong></span> <span class='ocrx_word' id='word_1_64' title='bbox 2034 1255 2385 1350; x_wconf 76' lang='lat' dir='ltr'><strong>praeceptis</strong></span> 
     </span>
     <span class='ocr_line' id='line_1_10' title="bbox 244 1361 2384 1458; baseline 0.002 -34"><span class='ocrx_word' id='word_1_65' title='bbox 244 1373 424 1452; x_wconf 81' lang='lat' dir='ltr'><strong>atque</strong></span> <span class='ocrx_word' id='word_1_66' title='bbox 471 1361 894 1430; x_wconf 84' lang='lat' dir='ltr'><strong>exactoribus</strong></span> <span class='ocrx_word' id='word_1_67' title='bbox 911 1415 930 1450; x_wconf 91' lang='lat'>‚</span> <span class='ocrx_word' id='word_1_68' title='bbox 971 1363 1118 1456; x_wconf 88' lang='lat' dir='ltr'><strong>qui,</strong></span> <span class='ocrx_word' id='word_1_69' title='bbox 1166 1377 1408 1458; x_wconf 87' lang='lat' dir='ltr'><strong>praeter</strong></span> <span class='ocrx_word' id='word_1_70' title='bbox 1465 1365 1821 1457; x_wconf 87' lang='lat' dir='ltr'><strong>imperatas</strong></span> <span class='ocrx_word' id='word_1_71' title='bbox 1874 1364 2190 1458; x_wconf 88' lang='lat' dir='ltr'><strong>pecunias</strong></span> <span class='ocrx_word' id='word_1_72' title='bbox 2206 1415 2224 1448; x_wconf 92' lang='lat'>,</span> <span class='ocrx_word' id='word_1_73' title='bbox 2263 1385 2384 1429; x_wconf 90' lang='lat' dir='ltr'><strong>suo</strong></span> 
     </span>
     <span class='ocr_line' id='line_1_11' title="bbox 243 1467 2383 1564; baseline 0.001 -32"><span class='ocrx_word' id='word_1_74' title='bbox 243 1467 424 1534; x_wconf 86' lang='lat' dir='ltr'><strong>etiam</strong></span> <span class='ocrx_word' id='word_1_75' title='bbox 486 1469 754 1561; x_wconf 73' lang='lat' dir='ltr'><strong>privato</strong></span> <span class='ocrx_word' id='word_1_76' title='bbox 810 1469 1208 1564; x_wconf 85' lang='lat' dir='ltr'><strong>compendio</strong></span> <span class='ocrx_word' id='word_1_77' title='bbox 1258 1469 1679 1538; x_wconf 87' lang='lat' dir='ltr'><strong>serviebant:</strong></span> <span class='ocrx_word' id='word_1_78' title='bbox 1728 1469 2121 1538; x_wconf 89' lang='lat' dir='ltr'><strong>dictitabant</strong></span> <span class='ocrx_word' id='word_1_79' title='bbox 2169 1469 2346 1537; x_wconf 87' lang='lat' dir='ltr'><strong>enim</strong></span> <span class='ocrx_word' id='word_1_80' title='bbox 2364 1517 2383 1548; x_wconf 87' lang='lat'>‚</span> 
     </span>
    </p>
   </div>
   <div class='ocr_carea' id='block_1_4' title="bbox 167 1696 1288 4263">
    <p class='ocr_par' dir='ltr' id='par_1_4' title="bbox 167 1696 1288 4263">
     <span class='ocr_line' id='line_1_12' title="bbox 245 1696 1264 1770; baseline 0.002 -22"><span class='ocrx_word' id='word_1_81' title='bbox 245 1715 298 1749; x_wconf 89' lang='lat' dir='ltr'><strong>ac</strong></span> <span class='ocrx_word' id='word_1_82' title='bbox 312 1709 556 1752; x_wconf 83' lang='lat' dir='ltr'><strong>nostrum</strong></span> <span class='ocrx_word' id='word_1_83' title='bbox 567 1698 760 1751; x_wconf 88' lang='lat' dir='ltr'><strong>tributi</strong></span> <span class='ocrx_word' id='word_1_84' title='bbox 779 1715 944 1768; x_wconf 88' lang='lat' dir='ltr'><strong>genus</strong></span> <span class='ocrx_word' id='word_1_85' title='bbox 959 1735 976 1763; x_wconf 85' lang='lat'>‚</span> <span class='ocrx_word' id='word_1_86' title='bbox 995 1696 1144 1770; x_wconf 84' lang='lat' dir='ltr'><strong>quod</strong></span> <span class='ocrx_word' id='word_1_87' title='bbox 1165 1717 1264 1752; x_wconf 73' lang='lat' dir='ltr'><strong>vo·</strong></span> 
     </span>
     <span class='ocr_line' id='line_1_13' title="bbox 244 1779 1260 1850; baseline 0.002 -22"><span class='ocrx_word' id='word_1_88' title='bbox 244 1795 408 1832; x_wconf 86' lang='lat' dir='ltr'><strong>camus</strong></span> <span class='ocrx_word' id='word_1_89' title='bbox 429 1782 601 1849; x_wconf 77' lang='lat' dir='ltr'><strong>t&#39;mpo‘ts</strong></span> <span class='ocrx_word' id='word_1_90' title='bbox 619 1799 706 1830; x_wconf 79' lang='lat' dir='ltr'><strong>sur</strong></span> <span class='ocrx_word' id='word_1_91' title='bbox 719 1779 785 1829; x_wconf 76' lang='lat' dir='ltr'><strong>les</strong></span> <span class='ocrx_word' id='word_1_92' title='bbox 797 1790 960 1850; x_wconf 75' lang='lat' dir='ltr'><strong>portes</strong></span> <span class='ocrx_word' id='word_1_93' title='bbox 977 1791 1027 1829; x_wconf 86' lang='lat' dir='ltr'><strong>et</strong></span> <span class='ocrx_word' id='word_1_94' title='bbox 1029 1780 1260 1846; x_wconf 55' lang='grc' dir='ltr'><strong>ᾐτιῶ-οε,</strong></span> 
     </span>
     <span class='ocr_line' id='line_1_14' title="bbox 241 1856 1264 1929; baseline 0.001 -20"><span class='ocrx_word' id='word_1_95' title='bbox 241 1857 482 1929; x_wconf 84' lang='lat' dir='ltr'><strong>quodque</strong></span> <span class='ocrx_word' id='word_1_96' title='bbox 501 1859 678 1912; x_wconf 74' lang='lat' dir='ltr'><strong>Caesar</strong></span> <span class='ocrx_word' id='word_1_97' title='bbox 700 1871 854 1912; x_wconf 83' lang='lat' dir='ltr'><strong>vocat</strong></span> <span class='ocrx_word' id='word_1_98' title='bbox 869 1862 1101 1921; x_wconf 56' lang='lat' dir='ltr'><strong>ostiatim</strong></span> <span class='ocrx_word' id='word_1_99' title='bbox 1121 1856 1264 1911; x_wconf 88' lang='lat' dir='ltr'><strong>unde</strong></span> 
     </span>
     <span class='ocr_line' id='line_1_15' title="bbox 240 1936 1263 2010; baseline 0.001 -21"><span class='ocrx_word' id='word_1_100' title='bbox 240 1950 374 2007; x_wconf 84' lang='lat' dir='ltr'><strong>patet</strong></span> <span class='ocrx_word' id='word_1_101' title='bbox 397 1938 552 1990; x_wconf 90' lang='lat' dir='ltr'><strong>omni</strong></span> <span class='ocrx_word' id='word_1_102' title='bbox 574 1951 816 2010; x_wconf 86' lang='lat' dir='ltr'><strong>tempore</strong></span> <span class='ocrx_word' id='word_1_103' title='bbox 843 1939 1044 2009; x_wconf 85' lang='lat' dir='ltr'><strong>peritos</strong></span> <span class='ocrx_word' id='word_1_104' title='bbox 1077 1936 1263 1991; x_wconf 87' lang='lat' dir='ltr'><strong>admo-</strong></span> 
     </span>
     <span class='ocr_line' id='line_1_16' title="bbox 242 2014 1262 2072; baseline 0.003 -5"><span class='ocrx_word' id='word_1_105' title='bbox 242 2014 356 2070; x_wconf 89' lang='lat' dir='ltr'><strong>dum</strong></span> <span class='ocrx_word' id='word_1_106' title='bbox 399 2017 562 2072; x_wconf 80' lang='lat' dir='ltr'><strong>fuisse</strong></span> <span class='ocrx_word' id='word_1_107' title='bbox 591 2037 778 2072; x_wconf 84' lang='lat' dir='ltr'><strong>rerum</strong></span> <span class='ocrx_word' id='word_1_108' title='bbox 809 2017 1174 2072; x_wconf 84' lang='lat' dir='ltr'><strong>dominatores</strong></span> <span class='ocrx_word' id='word_1_109' title='bbox 1204 2018 1262 2070; x_wconf 88' lang='lat' dir='ltr'><strong>in</strong></span> 
     </span>
     <span class='ocr_line' id='line_1_17' title="bbox 241 2097 1269 2170; baseline 0.001 -21"><span class='ocrx_word' id='word_1_110' title='bbox 241 2097 422 2150; x_wconf 82' lang='lat' dir='ltr'><strong>talibus</strong></span> <span class='ocrx_word' id='word_1_111' title='bbox 441 2097 804 2170; x_wconf 78' lang='lat' dir='ltr'><strong>excogitandis</strong></span> <span class='ocrx_word' id='word_1_112' title='bbox 819 2136 837 2165; x_wconf 89' lang='lat'><strong>,</strong></span> <span class='ocrx_word' id='word_1_113' title='bbox 861 2111 916 2152; x_wconf 88' lang='lat' dir='ltr'><strong>et</strong></span> <span class='ocrx_word' id='word_1_114' title='bbox 931 2098 990 2152; x_wconf 89' lang='lat' dir='ltr'><strong>in</strong></span> <span class='ocrx_word' id='word_1_115' title='bbox 1013 2100 1118 2151; x_wconf 91' lang='lat' dir='ltr'><strong>hoc</strong></span> <span class='ocrx_word' id='word_1_116' title='bbox 1135 2117 1269 2170; x_wconf 86' lang='lat' dir='ltr'><strong>quo·</strong></span> 
     </span>
     <span class='ocr_line' id='line_1_18' title="bbox 240 2171 1266 2246; baseline 0.002 -16"><span class='ocrx_word' id='word_1_117' title='bbox 240 2195 333 2246; x_wconf 89' lang='lat' dir='ltr'><strong>que</strong></span> <span class='ocrx_word' id='word_1_118' title='bbox 357 2171 652 2232; x_wconf 81' lang='lat' dir='ltr'><strong>dicendum</strong></span> <span class='ocrx_word' id='word_1_119' title='bbox 667 2217 684 2244; x_wconf 88' lang='lat'><strong>,</strong></span> <span class='ocrx_word' id='word_1_120' title='bbox 705 2191 770 2230; x_wconf 90' lang='lat' dir='ltr'><strong>ut</strong></span> <span class='ocrx_word' id='word_1_121' title='bbox 792 2178 850 2230; x_wconf 91' lang='lat' dir='ltr'><strong>in</strong></span> <span class='ocrx_word' id='word_1_122' title='bbox 875 2179 1128 2231; x_wconf 82' lang='lat' dir='ltr'><strong>omnibus</strong></span> <span class='ocrx_word' id='word_1_123' title='bbox 1155 2180 1266 2232; x_wconf 80' lang='lat' dir='ltr'><strong>fere</strong></span> 
     </span>
     <span class='ocr_line' id='line_1_19' title="bbox 239 2257 1259 2324; baseline 0.002 -16"><span class='ocrx_word' id='word_1_124' title='bbox 239 2257 446 2324; x_wconf 75' lang='lat' dir='ltr'><strong>aliis,nil</strong></span> <span class='ocrx_word' id='word_1_125' title='bbox 449 2258 645 2310; x_wconf 75' lang='lat' dir='ltr'><strong>subsole</strong></span> <span class='ocrx_word' id='word_1_126' title='bbox 653 2259 984 2312; x_wconf 66' lang='lat' dir='ltr'><strong>novum—F</strong></span> <span class='ocrx_word' id='word_1_127' title='bbox 979 2271 1259 2322; x_wconf 78' lang='lat' dir='ltr'><strong>rumentum,</strong></span> 
     </span>
     <span class='ocr_line' id='line_1_20' title="bbox 241 2336 1266 2410; baseline 0.003 -22"><span class='ocrx_word' id='word_1_128' title='bbox 241 2338 434 2400; x_wconf 80' lang='lat' dir='ltr'><strong>milites,</strong></span> <span class='ocrx_word' id='word_1_129' title='bbox 465 2342 680 2410; x_wconf 78' lang='lat' dir='ltr'><strong>remiges.</strong></span> <span class='ocrx_word' id='word_1_130' title='bbox 713 2339 788 2390; x_wconf 93' lang='lat' dir='ltr'><strong>Et</strong></span> <span class='ocrx_word' id='word_1_131' title='bbox 815 2336 874 2390; x_wconf 89' lang='lat' dir='ltr'><strong>id</strong></span> <span class='ocrx_word' id='word_1_132' title='bbox 897 2336 1124 2392; x_wconf 81' lang='lat' dir='ltr'><strong>dicimus</strong></span> <span class='ocrx_word' id='word_1_133' title='bbox 1140 2377 1158 2404; x_wconf 89' lang='lat'><strong>,</strong></span> <span class='ocrx_word' id='word_1_134' title='bbox 1189 2344 1266 2391; x_wconf 74' lang='grc' dir='ltr'><strong>νά·</strong></span> 
     </span>
     <span class='ocr_line' id='line_1_21' title="bbox 240 2417 1262 2487; baseline 0.005 -19"><span class='ocrx_word' id='word_1_135' title='bbox 240 2421 484 2487; x_wconf 75' lang='lat' dir='ltr'><strong>quisitions</strong></span> <span class='ocrx_word' id='word_1_136' title='bbox 495 2417 557 2468; x_wconf 78' lang='lat' dir='ltr'><strong>de</strong></span> <span class='ocrx_word' id='word_1_137' title='bbox 576 2430 706 2470; x_wconf 79' lang='lat' dir='ltr'><strong>toute</strong></span> <span class='ocrx_word' id='word_1_138' title='bbox 719 2430 907 2471; x_wconf 78' lang='lat' dir='ltr'><strong>natue-e.</strong></span> <span class='ocrx_word' id='word_1_139' title='bbox 923 2449 1005 2462; x_wconf 92' lang='lat'><strong>--</strong></span> <span class='ocrx_word' id='word_1_140' title='bbox 1019 2419 1079 2470; x_wconf 90' lang='lat' dir='ltr'><em>V</em></span> <span class='ocrx_word' id='word_1_141' title='bbox 1071 2431 1262 2473; x_wconf 79' lang='lat' dir='ltr'><strong>ecturoe.</strong></span> 
     </span>
     <span class='ocr_line' id='line_1_22' title="bbox 237 2494 1267 2571; baseline 0.003 -21"><span class='ocrx_word' id='word_1_142' title='bbox 237 2494 348 2551; x_wconf 91' lang='lat' dir='ltr'><strong>Hoc</strong></span> <span class='ocrx_word' id='word_1_143' title='bbox 356 2499 526 2551; x_wconf 80' lang='lat' dir='ltr'><strong>verbo</strong></span> <span class='ocrx_word' id='word_1_144' title='bbox 535 2497 1068 2571; x_wconf 83' lang='lat' dir='ltr'><strong>comprehenduntur</strong></span> <span class='ocrx_word' id='word_1_145' title='bbox 1079 2519 1139 2553; x_wconf 88' lang='lat' dir='ltr'><strong>ea</strong></span> <span class='ocrx_word' id='word_1_146' title='bbox 1147 2518 1267 2571; x_wconf 77' lang='lat' dir='ltr'><strong>quae</strong></span> 
     </span>
     <span class='ocr_line' id='line_1_23' title="bbox 238 2579 1266 2633; baseline 0.003 -4"><span class='ocrx_word' id='word_1_147' title='bbox 238 2596 328 2631; x_wconf 88' lang='lat' dir='ltr'><strong>nos</strong></span> <span class='ocrx_word' id='word_1_148' title='bbox 350 2579 485 2632; x_wconf 85' lang='lat' dir='ltr'><strong>olim</strong></span> <span class='ocrx_word' id='word_1_149' title='bbox 507 2580 826 2633; x_wconf 81' lang='lat' dir='ltr'><strong>vocabamus</strong></span> <span class='ocrx_word' id='word_1_150' title='bbox 849 2580 916 2631; x_wconf 84' lang='lat' dir='ltr'><strong>les</strong></span> <span class='ocrx_word' id='word_1_151' title='bbox 933 2584 1118 2632; x_wconf 76' lang='lat' dir='ltr'><strong>corve&#39;es</strong></span> <span class='ocrx_word' id='word_1_152' title='bbox 1132 2600 1151 2632; x_wconf 88' lang='lat'><strong>.·</strong></span> <span class='ocrx_word' id='word_1_153' title='bbox 1166 2581 1266 2632; x_wconf 85' lang='lat' dir='ltr'><strong>ho-</strong></span> 
     </span>
     <span class='ocr_line' id='line_1_24' title="bbox 239 2655 1265 2730; baseline 0.004 -21"><span class='ocrx_word' id='word_1_154' title='bbox 239 2655 319 2710; x_wconf 88' lang='lat' dir='ltr'><strong>die</strong></span> <span class='ocrx_word' id='word_1_155' title='bbox 357 2658 462 2711; x_wconf 85' lang='lat' dir='ltr'><strong>alio</strong></span> <span class='ocrx_word' id='word_1_156' title='bbox 494 2660 718 2715; x_wconf 86' lang='lat' dir='ltr'><strong>nomine</strong></span> <span class='ocrx_word' id='word_1_157' title='bbox 753 2660 1118 2730; x_wconf 80' lang='lat' dir='ltr'><strong>insigniuntur</strong></span> <span class='ocrx_word' id='word_1_158' title='bbox 1136 2698 1154 2725; x_wconf 90' lang='lat'><strong><em>‚</em></strong></span> <span class='ocrx_word' id='word_1_159' title='bbox 1182 2658 1265 2712; x_wconf 89' lang='lat' dir='ltr'><strong>di·</strong></span> 
     </span>
     <span class='ocr_line' id='line_1_25' title="bbox 237 2738 1265 2810; baseline 0.003 -21"><span class='ocrx_word' id='word_1_160' title='bbox 237 2750 534 2809; x_wconf 72' lang='lat' dir='ltr'><strong>cuntur-que</strong></span> <span class='ocrx_word' id='word_1_161' title='bbox 548 2758 561 2792; x_wconf 92' lang='lat'><strong>:</strong></span> <span class='ocrx_word' id='word_1_162' title='bbox 575 2739 800 2810; x_wconf 76' lang='lat' dir='ltr'><strong>de&#39;penses</strong></span> <span class='ocrx_word' id='word_1_163' title='bbox 818 2740 1131 2792; x_wconf 81' lang='lat' dir='ltr'><strong>communales</strong></span> <span class='ocrx_word' id='word_1_164' title='bbox 1138 2760 1158 2802; x_wconf 92' lang='lat'><em>;</em></span> <span class='ocrx_word' id='word_1_165' title='bbox 1173 2738 1265 2793; x_wconf 88' lang='lat' dir='ltr'><strong>sed</strong></span> 
     </span>
     <span class='ocr_line' id='line_1_26' title="bbox 237 2816 1267 2889; baseline 0.002 -20"><span class='ocrx_word' id='word_1_166' title='bbox 237 2816 418 2870; x_wconf 86' lang='lat' dir='ltr'><strong>eadem</strong></span> <span class='ocrx_word' id='word_1_167' title='bbox 445 2820 556 2872; x_wconf 85' lang='lat' dir='ltr'><strong>fere</strong></span> <span class='ocrx_word' id='word_1_168' title='bbox 574 2832 756 2873; x_wconf 87' lang='lat' dir='ltr'><strong>manet</strong></span> <span class='ocrx_word' id='word_1_169' title='bbox 777 2840 879 2873; x_wconf 85' lang='lat' dir='ltr'><strong>res.</strong></span> <span class='ocrx_word' id='word_1_170' title='bbox 891 2818 1267 2889; x_wconf 75' lang='lat' dir='ltr'><strong>——Cujusmodi</strong></span> 
     </span>
     <span class='ocr_line' id='line_1_27' title="bbox 239 2898 1264 2966; baseline 0.002 -16"><span class='ocrx_word' id='word_1_171' title='bbox 239 2902 318 2950; x_wconf 68' lang='grc' dir='ltr'><strong>κε’.</strong></span> <span class='ocrx_word' id='word_1_172' title='bbox 346 2898 702 2952; x_wconf 86' lang='lat' dir='ltr'><strong>Restituimus</strong></span> <span class='ocrx_word' id='word_1_173' title='bbox 747 2918 811 2953; x_wconf 83' lang='lat' dir='ltr'><strong>ex</strong></span> <span class='ocrx_word' id='word_1_174' title='bbox 848 2898 1006 2952; x_wconf 87' lang='lat' dir='ltr'><strong>codd.</strong></span> <span class='ocrx_word' id='word_1_175' title='bbox 1037 2900 1233 2955; x_wconf 84' lang='lat' dir='ltr'><strong>nostris</strong></span> <span class='ocrx_word' id='word_1_176' title='bbox 1247 2937 1264 2966; x_wconf 92' lang='lat'>‚</span> 
     </span>
     <span class='ocr_line' id='line_1_28' title="bbox 237 2980 1268 3051; baseline 0.002 -20"><span class='ocrx_word' id='word_1_177' title='bbox 237 2996 331 3049; x_wconf 90' lang='lat' dir='ltr'><strong>pro</strong></span> <span class='ocrx_word' id='word_1_178' title='bbox 354 2980 678 3049; x_wconf 77' lang='lat' dir='ltr'><strong>cujuscemodi</strong></span> <span class='ocrx_word' id='word_1_179' title='bbox 699 2983 794 3042; x_wconf 83' lang='lat' dir='ltr'><strong>rei,</strong></span> <span class='ocrx_word' id='word_1_180' title='bbox 821 2981 1016 3051; x_wconf 84' lang='lat' dir='ltr'><strong>quibus</strong></span> <span class='ocrx_word' id='word_1_181' title='bbox 1047 2999 1268 3034; x_wconf 84' lang='lat' dir='ltr'><strong>consen·</strong></span> 
     </span>
     <span class='ocr_line' id='line_1_29' title="bbox 237 3057 1263 3132; baseline 0.004 -22"><span class='ocrx_word' id='word_1_182' title='bbox 237 3059 371 3111; x_wconf 85' lang='lat' dir='ltr'><strong>tiunt</strong></span> <span class='ocrx_word' id='word_1_183' title='bbox 392 3060 588 3130; x_wconf 87' lang='lat' dir='ltr'><strong>optimi</strong></span> <span class='ocrx_word' id='word_1_184' title='bbox 611 3058 764 3111; x_wconf 91' lang='lat' dir='ltr'><strong>MSS.</strong></span> <span class='ocrx_word' id='word_1_185' title='bbox 796 3057 1263 3132; x_wconf 84' lang='lat' dir='ltr'><strong>Oudendorpiani.</strong></span> 
     </span>
     <span class='ocr_line' id='line_1_30' title="bbox 238 3137 1267 3210; baseline 0.002 -21"><span class='ocrx_word' id='word_1_186' title='bbox 238 3137 464 3210; x_wconf 81' lang='lat' dir='ltr'><strong>Vulgata</strong></span> <span class='ocrx_word' id='word_1_187' title='bbox 477 3176 494 3204; x_wconf 89' lang='lat'>,</span> <span class='ocrx_word' id='word_1_188' title='bbox 511 3142 646 3209; x_wconf 84' lang='lat' dir='ltr'><strong>cujus</strong></span> <span class='ocrx_word' id='word_1_189' title='bbox 663 3140 803 3191; x_wconf 88' lang='lat' dir='ltr'><strong>modo</strong></span> <span class='ocrx_word' id='word_1_190' title='bbox 821 3144 895 3191; x_wconf 76' lang='lat' dir='ltr'><strong>rei</strong></span> <span class='ocrx_word' id='word_1_191' title='bbox 907 3160 925 3193; x_wconf 86' lang='grc'><strong>.-</strong></span> <span class='ocrx_word' id='word_1_192' title='bbox 946 3140 1003 3191; x_wconf 87' lang='lat' dir='ltr'><strong>in</strong></span> <span class='ocrx_word' id='word_1_193' title='bbox 1027 3140 1143 3193; x_wconf 77' lang='lat' dir='ltr'><strong>aliis</strong></span> <span class='ocrx_word' id='word_1_194' title='bbox 1160 3158 1267 3193; x_wconf 79' lang='lat' dir='ltr'><strong>vox</strong></span> 
     </span>
     <span class='ocr_line' id='line_1_31' title="bbox 239 3219 1268 3291; baseline 0.002 -21"><span class='ocrx_word' id='word_1_195' title='bbox 239 3219 361 3271; x_wconf 83' lang='lat' dir='ltr'><strong>modi</strong></span> <span class='ocrx_word' id='word_1_196' title='bbox 380 3219 467 3271; x_wconf 85' lang='lat' dir='ltr'><strong>vel</strong></span> <span class='ocrx_word' id='word_1_197' title='bbox 491 3220 634 3271; x_wconf 85' lang='lat' dir='ltr'><strong>modo</strong></span> <span class='ocrx_word' id='word_1_198' title='bbox 657 3238 770 3273; x_wconf 90' lang='lat' dir='ltr'><strong>non</strong></span> <span class='ocrx_word' id='word_1_199' title='bbox 788 3232 1081 3291; x_wconf 83' lang='lat' dir='ltr'><strong>comparet.</strong></span> <span class='ocrx_word' id='word_1_200' title='bbox 1101 3221 1268 3274; x_wconf 82' lang='lat' dir='ltr'><strong>Caete-</strong></span> 
     </span>
     <span class='ocr_line' id='line_1_32' title="bbox 238 3298 1267 3373; baseline 0.002 -23"><span class='ocrx_word' id='word_1_201' title='bbox 238 3316 354 3351; x_wconf 89' lang='lat' dir='ltr'><strong>rum</strong></span> <span class='ocrx_word' id='word_1_202' title='bbox 371 3298 627 3352; x_wconf 84' lang='lat' dir='ltr'><strong>omnibus</strong></span> <span class='ocrx_word' id='word_1_203' title='bbox 639 3312 974 3373; x_wconf 90' lang='lat' dir='ltr'><strong>compertum</strong></span> <span class='ocrx_word' id='word_1_204' title='bbox 989 3312 1066 3354; x_wconf 90' lang='lat' dir='ltr'><strong>est</strong></span> <span class='ocrx_word' id='word_1_205' title='bbox 1077 3338 1094 3366; x_wconf 89' lang='lat'>,</span> <span class='ocrx_word' id='word_1_206' title='bbox 1105 3318 1267 3371; x_wconf 84' lang='lat' dir='ltr'><strong>quam</strong></span> 
     </span>
     <span class='ocr_line' id='line_1_33' title="bbox 239 3378 1265 3451; baseline 0.002 -20"><span class='ocrx_word' id='word_1_207' title='bbox 239 3392 388 3432; x_wconf 88' lang='lat' dir='ltr'><strong>acuto</strong></span> <span class='ocrx_word' id='word_1_208' title='bbox 411 3390 466 3431; x_wconf 91' lang='lat' dir='ltr'><strong>et</strong></span> <span class='ocrx_word' id='word_1_209' title='bbox 493 3378 657 3431; x_wconf 77' lang='lat' dir='ltr'><strong>fertili</strong></span> <span class='ocrx_word' id='word_1_210' title='bbox 683 3380 900 3451; x_wconf 81' lang='lat' dir='ltr'><strong>ingenio</strong></span> <span class='ocrx_word' id='word_1_211' title='bbox 924 3380 1126 3433; x_wconf 85' lang='lat' dir='ltr'><strong>tributa</strong></span> <span class='ocrx_word' id='word_1_212' title='bbox 1157 3382 1265 3433; x_wconf 88' lang='lat' dir='ltr'><strong>Ro-</strong></span> 
     </span>
     <span class='ocr_line' id='line_1_34' title="bbox 239 3457 1266 3531; baseline -0.001 -18"><span class='ocrx_word' id='word_1_213' title='bbox 239 3460 378 3513; x_wconf 86' lang='lat' dir='ltr'><strong>mani</strong></span> <span class='ocrx_word' id='word_1_214' title='bbox 419 3457 766 3525; x_wconf 78' lang='lat' dir='ltr'><strong>extuderint3</strong></span> <span class='ocrx_word' id='word_1_215' title='bbox 805 3461 938 3531; x_wconf 87' lang='lat' dir='ltr'><strong>quin</strong></span> <span class='ocrx_word' id='word_1_216' title='bbox 981 3460 1158 3531; x_wconf 83' lang='lat' dir='ltr'><strong>ipsum</strong></span> <span class='ocrx_word' id='word_1_217' title='bbox 1178 3498 1194 3526; x_wconf 90' lang='lat'><strong>,</strong></span> <span class='ocrx_word' id='word_1_218' title='bbox 1221 3460 1266 3513; x_wconf 79' lang='lat' dir='ltr'><strong>si</strong></span> 
     </span>
     <span class='ocr_line' id='line_1_35' title="bbox 237 3540 1267 3612; baseline 0.001 -20"><span class='ocrx_word' id='word_1_219' title='bbox 237 3540 534 3609; x_wconf 83' lang='lat' dir='ltr'><strong>potuissent</strong></span> <span class='ocrx_word' id='word_1_220' title='bbox 549 3578 565 3607; x_wconf 89' lang='lat'><strong>,</strong></span> <span class='ocrx_word' id='word_1_221' title='bbox 588 3540 708 3591; x_wconf 86' lang='lat' dir='ltr'><strong>coeli</strong></span> <span class='ocrx_word' id='word_1_222' title='bbox 727 3552 1072 3612; x_wconf 86' lang='lat' dir='ltr'><strong>conspectum</strong></span> <span class='ocrx_word' id='word_1_223' title='bbox 1091 3580 1107 3609; x_wconf 88' lang='lat'><strong>,</strong></span> <span class='ocrx_word' id='word_1_224' title='bbox 1123 3541 1267 3611; x_wconf 84' lang='lat' dir='ltr'><strong>ipsos</strong></span> 
     </span>
     <span class='ocr_line' id='line_1_36' title="bbox 236 3618 1271 3674; baseline 0.004 -6"><span class='ocrx_word' id='word_1_225' title='bbox 236 3618 366 3673; x_wconf 89' lang='lat' dir='ltr'><strong>lucis</strong></span> <span class='ocrx_word' id='word_1_226' title='bbox 387 3618 612 3673; x_wconf 80' lang='lat' dir='ltr'><strong>haustus</strong></span> <span class='ocrx_word' id='word_1_227' title='bbox 633 3620 763 3674; x_wconf 81' lang='lat' dir='ltr'><strong>fisco</strong></span> <span class='ocrx_word' id='word_1_228' title='bbox 781 3620 1124 3674; x_wconf 83' lang='lat' dir='ltr'><strong>vexavissent.</strong></span> <span class='ocrx_word' id='word_1_229' title='bbox 1145 3620 1271 3672; x_wconf 89' lang='lat' dir='ltr'><strong>Uri·</strong></span> 
     </span>
     <span class='ocr_line' id='line_1_37' title="bbox 237 3698 1271 3773; baseline 0.004 -24"><span class='ocrx_word' id='word_1_230' title='bbox 237 3716 312 3751; x_wconf 68' lang='grc' dir='ltr'><strong>ηπ</strong></span> <span class='ocrx_word' id='word_1_231' title='bbox 321 3698 548 3769; x_wconf 80' lang='lat' dir='ltr'><strong>vectigal</strong></span> <span class='ocrx_word' id='word_1_232' title='bbox 561 3711 896 3753; x_wconf 81' lang='lat' dir='ltr'><strong>commentus</strong></span> <span class='ocrx_word' id='word_1_233' title='bbox 911 3700 1271 3773; x_wconf 75' lang='lat' dir='ltr'><strong>estVespasia-</strong></span> 
     </span>
     <span class='ocr_line' id='line_1_38' title="bbox 239 3772 1269 3846; baseline 0.004 -15"><span class='ocrx_word' id='word_1_234' title='bbox 239 3796 352 3835; x_wconf 85' lang='lat' dir='ltr'><strong>nus.</strong></span> <span class='ocrx_word' id='word_1_235' title='bbox 395 3779 624 3844; x_wconf 83' lang='lat' dir='ltr'><strong>Quantis</strong></span> <span class='ocrx_word' id='word_1_236' title='bbox 665 3798 794 3833; x_wconf 79' lang='lat' dir='ltr'><strong>vero</strong></span> <span class='ocrx_word' id='word_1_237' title='bbox 843 3772 1232 3839; x_wconf 79' lang='lat' dir='ltr'><strong>calamitatibus</strong></span> <span class='ocrx_word' id='word_1_238' title='bbox 1250 3819 1269 3846; x_wconf 87' lang='lat'><strong><em>‚</em></strong></span> 
     </span>
     <span class='ocr_line' id='line_1_39' title="bbox 238 3859 1270 3930; baseline 0.002 -19"><span class='ocrx_word' id='word_1_239' title='bbox 238 3876 330 3928; x_wconf 86' lang='lat' dir='ltr'><strong>per</strong></span> <span class='ocrx_word' id='word_1_240' title='bbox 349 3860 580 3930; x_wconf 83' lang='lat' dir='ltr'><strong>longum</strong></span> <span class='ocrx_word' id='word_1_241' title='bbox 608 3859 763 3912; x_wconf 87' lang='lat' dir='ltr'><strong>illum</strong></span> <span class='ocrx_word' id='word_1_242' title='bbox 801 3861 964 3915; x_wconf 87' lang='lat' dir='ltr'><strong>totius</strong></span> <span class='ocrx_word' id='word_1_243' title='bbox 1007 3862 1152 3914; x_wconf 81' lang='lat' dir='ltr'><strong>orbis</strong></span> <span class='ocrx_word' id='word_1_244' title='bbox 1192 3862 1270 3913; x_wconf 83' lang='lat' dir='ltr'><strong>fa-</strong></span> 
     </span>
     <span class='ocr_line' id='line_1_40' title="bbox 239 3938 1270 4012; baseline 0.002 -21"><span class='ocrx_word' id='word_1_245' title='bbox 239 3940 500 3993; x_wconf 87' lang='lat' dir='ltr'><strong>mulatum</strong></span> <span class='ocrx_word' id='word_1_246' title='bbox 514 3977 532 4006; x_wconf 88' lang='lat'><strong><em>‚</em></strong></span> <span class='ocrx_word' id='word_1_247' title='bbox 555 3938 925 3993; x_wconf 85' lang='lat' dir='ltr'><strong>afficiebantur</strong></span> <span class='ocrx_word' id='word_1_248' title='bbox 948 3941 1270 4012; x_wconf 74' lang='lat' dir='ltr'><strong>provinciae‚</strong></span> 
     </span>
     <span class='ocr_line' id='line_1_41' title="bbox 167 4020 1269 4092; baseline -0.002 -17"><span class='ocrx_word' id='word_1_249' title='bbox 167 4066 174 4075; x_wconf 91' lang='lat'><strong>.</strong></span> <span class='ocrx_word' id='word_1_250' title='bbox 242 4037 405 4089; x_wconf 86' lang='lat' dir='ltr'><strong>quum</strong></span> <span class='ocrx_word' id='word_1_251' title='bbox 437 4038 524 4073; x_wconf 86' lang='lat' dir='ltr'><strong>eas</strong></span> <span class='ocrx_word' id='word_1_252' title='bbox 557 4038 742 4073; x_wconf 88' lang='lat' dir='ltr'><strong>omnes</strong></span> <span class='ocrx_word' id='word_1_253' title='bbox 760 4039 905 4073; x_wconf 89' lang='lat' dir='ltr'><strong>nunc</strong></span> <span class='ocrx_word' id='word_1_254' title='bbox 929 4020 1269 4092; x_wconf 85' lang='lat' dir='ltr'><strong>Pompeiani,</strong></span> 
     </span>
     <span class='ocr_line' id='line_1_42' title="bbox 241 4100 1288 4172; baseline 0.003 -22"><span class='ocrx_word' id='word_1_255' title='bbox 241 4112 330 4152; x_wconf 88' lang='lat' dir='ltr'><strong>aut</strong></span> <span class='ocrx_word' id='word_1_256' title='bbox 356 4100 671 4165; x_wconf 75' lang='lat' dir='ltr'><strong>Caesariani‚</strong></span> <span class='ocrx_word' id='word_1_257' title='bbox 701 4117 846 4154; x_wconf 89' lang='lat' dir='ltr'><strong>nunc</strong></span> <span class='ocrx_word' id='word_1_258' title='bbox 871 4100 1110 4172; x_wconf 64' lang='lat' dir='ltr'><strong>Bruti³et</strong></span> <span class='ocrx_word' id='word_1_259' title='bbox 1140 4102 1288 4155; x_wconf 89' lang='lat' dir='ltr'><strong>Cas-.</strong></span> 
     </span>
     <span class='ocr_line' id='line_1_43' title="bbox 239 4178 1272 4263; baseline -0.002 -26"><span class='ocrx_word' id='word_1_260' title='bbox 239 4179 334 4247; x_wconf 68' lang='lat' dir='ltr'><strong>aii,</strong></span> <span class='ocrx_word' id='word_1_261' title='bbox 358 4192 448 4241; x_wconf 80' lang='lat' dir='ltr'><strong>aut</strong></span> <span class='ocrx_word' id='word_1_262' title='bbox 479 4178 914 4263; x_wconf 74' lang='lat' dir='ltr'><strong>triumvirorum,</strong></span> <span class='ocrx_word' id='word_1_263' title='bbox 935 4200 1080 4263; x_wconf 77' lang='lat' dir='ltr'><strong>nunc</strong></span> <span class='ocrx_word' id='word_1_264' title='bbox 1106 4182 1272 4237; x_wconf 86' lang='lat' dir='ltr'><strong>Anto·</strong></span> 
     </span>
    </p>
   </div>
   <div class='ocr_carea' id='block_1_5' title="bbox 1343 1697 2393 4257">
    <p class='ocr_par' dir='ltr' id='par_1_5' title="bbox 1353 1697 2390 2011">
     <span class='ocr_line' id='line_1_44' title="bbox 1354 1697 2387 1770; baseline 0 -20"><span class='ocrx_word' id='word_1_265' title='bbox 1354 1698 1466 1763; x_wconf 90' lang='lat' dir='ltr'><strong>nii,</strong></span> <span class='ocrx_word' id='word_1_266' title='bbox 1491 1710 1585 1751; x_wconf 86' lang='lat' dir='ltr'><strong>aut</strong></span> <span class='ocrx_word' id='word_1_267' title='bbox 1608 1698 1834 1770; x_wconf 84' lang='lat' dir='ltr'><strong>Augusti</strong></span> <span class='ocrx_word' id='word_1_268' title='bbox 1864 1697 2059 1753; x_wconf 83' lang='lat' dir='ltr'><strong>milites</strong></span> <span class='ocrx_word' id='word_1_269' title='bbox 2076 1738 2091 1767; x_wconf 92' lang='lat'>,</span> <span class='ocrx_word' id='word_1_270' title='bbox 2124 1700 2182 1751; x_wconf 91' lang='lat' dir='ltr'><strong>in</strong></span> <span class='ocrx_word' id='word_1_271' title='bbox 2208 1697 2387 1752; x_wconf 86' lang='lat' dir='ltr'><strong>diver-</strong></span> 
     </span>
     <span class='ocr_line' id='line_1_45' title="bbox 1354 1777 2390 1849; baseline 0 -19"><span class='ocrx_word' id='word_1_272' title='bbox 1354 1797 1474 1830; x_wconf 84' lang='lat' dir='ltr'><strong>sum</strong></span> <span class='ocrx_word' id='word_1_273' title='bbox 1486 1791 1669 1849; x_wconf 77' lang='lat' dir='ltr'><strong>raptas</strong></span> <span class='ocrx_word' id='word_1_274' title='bbox 1693 1793 1747 1832; x_wconf 91' lang='lat' dir='ltr'><strong>et</strong></span> <span class='ocrx_word' id='word_1_275' title='bbox 1772 1780 2049 1844; x_wconf 69' lang='lat' dir='ltr'><strong>laceratae,</strong></span> <span class='ocrx_word' id='word_1_276' title='bbox 2069 1780 2261 1832; x_wconf 84' lang='lat' dir='ltr'><strong>misere</strong></span> <span class='ocrx_word' id='word_1_277' title='bbox 2284 1777 2390 1831; x_wconf 81' lang='lat' dir='ltr'><strong>dis-</strong></span> 
     </span>
     <span class='ocr_line' id='line_1_46' title="bbox 1353 1859 2382 1930; baseline 0 -20"><span class='ocrx_word' id='word_1_278' title='bbox 1353 1859 1671 1930; x_wconf 84' lang='lat' dir='ltr'><strong>cerpebant!</strong></span> <span class='ocrx_word' id='word_1_279' title='bbox 1697 1859 1916 1930; x_wconf 88' lang='lat' dir='ltr'><strong>Optime</strong></span> <span class='ocrx_word' id='word_1_280' title='bbox 1941 1860 2057 1913; x_wconf 78' lang='lat' dir='ltr'><strong>haec</strong></span> <span class='ocrx_word' id='word_1_281' title='bbox 2082 1860 2264 1912; x_wconf 88' lang='lat' dir='ltr'><strong>omnia</strong></span> <span class='ocrx_word' id='word_1_282' title='bbox 2282 1897 2299 1924; x_wconf 91' lang='lat'>,</span> <span class='ocrx_word' id='word_1_283' title='bbox 2325 1859 2382 1911; x_wconf 86' lang='lat' dir='ltr'><strong>h.</strong></span> 
     </span>
     <span class='ocr_line' id='line_1_47' title="bbox 1353 1937 2027 2011; baseline 0.003 -21"><span class='ocrx_word' id='word_1_284' title='bbox 1353 1955 1494 2009; x_wconf 64' lang='lat' dir='ltr'><strong>cap„</strong></span> <span class='ocrx_word' id='word_1_285' title='bbox 1525 1939 1699 1992; x_wconf 80' lang='lat' dir='ltr'><strong>Caesar</strong></span> <span class='ocrx_word' id='word_1_286' title='bbox 1730 1937 2027 2011; x_wconf 87' lang='lat' dir='ltr'><strong>descripsit.</strong></span> 
     </span>
    </p>

    <p class='ocr_par' dir='ltr' id='par_1_6' title="bbox 1343 2018 2393 4257">
     <span class='ocr_line' id='line_1_48' title="bbox 1437 2018 2392 2090; baseline -0.001 -19"><span class='ocrx_word' id='word_1_287' title='bbox 1437 2018 1491 2071; x_wconf 84' lang='lat'><strong>3.</strong></span> <span class='ocrx_word' id='word_1_288' title='bbox 1520 2019 1657 2070; x_wconf 81' lang='lat' dir='ltr'><strong>Erat</strong></span> <span class='ocrx_word' id='word_1_289' title='bbox 1670 2019 1826 2089; x_wconf 82' lang='lat' dir='ltr'><strong>plena</strong></span> <span class='ocrx_word' id='word_1_290' title='bbox 1855 2022 2174 2090; x_wconf 78' lang='lat' dir='ltr'><strong>imperiorum.</strong></span> <span class='ocrx_word' id='word_1_291' title='bbox 2206 2020 2392 2090; x_wconf 57' lang='lat' dir='ltr'><strong>Impe«</strong></span> 
     </span>
     <span class='ocr_line' id='line_1_49' title="bbox 1351 2097 2391 2171; baseline 0 -21"><span class='ocrx_word' id='word_1_292' title='bbox 1351 2097 1563 2151; x_wconf 86' lang='lat' dir='ltr'><strong>riorum</strong></span> <span class='ocrx_word' id='word_1_293' title='bbox 1591 2137 1609 2162; x_wconf 83' lang='lat'><strong>,</strong></span> <span class='ocrx_word' id='word_1_294' title='bbox 1655 2118 1757 2170; x_wconf 89' lang='lat' dir='ltr'><strong>pro</strong></span> <span class='ocrx_word' id='word_1_295' title='bbox 1804 2100 2249 2171; x_wconf 84' lang='lat' dir='ltr'><strong>imperitantium.</strong></span> <span class='ocrx_word' id='word_1_296' title='bbox 2302 2098 2391 2152; x_wconf 87' lang='lat' dir='ltr'><strong>Sic</strong></span> 
     </span>
     <span class='ocr_line' id='line_1_50' title="bbox 1355 2178 2390 2252; baseline 0 -22"><span class='ocrx_word' id='word_1_297' title='bbox 1355 2178 1665 2249; x_wconf 86' lang='lat' dir='ltr'><strong>Spartianus</strong></span> <span class='ocrx_word' id='word_1_298' title='bbox 1674 2178 1732 2230; x_wconf 88' lang='lat' dir='ltr'><strong>in</strong></span> <span class='ocrx_word' id='word_1_299' title='bbox 1742 2178 2035 2232; x_wconf 87' lang='lat' dir='ltr'><strong>Pescennio</strong></span> <span class='ocrx_word' id='word_1_300' title='bbox 2042 2180 2211 2250; x_wconf 82' lang='lat' dir='ltr'><strong>Nigro</strong></span> <span class='ocrx_word' id='word_1_301' title='bbox 2222 2197 2235 2231; x_wconf 75' lang='grc' dir='ltr'>ε</span> <span class='ocrx_word' id='word_1_302' title='bbox 2246 2199 2390 2252; x_wconf 83' lang='lat' dir='ltr'><strong>quum</strong></span> 
     </span>
     <span class='ocr_line' id='line_1_51' title="bbox 1354 2258 2389 2328; baseline 0.003 -21"><span class='ocrx_word' id='word_1_303' title='bbox 1354 2258 1547 2310; x_wconf 79' lang='lat' dir='ltr'><strong>videret</strong></span> <span class='ocrx_word' id='word_1_304' title='bbox 1554 2261 1830 2328; x_wconf 74' lang='lat' dir='ltr'><strong>provincias</strong></span> <span class='ocrx_word' id='word_1_305' title='bbox 1837 2259 1989 2326; x_wconf 78' lang='lat' dir='ltr'><strong>facili</strong></span> <span class='ocrx_word' id='word_1_306' title='bbox 2010 2261 2389 2311; x_wconf 75' lang='lat' dir='ltr'><strong>administratio-</strong></span> 
     </span>
     <span class='ocr_line' id='line_1_52' title="bbox 1353 2339 2389 2406; baseline 0 -16"><span class='ocrx_word' id='word_1_307' title='bbox 1353 2357 1468 2390; x_wconf 82' lang='lat' dir='ltr'><strong>num</strong></span> <span class='ocrx_word' id='word_1_308' title='bbox 1500 2342 1764 2390; x_wconf 77' lang='lat' dir='ltr'><strong>mutatione</strong></span> <span class='ocrx_word' id='word_1_309' title='bbox 1796 2339 2009 2391; x_wconf 75' lang='lat' dir='ltr'><strong>subverti</strong></span> <span class='ocrx_word' id='word_1_310' title='bbox 2024 2359 2044 2400; x_wconf 93' lang='lat'><strong>,·</strong></span> <span class='ocrx_word' id='word_1_311' title='bbox 2069 2351 2124 2391; x_wconf 92' lang='lat' dir='ltr'><strong>et</strong></span> <span class='ocrx_word' id='word_1_312' title='bbox 2164 2339 2355 2390; x_wconf 86' lang='lat' dir='ltr'><strong>Florus</strong></span> <span class='ocrx_word' id='word_1_313' title='bbox 2374 2379 2389 2406; x_wconf 89' lang='lat'>,</span> 
     </span>
     <span class='ocr_line' id='line_1_53' title="bbox 1353 2418 2383 2490; baseline 0.001 -21"><span class='ocrx_word' id='word_1_314' title='bbox 1353 2418 1390 2471; x_wconf 84' lang='lat' dir='ltr'><strong>l.</strong></span> <span class='ocrx_word' id='word_1_315' title='bbox 1416 2436 1438 2470; x_wconf 90' lang='lat'>1</span> <span class='ocrx_word' id='word_1_316' title='bbox 1451 2457 1467 2486; x_wconf 88' lang='lat'><strong>,</strong></span> <span class='ocrx_word' id='word_1_317' title='bbox 1481 2436 1527 2470; x_wconf 86' lang='lat' dir='ltr'><strong>c.</strong></span> <span class='ocrx_word' id='word_1_318' title='bbox 1560 2437 1650 2474; x_wconf 91' lang='lat'><strong>10,</strong></span> <span class='ocrx_word' id='word_1_319' title='bbox 1661 2418 1819 2488; x_wconf 65' lang='lat' dir='ltr'><strong>pulsis</strong></span> <span class='ocrx_word' id='word_1_320' title='bbox 1847 2422 2009 2488; x_wconf 64' lang='lat' dir='ltr'><strong>regni-t</strong></span> <span class='ocrx_word' id='word_1_321' title='bbox 2052 2437 2157 2490; x_wconf 87' lang='lat' dir='ltr'><strong>pro</strong></span> <span class='ocrx_word' id='word_1_322' title='bbox 2176 2419 2383 2488; x_wconf 74' lang='lat' dir='ltr'><strong>regibus.</strong></span> 
     </span>
     <span class='ocr_line' id='line_1_54' title="bbox 1353 2496 2387 2571; baseline 0 -20"><span class='ocrx_word' id='word_1_323' title='bbox 1353 2497 1608 2569; x_wconf 86' lang='lat' dir='ltr'><strong>Xenoph.</strong></span> <span class='ocrx_word' id='word_1_324' title='bbox 1644 2518 1859 2571; x_wconf 85' lang='lat' dir='ltr'><strong>quoque</strong></span> <span class='ocrx_word' id='word_1_325' title='bbox 1895 2496 2202 2571; x_wconf 74' lang='lat' dir='ltr'><strong>Cyropaed.,</strong></span> <span class='ocrx_word' id='word_1_326' title='bbox 2222 2518 2277 2571; x_wconf 89' lang='lat' dir='ltr'><strong>p.</strong></span> <span class='ocrx_word' id='word_1_327' title='bbox 2314 2505 2346 2561; x_wconf 76' lang='grc'><em>4</em></span> <span class='ocrx_word' id='word_1_328' title='bbox 2372 2516 2387 2551; x_wconf 85' lang='lat'>:</span> 
     </span>
     <span class='ocr_line' id='line_1_55' title="bbox 1355 2577 2387 2650; baseline 0.001 -21"><span class='ocrx_word' id='word_1_329' title='bbox 1355 2577 1433 2630; x_wconf 81' lang='grc' dir='ltr'><strong>Τὰ</strong></span> <span class='ocrx_word' id='word_1_330' title='bbox 1463 2581 1914 2650; x_wconf 62' lang='grc' dir='ltr'>παραγγελλόμενα</span> <span class='ocrx_word' id='word_1_331' title='bbox 1938 2580 2035 2630; x_wconf 79' lang='grc' dir='ltr'><strong>ὑπὸ</strong></span> <span class='ocrx_word' id='word_1_332' title='bbox 2064 2584 2151 2638; x_wconf 77' lang='grc' dir='ltr'><strong>τῆς</strong></span> <span class='ocrx_word' id='word_1_333' title='bbox 2181 2579 2387 2649; x_wconf 67' lang='grc' dir='ltr'><strong>μεγίςης</strong></span> 
     </span>
     <span class='ocr_line' id='line_1_56' title="bbox 1356 2655 2389 2729; baseline 0 -20"><span class='ocrx_word' id='word_1_334' title='bbox 1356 2658 1527 2729; x_wconf 75' lang='grc' dir='ltr'><strong>ἀρχῆς,</strong></span> <span class='ocrx_word' id='word_1_335' title='bbox 1545 2671 1599 2710; x_wconf 91' lang='lat' dir='ltr'><strong>et</strong></span> <span class='ocrx_word' id='word_1_336' title='bbox 1612 2678 1714 2711; x_wconf 86' lang='lat' dir='ltr'><strong>vox</strong></span> <span class='ocrx_word' id='word_1_337' title='bbox 1732 2662 2043 2729; x_wconf 77' lang='lat' dir='ltr'><strong>magistr-atus</strong></span> <span class='ocrx_word' id='word_1_338' title='bbox 2054 2655 2245 2710; x_wconf 89' lang='lat' dir='ltr'><strong>eodem</strong></span> <span class='ocrx_word' id='word_1_339' title='bbox 2256 2677 2389 2710; x_wconf 89' lang='lat' dir='ltr'><strong>sem·</strong></span> 
     </span>
     <span class='ocr_line' id='line_1_57' title="bbox 1353 2736 2386 2810; baseline -0.002 -19"><span class='ocrx_word' id='word_1_340' title='bbox 1353 2756 1453 2808; x_wconf 88' lang='lat' dir='ltr'><strong>per</strong></span> <span class='ocrx_word' id='word_1_341' title='bbox 1479 2736 1645 2791; x_wconf 90' lang='lat' dir='ltr'><strong>modo</strong></span> <span class='ocrx_word' id='word_1_342' title='bbox 1669 2751 1988 2810; x_wconf 84' lang='lat' dir='ltr'><strong>usurpatur,</strong></span> <span class='ocrx_word' id='word_1_343' title='bbox 2014 2738 2125 2789; x_wconf 82' lang='lat' dir='ltr'><strong>sive</strong></span> <span class='ocrx_word' id='word_1_344' title='bbox 2145 2756 2249 2809; x_wconf 88' lang='lat' dir='ltr'><strong>pro</strong></span> <span class='ocrx_word' id='word_1_345' title='bbox 2271 2756 2386 2790; x_wconf 87' lang='lat' dir='ltr'><strong>ma-</strong></span> 
     </span>
     <span class='ocr_line' id='line_1_58' title="bbox 1353 2818 2389 2890; baseline 0 -21"><span class='ocrx_word' id='word_1_346' title='bbox 1353 2818 1660 2887; x_wconf 84' lang='lat' dir='ltr'><strong>gistratibus</strong></span> <span class='ocrx_word' id='word_1_347' title='bbox 1682 2819 1811 2890; x_wconf 84' lang='lat' dir='ltr'><strong>ipsis</strong></span> <span class='ocrx_word' id='word_1_348' title='bbox 1826 2855 1842 2884; x_wconf 89' lang='lat'>,</span> <span class='ocrx_word' id='word_1_349' title='bbox 1854 2819 1966 2872; x_wconf 83' lang='lat' dir='ltr'><strong>sive</strong></span> <span class='ocrx_word' id='word_1_350' title='bbox 1978 2837 2081 2890; x_wconf 88' lang='lat' dir='ltr'><strong>pro</strong></span> <span class='ocrx_word' id='word_1_351' title='bbox 2099 2822 2389 2888; x_wconf 77' lang='lat' dir='ltr'><strong>magistratu</strong></span> 
     </span>
     <span class='ocr_line' id='line_1_59' title="bbox 1343 2896 2385 2970; baseline 0.002 -21"><span class='ocrx_word' id='word_1_352' title='bbox 1343 2898 1683 2967; x_wconf 74' lang='lat' dir='ltr'><strong>fungentibus.</strong></span> <span class='ocrx_word' id='word_1_353' title='bbox 1709 2930 1791 2941; x_wconf 92' lang='lat'><strong>—·-</strong></span> <span class='ocrx_word' id='word_1_354' title='bbox 1816 2899 2097 2970; x_wconf 68' lang='grc' dir='ltr'><strong>Ρηεσῳήε.</strong></span> <span class='ocrx_word' id='word_1_355' title='bbox 2119 2899 2205 2951; x_wconf 84' lang='lat' dir='ltr'><strong>Ita</strong></span> <span class='ocrx_word' id='word_1_356' title='bbox 2226 2896 2385 2951; x_wconf 87' lang='lat' dir='ltr'><strong>codd.</strong></span> 
     </span>
     <span class='ocr_line' id='line_1_60' title="bbox 1355 2977 2389 3049; baseline 0 -19"><span class='ocrx_word' id='word_1_357' title='bbox 1355 2996 1540 3031; x_wconf 85' lang='lat' dir='ltr'><strong>omnes</strong></span> <span class='ocrx_word' id='word_1_358' title='bbox 1558 3018 1573 3045; x_wconf 92' lang='lat'>,</span> <span class='ocrx_word' id='word_1_359' title='bbox 1589 2998 1658 3031; x_wconf 89' lang='lat' dir='ltr'><strong>ne</strong></span> <span class='ocrx_word' id='word_1_360' title='bbox 1681 2998 1793 3031; x_wconf 89' lang='lat' dir='ltr'><strong>uno</strong></span> <span class='ocrx_word' id='word_1_361' title='bbox 1817 2977 2038 3049; x_wconf 89' lang='lat' dir='ltr'><strong>quidem</strong></span> <span class='ocrx_word' id='word_1_362' title='bbox 2059 2992 2280 3049; x_wconf 86' lang='lat' dir='ltr'><strong>excepto</strong></span> <span class='ocrx_word' id='word_1_363' title='bbox 2302 2991 2389 3031; x_wconf 87' lang='lat' dir='ltr'><strong>:et</strong></span> 
     </span>
     <span class='ocr_line' id='line_1_61' title="bbox 1356 3058 2387 3130; baseline 0 -21"><span class='ocrx_word' id='word_1_364' title='bbox 1356 3058 1579 3129; x_wconf 85' lang='lat' dir='ltr'><strong>quidem</strong></span> <span class='ocrx_word' id='word_1_365' title='bbox 1610 3070 1752 3111; x_wconf 88' lang='lat' dir='ltr'><strong>recte</strong></span> <span class='ocrx_word' id='word_1_366' title='bbox 1770 3098 1785 3126; x_wconf 88' lang='lat'>,</span> <span class='ocrx_word' id='word_1_367' title='bbox 1813 3059 2091 3130; x_wconf 78' lang='lat' dir='ltr'><strong>provincia</strong></span> <span class='ocrx_word' id='word_1_368' title='bbox 2132 3072 2245 3112; x_wconf 88' lang='lat' dir='ltr'><strong>erat</strong></span> <span class='ocrx_word' id='word_1_369' title='bbox 2284 3058 2387 3126; x_wconf 76' lang='lat' dir='ltr'><strong>dif-</strong></span> 
     </span>
     <span class='ocr_line' id='line_1_62' title="bbox 1344 3139 2389 3209; baseline 0 -20"><span class='ocrx_word' id='word_1_370' title='bbox 1344 3140 1513 3205; x_wconf 76' lang='lat' dir='ltr'><strong>ferta,</strong></span> <span class='ocrx_word' id='word_1_371' title='bbox 1548 3158 1641 3191; x_wconf 87' lang='lat' dir='ltr'><strong>seu</strong></span> <span class='ocrx_word' id='word_1_372' title='bbox 1657 3179 1673 3208; x_wconf 85' lang='lat'><strong>,</strong></span> <span class='ocrx_word' id='word_1_373' title='bbox 1695 3151 1756 3190; x_wconf 89' lang='lat' dir='ltr'><strong>ut</strong></span> <span class='ocrx_word' id='word_1_374' title='bbox 1796 3139 1889 3191; x_wconf 83' lang='lat' dir='ltr'><strong>alii</strong></span> <span class='ocrx_word' id='word_1_375' title='bbox 1933 3139 2143 3209; x_wconf 82' lang='lat' dir='ltr'><strong>legunt,</strong></span> <span class='ocrx_word' id='word_1_376' title='bbox 2170 3158 2263 3190; x_wconf 82' lang='lat' dir='ltr'><strong>con</strong></span> <span class='ocrx_word' id='word_1_377' title='bbox 2282 3151 2389 3190; x_wconf 71' lang='lat' dir='ltr'><strong>crta</strong></span> 
     </span>
     <span class='ocr_line' id='line_1_63' title="bbox 1349 3217 2389 3290; baseline 0 -19"><span class='ocrx_word' id='word_1_378' title='bbox 1349 3222 1604 3290; x_wconf 72' lang='lat' dir='ltr'><strong>pra-ceptis</strong></span> <span class='ocrx_word' id='word_1_379' title='bbox 1618 3258 1632 3280; x_wconf 90' lang='lat'><em>‚</em></span> <span class='ocrx_word' id='word_1_380' title='bbox 1659 3218 1843 3290; x_wconf 82' lang='lat' dir='ltr'><strong>jussis,</strong></span> <span class='ocrx_word' id='word_1_381' title='bbox 1860 3217 2123 3285; x_wconf 88' lang='lat' dir='ltr'><strong>decretis;</strong></span> <span class='ocrx_word' id='word_1_382' title='bbox 2150 3219 2309 3271; x_wconf 85' lang='lat' dir='ltr'><strong>simul</strong></span> <span class='ocrx_word' id='word_1_383' title='bbox 2335 3232 2389 3271; x_wconf 89' lang='lat' dir='ltr'><strong>et</strong></span> 
     </span>
     <span class='ocr_line' id='line_1_64' title="bbox 1355 3296 2385 3371; baseline 0.002 -20"><span class='ocrx_word' id='word_1_384' title='bbox 1355 3298 1684 3360; x_wconf 69' lang='lat' dir='ltr'><strong>exactoribus,</strong></span> <span class='ocrx_word' id='word_1_385' title='bbox 1718 3296 1785 3351; x_wconf 87' lang='lat' dir='ltr'><strong>ad</strong></span> <span class='ocrx_word' id='word_1_386' title='bbox 1815 3312 2082 3371; x_wconf 79' lang='lat' dir='ltr'><strong>praecepta</strong></span> <span class='ocrx_word' id='word_1_387' title='bbox 2110 3297 2385 3369; x_wconf 84' lang='lat' dir='ltr'><strong>exigenda.</strong></span> 
     </span>
     <span class='ocr_line' id='line_1_65' title="bbox 1356 3379 2392 3451; baseline 0 -20"><span class='ocrx_word' id='word_1_388' title='bbox 1356 3380 1651 3445; x_wconf 86' lang='lat' dir='ltr'><strong>Nonnulli,</strong></span> <span class='ocrx_word' id='word_1_389' title='bbox 1682 3379 2054 3451; x_wconf 86' lang='lat' dir='ltr'><strong>imprimisque</strong></span> <span class='ocrx_word' id='word_1_390' title='bbox 2073 3379 2311 3449; x_wconf 79' lang='lat' dir='ltr'><strong>Vulgata</strong></span> <span class='ocrx_word' id='word_1_391' title='bbox 2336 3389 2392 3431; x_wconf 88' lang='lat' dir='ltr'><strong>et</strong></span> 
     </span>
     <span class='ocr_line' id='line_1_66' title="bbox 1356 3459 2388 3530; baseline -0.002 -18"><span class='ocrx_word' id='word_1_392' title='bbox 1356 3459 1497 3530; x_wconf 66' lang='lat' dir='ltr'><strong>Rip„</strong></span> <span class='ocrx_word' id='word_1_393' title='bbox 1506 3461 1771 3530; x_wconf 72' lang='lat' dir='ltr'><strong>proefhctis.</strong></span> <span class='ocrx_word' id='word_1_394' title='bbox 1784 3485 1861 3495; x_wconf 86' lang='grc'><strong>--</strong></span> <span class='ocrx_word' id='word_1_395' title='bbox 1871 3460 2077 3513; x_wconf 70' lang='lat' dir='ltr'><strong>Privato</strong></span> <span class='ocrx_word' id='word_1_396' title='bbox 2094 3459 2388 3530; x_wconf 79' lang='lat' dir='ltr'><strong>compendio,</strong></span> 
     </span>
     <span class='ocr_line' id='line_1_67' title="bbox 1358 3537 2391 3609; baseline -0.004 -16"><span class='ocrx_word' id='word_1_397' title='bbox 1358 3537 1534 3593; x_wconf 89' lang='lat' dir='ltr'><strong>Codd.</strong></span> <span class='ocrx_word' id='word_1_398' title='bbox 1549 3540 1801 3593; x_wconf 83' lang='lat' dir='ltr'><strong>nonnulli</strong></span> <span class='ocrx_word' id='word_1_399' title='bbox 1814 3580 1831 3608; x_wconf 86' lang='lat'>,</span> <span class='ocrx_word' id='word_1_400' title='bbox 1838 3542 2034 3609; x_wconf 70' lang='lat' dir='ltr'><strong>privato</strong></span> <span class='ocrx_word' id='word_1_401' title='bbox 2051 3542 2247 3609; x_wconf 77' lang='lat' dir='ltr'><strong>imperio</strong></span> <span class='ocrx_word' id='word_1_402' title='bbox 2266 3558 2391 3589; x_wconf 65' lang='lat' dir='ltr'><strong>cona-</strong></span> 
     </span>
     <span class='ocr_line' id='line_1_68' title="bbox 1348 3618 2387 3692; baseline -0.001 -21"><span class='ocrx_word' id='word_1_403' title='bbox 1348 3620 1637 3692; x_wconf 78' lang='lat' dir='ltr'><strong>pendae‘oque.</strong></span> <span class='ocrx_word' id='word_1_404' title='bbox 1664 3621 1791 3672; x_wconf 86' lang='lat' dir='ltr'><strong>Vox</strong></span> <span class='ocrx_word' id='word_1_405' title='bbox 1815 3623 2010 3689; x_wconf 68' lang='lat' dir='ltr'><strong>imper-cb</strong></span> <span class='ocrx_word' id='word_1_406' title='bbox 2033 3618 2241 3687; x_wconf 75' lang='lat' dir='ltr'><strong>inutilis</strong></span> <span class='ocrx_word' id='word_1_407' title='bbox 2266 3630 2347 3671; x_wconf 87' lang='lat' dir='ltr'><strong>est</strong></span> <span class='ocrx_word' id='word_1_408' title='bbox 2371 3636 2387 3670; x_wconf 72' lang='grc' dir='ltr'><em>τ</em></span> 
     </span>
     <span class='ocr_line' id='line_1_69' title="bbox 1357 3698 2391 3770; baseline 0 -19"><span class='ocrx_word' id='word_1_409' title='bbox 1357 3699 1455 3752; x_wconf 86' lang='lat' dir='ltr'><strong>etsi</strong></span> <span class='ocrx_word' id='word_1_410' title='bbox 1483 3714 1663 3753; x_wconf 85' lang='lat' dir='ltr'><strong>tamen</strong></span> <span class='ocrx_word' id='word_1_411' title='bbox 1686 3699 1817 3752; x_wconf 85' lang='lat' dir='ltr'><strong>ferri</strong></span> <span class='ocrx_word' id='word_1_412' title='bbox 1838 3710 2017 3770; x_wconf 86' lang='lat' dir='ltr'><strong>potest</strong></span> <span class='ocrx_word' id='word_1_413' title='bbox 2038 3716 2053 3751; x_wconf 76' lang='grc' dir='ltr'><strong><em>ε</em></strong></span> <span class='ocrx_word' id='word_1_414' title='bbox 2074 3717 2202 3751; x_wconf 84' lang='lat' dir='ltr'><strong>nam</strong></span> <span class='ocrx_word' id='word_1_415' title='bbox 2222 3698 2391 3770; x_wconf 87' lang='lat' dir='ltr'><strong>impe-</strong></span> 
     </span>
     <span class='ocr_line' id='line_1_70' title="bbox 1356 3777 2389 3851; baseline -0.002 -18"><span class='ocrx_word' id='word_1_416' title='bbox 1356 3780 1502 3833; x_wconf 83' lang='lat' dir='ltr'><strong>rium</strong></span> <span class='ocrx_word' id='word_1_417' title='bbox 1536 3778 1810 3851; x_wconf 85' lang='lat' dir='ltr'><strong>quoddam</strong></span> <span class='ocrx_word' id='word_1_418' title='bbox 1840 3777 2143 3849; x_wconf 71' lang='lat' dir='ltr'><strong>delegatum</strong></span> <span class='ocrx_word' id='word_1_419' title='bbox 2184 3797 2215 3831; x_wconf 88' lang='lat' dir='ltr'><strong>a</strong></span> <span class='ocrx_word' id='word_1_420' title='bbox 2251 3798 2389 3849; x_wconf 80' lang='lat' dir='ltr'><strong>prae·</strong></span> 
     </span>
     <span class='ocr_line' id='line_1_71' title="bbox 1359 3858 2393 3931; baseline -0.003 -18"><span class='ocrx_word' id='word_1_421' title='bbox 1359 3860 1567 3913; x_wconf 87' lang='lat' dir='ltr'><strong>toribus</strong></span> <span class='ocrx_word' id='word_1_422' title='bbox 1582 3896 1599 3924; x_wconf 86' lang='lat'>‚</span> <span class='ocrx_word' id='word_1_423' title='bbox 1640 3878 1735 3913; x_wconf 86' lang='lat' dir='ltr'><strong>seu</strong></span> <span class='ocrx_word' id='word_1_424' title='bbox 1759 3858 2173 3931; x_wconf 86' lang='lat' dir='ltr'><strong>proconsulibus</strong></span> <span class='ocrx_word' id='word_1_425' title='bbox 2187 3897 2204 3925; x_wconf 89' lang='lat'>,</span> <span class='ocrx_word' id='word_1_426' title='bbox 2228 3858 2393 3911; x_wconf 84' lang='lat' dir='ltr'><strong>habe-</strong></span> 
     </span>
     <span class='ocr_line' id='line_1_72' title="bbox 1357 3932 2391 3993; baseline 0 -2"><span class='ocrx_word' id='word_1_427' title='bbox 1357 3941 1490 3991; x_wconf 83' lang='lat' dir='ltr'><strong>hant</strong></span> <span class='ocrx_word' id='word_1_428' title='bbox 1521 3940 1610 3991; x_wconf 88' lang='lat' dir='ltr'><strong>isti</strong></span> <span class='ocrx_word' id='word_1_429' title='bbox 1642 3932 1942 3993; x_wconf 77' lang='lat' dir='ltr'><strong>exactores.</strong></span> <span class='ocrx_word' id='word_1_430' title='bbox 1987 3940 2236 3992; x_wconf 86' lang='lat' dir='ltr'><strong>Attamen</strong></span> <span class='ocrx_word' id='word_1_431' title='bbox 2278 3957 2391 3991; x_wconf 89' lang='lat' dir='ltr'><strong>non</strong></span> 
     </span>
     <span class='ocr_line' id='line_1_73' title="bbox 1357 4019 2390 4090; baseline -0.003 -16"><span class='ocrx_word' id='word_1_432' title='bbox 1357 4020 1497 4074; x_wconf 84' lang='lat' dir='ltr'><strong>hene</strong></span> <span class='ocrx_word' id='word_1_433' title='bbox 1520 4029 1839 4089; x_wconf 86' lang='lat' dir='ltr'><strong>congrueret</strong></span> <span class='ocrx_word' id='word_1_434' title='bbox 1861 4037 1985 4071; x_wconf 89' lang='lat' dir='ltr'><strong>cum</strong></span> <span class='ocrx_word' id='word_1_435' title='bbox 2006 4019 2247 4090; x_wconf 86' lang='lat' dir='ltr'><strong>sequenti</strong></span> <span class='ocrx_word' id='word_1_436' title='bbox 2271 4038 2390 4072; x_wconf 85' lang='lat' dir='ltr'><strong>ver-</strong></span> 
     </span>
     <span class='ocr_line' id='line_1_74' title="bbox 1359 4099 2390 4170; baseline -0.002 -17"><span class='ocrx_word' id='word_1_437' title='bbox 1359 4101 1432 4153; x_wconf 88' lang='lat' dir='ltr'><strong>bo</strong></span> <span class='ocrx_word' id='word_1_438' title='bbox 1449 4099 1727 4169; x_wconf 81' lang='lat' dir='ltr'><strong>compendio</strong></span> <span class='ocrx_word' id='word_1_439' title='bbox 1741 4118 1761 4151; x_wconf 93' lang='lat'><strong>.·</strong></span> <span class='ocrx_word' id='word_1_440' title='bbox 1780 4112 2107 4170; x_wconf 86' lang='lat' dir='ltr'><strong>quapropter</strong></span> <span class='ocrx_word' id='word_1_441' title='bbox 2122 4099 2205 4152; x_wconf 84' lang='lat' dir='ltr'><strong>nil</strong></span> <span class='ocrx_word' id='word_1_442' title='bbox 2225 4112 2390 4151; x_wconf 89' lang='lat' dir='ltr'><strong>muta.</strong></span> 
     </span>
     <span class='ocr_line' id='line_1_75' title="bbox 1357 4176 2391 4257; baseline -0.001 -26"><span class='ocrx_word' id='word_1_443' title='bbox 1357 4212 1440 4231; x_wconf 79' lang='lat'><strong>...-</strong></span> <span class='ocrx_word' id='word_1_444' title='bbox 1449 4178 1794 4257; x_wconf 58' lang='lat' dir='ltr'><strong>Comperqdium</strong></span> <span class='ocrx_word' id='word_1_445' title='bbox 1806 4190 1883 4235; x_wconf 88' lang='lat' dir='ltr'><strong>est</strong></span> <span class='ocrx_word' id='word_1_446' title='bbox 1897 4178 1953 4233; x_wconf 86' lang='lat' dir='ltr'><strong>h.</strong></span> <span class='ocrx_word' id='word_1_447' title='bbox 1969 4178 2009 4235; x_wconf 82' lang='lat' dir='ltr'><strong>l.</strong></span> <span class='ocrx_word' id='word_1_448' title='bbox 2022 4178 2237 4235; x_wconf 85' lang='lat' dir='ltr'><strong>lucrum</strong></span> <span class='ocrx_word' id='word_1_449' title='bbox 2244 4176 2391 4253; x_wconf 84' lang='lat' dir='ltr'><strong>quod</strong></span> 
     </span>
    </p>
   </div>
  </div>
 </body>
</html>
