3025 5025
621 439 766 514 138

947 442 1025 510 C.
1079 439 1362 509 JULII
1419 438 1883 510 CAESARIS
1939 435 2489 513 COMMENT.

551 571 556 574 ’
610 595 758 666 quae
811 571 1118 658 suberat,
1167 571 1339 641 turri
1387 569 1731 642 subductis
1750 625 1767 659 ‚
1808 573 2153 666 repentina
2190 575 2383 642 ruina
2422 597 2577 668 pars
2616 571 2770 666 ejus

610 681 810 749 turris
853 678 1164 750 concidit.

717 787 874 855 XII.
930 789 1090 856 Pars
1148 783 1432 878 reliqua¹
1481 809 1899 878 consequens
1964 787 2499 880 procumbebat3
2548 811 2767 881 quum

609 893 834 962 hostes
875 892 1058 962 urbis
1109 892 1478 986 direptione
1536 893 1906 987 perterriti,
1954 893 2240 962 inermes
2294 919 2448 964 cum
2499 891 2767 962 infulis²

611 1025 752 1070 sese
780 1013 976 1094 porta
1001 999 1178 1070 foras
1206 999 1498 1072 universi
1524 999 1939 1094 proripiunt3
1958 1000 2043 1068 ad
2070 999 2323 1094 legatos
2346 1015 2545 1094 atque
2568 1025 2765 1070 exer-

613 1223 694 1262 tur
723 1211 876 1263 libera
907 1229 1042 1262 muro
1081 1208 1369 1278 defiendendc'
1391 1210 1611 1277 facultas
1624 1247 1641 1274 ,

613 1291 759 1362 quod
779 1290 870 1345 vix
880 1291 1107 1343 latinum
1121 1302 1215 1342 est.
1245 1291 1506 1342 Gruterus
1530 1289 1644 1341 haec

612 1369 792 1423 omnia
817 1371 980 1424 habet
1005 1382 1278 1442 suspecta3
1309 1371 1463 1422 male.

697 1451 826 1506 CAP.
857 1451 983 1504 XII.
1041 1469 1091 1506 1.
1142 1452 1271 1502 Pars
1307 1450 1513 1522 reliqua,
1552 1461 1643 1502 etc.

613 1531 700 1584 Ex
727 1529 1003 1584 codicibus
1034 1530 1283 1584 omnibus
1323 1543 1375 1584 et
1413 1529 1610 1582 nostris
1626 1565 1643 1591 ‚

609 1611 716 1664 hoc
749 1611 898 1672 1000,
934 1630 1048 1682 cap.
1082 1611 1191 1664 XII
1212 1610 1429 1682 incipit;
1456 1622 1510 1662 et
1539 1609 1649 1682 pri-

609 1710 731 1744 mus
769 1692 1042 1762 antiquam
1080 1690 1363 1743 lectionem
1401 1689 1643 1742 restituo,

611 1772 722 1836 Qui
753 1789 884 1824 vero
923 1789 1038 1842 cap.
1071 1789 1132 1822 11
1163 1771 1248 1824 his
1287 1769 1466 1822 verbis
1497 1769 1643 1821 clau·

611 1849 852 1904 dendum
889 1851 1214 1916 existimant,
1264 1851 1340 1904 ita
1377 1849 1647 1922 incipiunt

611 1949 727 2002 cap.
759 1949 844 1983 ΧΠ
875 1949 888 1982 :
923 1931 974 1982 T
969 1949 1046 1980 um
1081 1931 1236 1982 hostes
1249 1968 1264 1995 ‚
1305 1933 1450 1980 turris
1477 1948 1645 2000 repen-

614 2015 718 2080 tina
757 2015 899 2062 ruina
938 2016 1184 2072 commoti,
1235 2013 1482 2080 inopinato
1518 2009 1645 2060 malo

612 2090 796 2142 turbati
812 2129 827 2152 ,
863 2091 1079 2144 Deorum
1123 2093 1198 2142 ira
1241 2089 1492 2160 perculsi„
1514 2090 1645 2140 urbis

609 2172 876 2240 direptione
913 2175 1192 2242 perterriti,
1237 2182 1327 2222 ete.
1379 2169 1645 2222 Gruterus

610 2251 816 2321 primus
838 2250 938 2302 bac
974 2251 1262 2322 tautologia
1292 2249 1644 2324 ingratissima

1730 1207 1955 1276 dundat‚
1970 1221 2061 1262 aut
2072 1223 2245 1280 turget
2260 1210 2435 1264 Caesar
2444 1228 2459 1263 ε
2468 1211 2553 1263 his
2564 1208 2636 1264 de
2644 1229 2771 1264 cau·

1730 1289 1800 1342 sis
1826 1309 1937 1344 non
1965 1288 2207 1342 dubitavi
2231 1309 2289 1343 ea
2313 1291 2459 1344 velut
2486 1291 2705 1346 inutilia
2736 1310 2769 1344 e

1730 1381 1877 1422 textu
1924 1365 2153 1422 auctoris
2199 1370 2370 1422 nostri
2418 1371 2673 1441 rejicere,
2714 1383 2772 1424 et

1731 1450 1925 1502 Caesari
1960 1450 2191 1502 nitorem
2214 1469 2369 1503 suum
2408 1451 2768 1522 perspicuita-

1731 1543 1944 1602 temque
1964 1530 2259 1584 restituere.

1818 1631 1867 1663 τι.
1906 1611 2114 1662 Inermes
2144 1631 2250 1662 cum
2283 1611 2461 1678 insulis.
2490 1610 2769 1667 Nimirum

1730 1690 1806 1742 sic
1847 1690 2136 1761 antiquitus
2166 1691 2405 1748 solebant
2438 1688 2504 1743 ad
2545 1691 2769 1762 placan-

1730 1769 1830 1822 dos
1879 1771 2107 1823 victores
2126 1809 2143 1836 ‚
2185 1769 2638 1842 quemadmodum
2681 1790 2767 1824 sa·

1730 1849 1971 1908 cerdotes
1996 1863 2051 1904 et
2071 1851 2257 1904 hostia
2292 1849 2360 1904 ad
2390 1848 2767 1923 propitiandos

1730 1933 1872 1984 Deos
1880 1943 2031 1982 erant
2039 1931 2221 1984 infulis
2235 1929 2590 1984 circumdata.
2600 1930 2767 1985 Unde

1730 2024 1783 2064 et
1810 2012 1989 2078 infulcit
2015 2011 2072 2062 in
2102 2012 2283 2082 glossis
2317 2009 2512 2064 Isidori
2538 2011 2764 2082 exponi-

1730 2103 1821 2144 tur
1838 2095 2093 2162 propitiat.
2120 2094 2202 2144 De
2237 2091 2417 2144 infulis
2450 2093 2633 2162 glossae
2662 2111 2762 2145 ms.

1708 2184 1963 2224 -nostraez
2008 2172 2209 2240 Infoloe,
2238 2173 2509 2223 velamenta
2538 2172 2601 2222 de
2648 2173 2765 2224 tana

1731 2256 1783 2303 in
1805 2251 1993 2302 modum
2012 2255 2245 2304 vittarum
2256 2253 2417 2319 facta.
2438 2252 2626 2304 Festus
2647 2271 2661 2304 ε
2680 2253 2765 2304 In-

611 2343 702 2383 eta
720 2328 935 2382 dicendi
955 2341 1146 2401 genere
1177 2331 1475 2383 Caesariano
1493 2349 1648 2400 pror-
1718 2332 1849 2399 fuloe
1885 2330 2263 2402 suntfilamenta
2290 2332 2453 2392 lanea,
2482 2332 2652 2402 quibus
2678 2352 2760 2382 sa-

609 2429 700 2464 sus
747 2411 916 2464 aliena
955 2411 1190 2481 offensus
1205 2449 1222 2476 ,
1254 2412 1368 2464 haec
1415 2407 1645 2462 delenda

611 2491 815 2545 censuit
829 2530 848 2557 ‚
877 2503 1072 2565 praeter
1100 2491 1294 2557 verba3
1319 2492 1537 2545 Deorum
1566 2492 1645 2543 ira

604 2572 838 2643 perculsi,
877 2590 994 2645 quae
1023 2573 1281 2625 servabat.
1315 2568 1643 2623 Oudendor-

608 2652 731 2723 pius
768 2644 898 2705 vero
937 2652 1148 2723 longius
1187 2651 1474 2722 processit,
1503 2662 1556 2702 et
1584 2670 1645 2703 ea

611 2733 726 2803 ipsa
762 2733 927 2785 verba
955 2730 1228 2803 quoddam
1256 2730 1642 2783 monachorum

610 2825 971 2865 commentum
1003 2812 1352 2882 opinabatur:
1373 2808 1521 2863 unde
1542 2810 1645 2863 aie-

610 2894 734 2944 bat:
755 2918 780 2939 0·
810 2892 866 2945 Si
895 2891 1016 2961 quis
1041 2889 1258 2945 inducat
1275 2884 1424 2952 (scil.
1447 2902 1510 2942 ut
1532 2908 1645 2943 om-

611 2972 702 3023 nia
731 2967 1046 3033 deleantur)
1074 2989 1186 3023 non
1211 2989 1296 3023 me
1319 2970 1643 3023 retinentem

611 3051 846 3104 habebit.
879 3076 902 3097 ι
930 3050 997 3101 In
1027 3062 1161 3121 optt.
1185 3048 1342 3103 codd.
1366 3051 1432 3103 ab
1451 3048 1643 3105 eodem

612 3131 784 3183 citatis
807 3131 1032 3195 absunt3
1053 3148 1153 3183 nec
1179 3130 1338 3183 ullius
1361 3128 1507 3183 idem
1528 3148 1641 3183 me-

613 3210 772 3265 minit
806 3210 900 3283 qui
928 3210 1018 3263 illa
1048 3211 1210 3263 ferat:
1234 3210 1290 3263 in
1317 3210 1514 3265 nostris
1543 3230 1640 3281 pa-

609 3291 742 3343 riter
757 3288 1155 3356 desiderantur,
1173 3302 1226 3343 et
1250 3291 1308 3343 in
1322 3289 1442 3345 cod.
1467 3290 1642 3361 5768,

610 3369 866 3425 videntur
890 3370 1051 3425 fuisse
1073 3370 1204 3425 olim
1224 3369 1408 3425 adsuta
1427 3372 1484 3425 in
1507 3390 1645 3426 mar·

609 3450 766 3521 gine,
793 3449 887 3503 sed
935 3448 1138 3517 deleta,
1173 3464 1236 3503 ut
1275 3452 1530 3523 glossam,
1576 3451 1643 3505 ab

612 3531 718 3583 alio
747 3531 1052 3603 interprete.
1086 3531 1214 3585 Haec
1238 3551 1368 3585 vero
1391 3550 1502 3585 esse
1524 3544 1642 3585 tau·

611 3611 862 3681 tologiam
889 3630 1048 3666 nemo
1077 3611 1282 3665 inficias
1301 3612 1430 3676 ibit,
1457 3622 1510 3665 et
1528 3611 1641 3683 pri-

610 3710 702 3743 mo
723 3696 968 3763 repentina
997 3696 1140 3745 ruina
1167 3694 1276 3763 jam
1306 3692 1502 3762 legitur
1524 3709 1639 3763 cap.

613 3770 964 3843 praecedenti,
996 3785 1050 3825 et
1078 3770 1222 3827 idem
1253 3784 1332 3825 est
1359 3768 1508 3842 quod
1534 3775 1639 3831 ἐπο-

608 3855 783 3921 pinato
807 3852 951 3905 malo.
972 3852 1192 3905 Deorum
1209 3855 1284 3905 ira
1299 3852 1539 3923 perculsi,
1552 3851 1643 3905 fal·-

612 3950 668 3983 sa
711 3944 789 3983 est
831 3932 1118 3990 sententia,
1144 3945 1198 3985 et
1235 3932 1374 3987 nihil
1403 3932 1531 3987 facit
1572 3930 1642 3987 ad

609 4028 760 4063 rem:
783 4030 908 4065 nam
929 4012 1080 4065 nullo
1105 4010 1270 4065 modo
1293 4010 1362 4065 de
1384 4012 1641 4084 religione

611 4092 882 4161 agebatur.
911 4093 1084 4147 Porro
1111 4093 1334 4147 minime
1355 4092 1535 4149 verbis
1562 4112 1644 4147 re-

1730 2412 1940 2463 eerdotes
1967 2424 2017 2462 et
2036 2413 2227 2475 Ιιοετὶιε,
2261 2408 2511 2482 tempora(
2534 2412 2609 2462 ita
2626 2413 2763 2464 Vos-

1728 2493 1837 2546 sius
1860 2490 2107 2547 emendat
2126 2494 2184 2545 τὸ
2210 2493 2473 2564 templaque
2488 2487 2509 2556 )
2522 2491 2761 2545 velaban-

1732 2585 1825 2625 tur.
1839 2575 1931 2639 ‚De
1958 2571 2319 2625 sacerdotibus
2346 2584 2401 2625 et
2422 2572 2610 2625 hostiis
2632 2585 2761 2626 nota

1728 2672 1813 2705 res
1830 2674 1850 2715 ;
1880 2671 2005 2705 nam
2046 2651 2113 2704 de
2156 2652 2540 2719 sacerdotibus,
2571 2652 2760 2718 Marc,

1729 2736 1853 2785 AEn.
1874 2734 2061 2798 l.x,v.
2094 2732 2240 2785 538:

1726 2866 1741 2881 .
1784 2817 1917 2857 Insula
1936 2819 1999 2857 cui
2020 2832 2129 2857 nera
2146 2818 2355 2859 redimibat
2372 2826 2550 2870 tempora
2566 2818 2681 2857 vitta.

1728 2892 1798 2944 Et
1819 2891 1889 2945 de
1908 2892 2127 2957 hostiis,
2154 2891 2351 2962 Georg.
2369 2891 2406 2943 l.
2423 2910 2494 2943 111
2510 2930 2527 2955 ,
2548 2909 2604 2944 v.
2628 2892 2757 2962 48⁰7:

1782 2977 1914 3017 Lmen
1930 2978 2025 3017 dum
2042 2978 2157 3017 nivea
2174 2977 2441 3017 :imma-un·
2456 2974 2582 3015 infula
2596 2978 2708 3017 vim.

1728 3052 1867 3103 Nam
1890 3050 2037 3105 vittoe
2064 3070 2279 3103 annexa
2302 3062 2453 3103 erant
2476 3050 2688 3115 infulis,
2708 3062 2761 3103 et

1727 3129 1853 3185 ideo
1868 3170 1883 3197 ‚
1904 3131 2003 3185 etsi
2022 3149 2135 3183 non
2152 3129 2297 3184 idem
2318 3132 2427 3183 sint
2438 3167 2456 3195 ‚
2480 3122 2760 3201 ponuntur

1727 3230 1828 3282 pro
1836 3208 2042 3265 eodem.
2054 3213 2135 3264 De
2143 3210 2331 3263 hostiis
2338 3228 2553 3281 quoque
2561 3212 2759 3275 Varro,

1727 3292 1763 3342 l.
1793 3308 1852 3343 vt
1868 3328 1883 3355 ,
1904 3288 1973 3343 de
1993 3291 2119 3362 ling.
2141 3292 2233 3343 lat.
2268 3290 2369 3343 ait:
2392 3291 2583 3360 Insulas
2604 3291 2758 3342 dictas

1728 3382 1934 3441 apparet
1954 3371 2083 3443 quod
2080 3370 2339 3441 filamenta
2352 3391 2377 3420 e
2390 3369 2521 3433 lana,
2543 3390 2653 3441 qaue
2667 3368 2757 3421 ad-

1728 3452 1910 3503 duntur
1925 3452 2115 3518 insule,
2140 3451 2269 3517 infra
2293 3452 2555 3521 hostiarum
2578 3469 2759 3501 cornua

1728 3532 1998 3583 velamenta
2044 3542 2199 3583 erant.
2254 3528 2499 3584 Credidit
2542 3546 2759 3603 quoque

1728 3630 1853 3665 cum
1866 3611 2115 3666 Varrone
2130 3612 2377 3663 Perottus
2398 3610 2593 3663 infulas
2610 3608 2758 3681 quasi

1728 3690 1983 3747 inferulas
2020 3690 2189 3745 dictas
2218 3691 2285 3743 ab
2310 3687 2465 3758 inst-a,
2500 3690 2759 3743 nimirum

1728 3771 1852 3843 quia
1880 3772 2025 3825 vittae
2046 3772 2187 3825 infra
2208 3789 2411 3823 cornua
2430 3768 2755 3841 pendebant.

1728 3850 1957 3922 Scaliger
1982 3852 2161 3921 infulas
2180 3850 2401 3905 deducit
2422 3852 2489 3903 ab
2506 3849 2753 3921 infilaado,

1728 3930 1876 4004 quod
1910 3944 2064 4003 putat
2098 3931 2395 4004 significare
2436 3934 2631 3983 ambire
2670 3939 2757 3983 aut

1666 4018 1671 4023 '
1726 4014 1907 4065 velare.
1956 4014 2081 4067 Non
2130 4011 2259 4065 inde
2304 4009 2501 4065 deduci
2540 4010 2713 4082 patiar
2734 4044 2757 4073 ,

1728 4095 1933 4167 quippe
1940 4092 2087 4164 filum
2100 4094 2332 4165 primam
2346 4092 2511 4146 habet
2529 4088 2757 4163 produc·
