3025 5025
505 578 512 585 .
573 467 740 555 -564
1390 470 1535 538 DE
1588 468 1947 537 BELLO

694 601 985 671 XXXV.
1043 601 1266 669 Caesar
1329 597 1659 693 Hispalim
1718 624 1927 693 quum
1976 599 2427 669 contendisset
2456 653 2478 688 ‚
2545 600 2741 696 legati

589 708 1020 803 deprecatum
1071 719 1419 775 venerunt.
1495 708 1604 775 Ita
1658 730 1869 800 quum
1934 704 2261 801 oppidum
2286 704 2307 729 ¹
2368 730 2511 776 sese
2574 709 2742 777 tueri

586 815 890 901 dixisset,
918 814 1274 882 Caninium
1301 811 1596 906 legatum
1631 837 1789 881 cum
1814 810 2123 907 praesidio
2156 814 2560 882 intromittit.
2588 817 2741 909 Ipse

585 936 804 992 castra
837 920 922 989 ad
949 919 1272 1014 oppidum
1302 920 1509 1014 ponit.
1550 922 1716 988 Erat
1746 916 2294 1014 bene²,magnum
2334 920 2510 989 intra
2542 923 2737 990 Pom·

581 1028 982 1123 peianarum·
1024 1027 1313 1121 partium
1360 1025 1777 1121 praesidium‚
1812 1026 1994 1120 quod
2036 1028 2318 1095 Caesaris
2356 1027 2737 1121 praesidium

583 1148 928 1228 receptum
971 1132 1430 1231 indignaretur
1467 1132 1641 1201 clam
1678 1132 2035 1226 quemdam
2075 1132 2483 1220 Philonem,
2510 1131 2700 1203 illum
2718 1188 2738 1223 ,

581 1243 696 1336 qui
739 1231 1297 1336 Pompeianarum
1353 1240 1651 1335 partium
1694 1238 1929 1309 fuisset
1983 1238 2295 1309 defensor
2354 1242 2733 1310 acerrimus.

579 1351 648 1419 Is
677 1362 818 1417 tota
839 1348 1186 1417 Lusitania
1215 1348 1597 1415 notissimus
1624 1360 1806 1415 erat.
1836 1346 1950 1414 hic
1974 1344 2147 1417 olam
2170 1330 2514 1441 praesidia³
2536 1349 2737 1415 Lusi-

580 1457 828 1524 taniam
836 1451 1346 1591 proficiscitur,
1365 1468 1434 1522 et
1455 1450 1797 1522 Caeeilium
1836 1454 2154 1547 Nigrum,
2193 1453 2537 1523 hominem
2580 1453 2733 1522 bar-

578 1546 862 1630 barum⁴
865 1561 1003 1649 ‚ad
1034 1561 1324 1629 Lenium
1366 1560 1715 1690 convenit?
1751 1560 1867 1653 qui
1900 1560 2073 1628 bene
2108 1584 2421 1655 magnam
2458 1583 2734 1629 manum

575 1669 1052 1743 Lusitanorum
1079 1666 1378 1735 haberet.
1408 1650 1704 1735 Rursus⁵
1720 1666 1791 1733 in
1808 1664 2139 1760 Hispalim
2161 1666 2488 1761 oppidum
2510 1663 2734 1737 denuo

578 1790 788 1845 noctu
821 1799 942 1869 per
983 1798 1252 1842 murum
1295 1774 1653 1867 recipitur,
1694 1772 2076 1867 praesidium
2119 1772 2481 1868 vigilesque
2526 1773 2734 1869 jugu-

577 1880 717 1951 lant
738 1936 756 1971 ,
799 1894 1028 1975 portas
1073 1876 1495 1975 praecludunt
1517 1933 1537 1966 ,
1572 1878 1660 1947 de
1704 1881 1966 1973 integro
2015 1903 2317 1975 pugnare
2360 1895 2728 1976 coeperunt.

683 1988 1010 2057 XXXVI.
1069 1988 1252 2055 Dum
1290 1986 1436 2056 haec
1477 1999 1807 2080 geruntur
1832 2038 1851 2072 ‚
1912 1983 2111 2080 legati
2162 1988 2583 2069 Carteienses
2624 2012 2732 2057 re·-

577 2097 974 2163 nuntiarunt
1001 2144 1021 2180 ,
1079 2093 1260 2186 quod
1315 2093 1711 2187 Pompeium
1727 2090 1745 2117 ¹
1810 2094 1880 2160 in
1933 2106 2331 2187 potestatem
2385 2094 2729 2163 haberent.

579 2200 786 2290 Quod
845 2213 1000 2269 ante
1053 2200 1304 2268 Coesari
1359 2213 1588 2293 portas
1645 2197 2133 2293 praeclusissent
2159 2253 2178 2287 ‚
2214 2197 2347 2291 ‚illo
2403 2200 2731 2269 beneficio

578 2332 772 2377 suum
837 2304 1238 2375 maleficium
1301 2304 1773 2375 existimabant
1828 2330 1899 2375 se
1958 2304 2368 2375 lucrifacere.
2431 2309 2733 2376 Lusitani

577 2410 834 2508 Hispali
866 2410 1198 2508 pugnare²
1227 2410 1412 2481 nullo
1450 2427 1753 2507 tempore
1791 2411 2216 2482 desistebant.
2264 2411 2470 2501 Quod
2508 2415 2731 2484 Caesar

639 2604 777 2659 Ciu».
789 2600 1022 2654 XXXV.
1049 2618 1100 2652 1.
1115 2601 1196 2652 Ita
1210 2618 1352 2670 quum
1369 2599 1613 2670 oppidem.

1702 2600 1837 2672 quod
1866 2599 1915 2652 C
1910 2619 1995 2652 ωε
2008 2599 2209 2670 proesid.
2244 2612 2479 2672 receptum
2503 2601 2729 2672 indigna-

581 2685 631 2738 E
653 2676 934 2736 codicibus
965 2680 1045 2733 sic
1072 2677 1397 2751 legendum·
1429 2680 1513 2732 Ita
1548 2680 1621 2730 ad
1703 2679 1875 2740 batur,
1890 2680 2017 2731 elam
2038 2699 2155 2749 ergo
2173 2681 2427 2732 Philonem
2445 2682 2725 2753 quemdam,

583 2763 808 2836 oppidum
817 2761 1040 2812 tuendum
1053 2759 1177 2813 Can.
1191 2760 1286 2829 leg.
1303 2758 1465 2813 Μ.--
1484 2761 1537 2812 T
1530 2779 1615 2811 ue

585 2849 644 2898 ri.
666 2844 902 2896 Praesens
922 2858 1024 2911 pro
1037 2840 1236 2892 futuro.
1253 2839 1314 2892 B.
1336 2827 1408 2892 G.
1427 2857 1502 2904 11,
1518 2839 1610 2892 32.

671 2944 721 2976 ο.
763 2923 899 2973 Emt
938 2920 1130 2973 benem.
1163 2917 1502 2990 proficiscitur.
1550 2925 1616 2972 Et

584 3005 699 3056 haec
724 3002 862 3053 mire
891 3000 948 3051 in
980 2998 1139 3052 eodd.
1168 2998 1399 3064 variata,
1421 2999 1497 3052 sie
1526 3011 1615 3051 ut-

585 3099 815 3153 cumque
861 3080 1256 3133 eonstituerunt
1292 3079 1397 3131 viri
1446 3077 1611 3132 docti.

586 3165 722 3216 Rem
747 3160 918 3232 attigit
942 3159 1048 3212 Dio
1080 3158 1290 3214 cassius
1311 3177 1453 3212 ιιιιι
1470 3196 1487 3223 ,
1518 3160 1613 3228 39.

587 3241 828 3308 Quilibet
883 3238 1037 3292 videt
1059 3277 1076 3305 ,
1111 3251 1330 3309 recepto
1394 3239 1615 3292 Caesaris

585 3319 856 3395 prasidio,
867 3319 1152 3372 Philonem
1163 3319 1300 3371 elam
1311 3319 1613 3390 pmfeetum

587 3421 699 3456 esse
722 3398 792 3454 ad
817 3397 1176 3471 oolligendum
1195 3398 1513 3463 exereitum,
1528 3417 1617 3451 eo-

589 3502 695 3555 que
711 3481 934 3535 collecto
949 3497 1223 3533 reversum
1234 3491 1400 3531 noctu
1413 3477 1614 3531 caedem

589 3562 1012 3618 Coesarianorum
1035 3560 1239 3612 fecisse.
1255 3559 1332 3611 M.
1355 3559 1462 3611 Pro
1482 3562 1613 3610 intra

589 3643 837 3696 aliiinms.
871 3641 938 3692 In
963 3639 1083 3693 eod.
1100 3640 1226 3710 Reg.
1259 3639 1410 3710 5764
1427 3679 1441 3702 ,
1468 3638 1613 3704 haec,

587 3721 939 3796 quodCoesaris
955 3720 1252 3792 praesidium,
1265 3719 1609 3772 omittuntur.

586 3804 654 3855 In
686 3799 805 3856 eod.
849 3801 1016 3871 5768.
1055 3801 1192 3852 Erat
1228 3800 1344 3851 bene
1386 3817 1613 3870 magnum

588 3886 718 3935 intra
768 3882 1090 3951 Pompeianas
1133 3892 1299 3950 partes
1325 3879 1613 3950 ptoesidium

587 3963 920 4032 indignaretur
950 3959 1140 4012 cuidam
1159 3960 1366 4012 Philoni
1399 3961 1474 4011 illi
1497 3962 1608 4031 qui,

583 4055 686 4097 ete.
703 4043 934 4094 libenter
944 4041 1174 4112 legerem
1191 4053 1327 4093 :erat
1344 4044 1476 4092 intus
1499 4039 1614 4091 bene

585 4141 810 4192 magnum
852 4122 1250 4191 Pompeianorum
1284 4120 1567 4191 praesidium
1593 4157 1609 4180 .

1705 2758 1839 2810 illum
1870 2763 2079 2830 qui-...e
2051 2763 2222 2812 emisit.

1788 2841 1839 2892 3.
1876 2839 2019 2892 Clam
2030 2839 2286 2910 praesidia.
2310 2838 2452 2893 Alii.
2478 2842 2727 2910 prasidio.

1701 2917 1844 2972 Tum
1866 2919 1997 2972 alii:
2028 2923 2079 2971 in
2106 2920 2426 2973 Lusitaniam.

1785 3005 1839 3063 4.
1869 2999 2077 3052 Nomine
2100 2999 2372 3052 barbarum.
2406 3000 2549 3072 Lege
2578 3002 2729 3053 homi-

1700 3095 1807 3130 nem
1848 3079 2122 3133 barbarum.
2160 3079 2247 3133 sic
2278 3078 2647 3152 Glandorpius
2676 3093 2729 3135 et

1700 3157 1973 3212 Manutius
2000 3157 2068 3212 ad
2088 3160 2235 3213 hune
2258 3161 2455 3214 locum.
2490 3161 2566 3213 M.
2599 3164 2727 3214 Reo-

1701 3249 1755 3290 te
1783 3258 1797 3292 :
1821 3240 2041 3310 recipio.

1786 3319 1836 3374 5.
1871 3320 2071 3372 Rursus.
2097 3319 2204 3372 Alii
2224 3359 2239 3386 ,
2268 3339 2500 3374 reversus.

1782 3399 1912 3452 Car.
1955 3399 2219 3453 XXXVI.
2264 3419 2309 3453 ι.
2352 3402 2635 3472 Pompeium
2678 3408 2729 3454 in

1692 3489 1977 3550 potestatem
2019 3479 2262 3533 haberent.
2296 3479 2443 3533 Vide
2472 3499 2590 3553 cap.
2634 3483 2722 3536 3².

1700 3558 1776 3611 Μ.
1808 3560 2049 3612 Insolens
2078 3561 2407 3614 constructio
2430 3561 2616 3634 quod...
2637 3563 2725 3615 ha·

1701 3637 1872 3690 ber-ent
1886 3640 1991 3692 hoe
2017 3640 2137 3692 loeo
2166 3653 2377 3694 tantum
2404 3642 2641 3694 occurrit
2669 3642 2724 3694 in

1700 3719 1785 3772 his
1812 3719 1995 3784 libris3
2028 3738 2153 3772 nam
2182 3721 2247 3773 B.
2268 3721 2331 3775 C.
2362 3720 2505 3773 libro
2537 3739 2592 3788 1,
2624 3724 2723 3786 26,

1699 3799 1801 3851 alvia
1830 3799 2217 3869 significatione
2242 3801 2407 3854 venit.

1786 3899 1837 3933 π.
1864 3881 2068 3951 Hispali
2090 3901 2328 3952 pugnare.
2356 3879 2446 3934 Sic
2478 3881 2645 3934 Nor-v.
2674 3893 2727 3934 et

1700 3960 1879 4012 Petav.
1916 3961 2096 4031 Vulgo
2126 3962 2375 4033 Hispalim
2406 3979 2685 4032 oppugnare
2708 3980 2727 4013 .·

1700 4039 1847 4094 falso.
1882 4041 2020 4094 Nam
2046 4041 2287 4094 Lusitani
2309 4042 2369 4094 in
2392 4041 2529 4094 urbe
2546 4053 2727 4106 erant,

1700 4137 1923 4193 eamque
1966 4118 2325 4176 defendebant
2344 4159 2361 4188 ,
2394 4135 2455 4175 ut
2492 4139 2609 4194 cap.
2656 4121 2725 4175 35
