3025 5025
887 491 963 558 C.
1020 488 1302 556 JULII
1361 485 1830 555 CAESARIS
1887 483 2434 552 COMMENT.

592 643 721 714 que
750 645 981 690 omnes
1017 621 1248 689 castris
1280 621 1644 702 continuit,
1674 618 1992 712 ignesque
2029 615 2172 686 fieri
2195 612 2577 711 prohibuit,
2608 636 2738 706 quo

594 726 920 796 occultior
962 742 1135 796 esset
1175 727 1317 820 ejus
1357 726 1702 794 adventus.
1767 727 1928 793 Haec
1967 723 2050 792 ad
2103 723 2468 792 Antonium
2517 719 2740 788 statim

595 857 717 926 per
762 836 1037 903 Graecos
1075 832 1487 902 deferuntur.
1535 831 1692 919 Ille,
1719 832 1934 900 missis
1965 829 2052 898 ad
2088 832 2418 899 Caesarem
2455 827 2740 907 nuntiis,

596 964 805 1008 unum
836 940 1013 1010 diem
1040 965 1181 1009 sese
1212 941 1443 1008 castris
1470 941 1686 1007 tenuit
1716 963 1731 1006 ε
1759 936 1970 1006 altero
1997 936 2102 1004 die
2137 936 2224 1003 ad
2255 959 2406 1004 eum
2438 932 2744 1028 pervenit

596 1047 837 1114 Caesar.
896 1048 1106 1140 Cujus
1167 1046 1458 1116 adventu
1524 1047 1792 1140 cognito
1810 1097 1828 1132 ,
1883 1044 2238 1136 Pompeius
2263 1094 2285 1128 ,
2343 1065 2428 1109 ne
2477 1039 2742 1108 duobus

596 1152 1231 1224 circumcluderetur
1270 1153 1670 1222 exercitibus
1691 1207 1710 1240 ,
1753 1177 1835 1220 ex
1869 1176 1952 1220 eo
1987 1149 2139 1219 loco
2179 1147 2493 1232 discedit,
2531 1145 2742 1214 omni·

596 1259 851 1352 busque
904 1262 1112 1355 copiis
1165 1259 1251 1328 ad
1286 1261 1728 1354 Asparagium
1784 1258 2360 1352 Dyrrachinorum
2402 1253 2745 1349 pervenit,

596 485 746 560 230

595 1381 793 1458 atque
835 1368 929 1435 ibi
972 1366 1212 1435 idoneo
1257 1365 1405 1435 loco
1442 1380 1660 1435 castra
1699 1368 1908 1460 ponit.
2381 1456 2386 1463 ι

700 1475 957 1543 ΧΧΧΙ.
1000 1475 1119 1543 His
1152 1473 1566 1569 temporibus
1597 1469 1878 1566 Scipio¹,
1907 1470 2320 1540 detrimentis
2347 1464 2746 1560 quibusdam

598 1683 789 1736 acriter
805 1685 1035 1756 pigritia
1059 1699 1112 1739 et
1132 1685 1468 1756 negligentiae
1496 1684 1627 1738 insi·

596 1765 779 1816 mulat.
802 1763 1117 1836 Pompeius,
1134 1766 1337 1835 inquit,
1365 1765 1543 1818 statim
1576 1776 1629 1816 et

596 1856 744 1895 recto
776 1843 967 1897 itinere
992 1843 1060 1896 ad
1082 1845 1379 1897 Antonium
1405 1863 1627 1915 pergere

596 1921 897 1989 debuisset,
928 1936 988 1975 ut
1018 1924 1075 1976 in
1108 1943 1232 1976 eum
1266 1923 1391 1976 totis
1422 1923 1629 1976 viribus

594 2002 930 2064 incumberet
943 2040 962 2067 ,
980 2016 1265 2074 antequam
1296 2023 1351 2056 se
1376 2004 1627 2057 Caesaria-

597 2081 681 2133 nis
722 2083 947 2152 jungere
986 2083 1246 2153 potuisset
1272 2101 1285 2135 ε
1315 2093 1630 2155 perperam;

598 2160 737 2212 nihil
764 2172 843 2212 est
870 2160 1016 2232 quod
1046 2181 1156 2214 non
1183 2182 1402 2215 summae
1421 2163 1630 2234 peritiae

596 2239 843 2310 Pompeii
870 2241 927 2292 in
959 2254 1071 2294 arte
1106 2241 1295 2295 bellica
1325 2243 1627 2297 conveniat.

594 2317 811 2372 Insidiae
834 2320 1103 2392 aptissime
1130 2321 1355 2375 consilio
1385 2323 1630 2394 Pompeii

594 2397 952 2470 respondent,
982 2420 1099 2472 quae
1124 2403 1169 2454 si
1199 2420 1229 2454 a
1262 2402 1463 2455 Graecis
1490 2401 1631 2454 dela·

601 2491 669 2532 tae
709 2479 955 2548 fuerunt,
999 2479 1121 2535 ideo
1165 2500 1277 2535 non
1308 2481 1630 2536 incusandus

593 2557 810 2613 videtur
850 2561 1155 2632 Pompeius.
1199 2561 1255 2614 si
1298 2581 1429 2615 vero
1467 2563 1629 2615 Pom·

590 2640 747 2709 peius
770 2642 1069 2693 Antonium
1096 2642 1274 2713 palam
1310 2654 1367 2694 et
1391 2640 1630 2694 interdiu

596 2736 865 2789 aggressus
894 2722 1033 2773 foret
1052 2718 1075 2785 ‚'
1096 2719 1187 2773 ille
1218 2721 1274 2773 in
1302 2722 1485 2773 castris
1518 2734 1630 2775 arte

593 2799 818 2850 munitis
838 2812 893 2851 et
910 2800 967 2851 in
988 2813 1297 2871 opportuno
1317 2800 1439 2853 loco
1463 2820 1519 2853 se
1539 2801 1633 2854 ali-

596 2875 840 2949 quandiu
876 2880 1225 2932 continuisset
1244 2918 1261 2945 ,
1300 2878 1473 2932 donec
1513 2881 1630 2934 Cae-

596 2976 681 3009 sar
718 2959 1096 3027 superveniens
1127 2958 1448 3031 Pompeium
1488 2960 1632 3013 inter

594 3049 881 3107 utramque
934 3039 1099 3091 aciem
1145 3040 1313 3092 veluti
1360 3039 1630 3092 irretitum

552 3124 557 3129 '
596 3118 837 3187 cepisset.
867 3116 995 3170 Haec
1021 3117 1265 3189 judicent
1293 3119 1487 3189 periti:
1512 3132 1627 3172 tex-

596 3208 683 3248 tus
732 3208 909 3249 autem
966 3198 1131 3253 totius
1181 3199 1288 3253 loci
1344 3200 1518 3251 clarus
1576 3212 1632 3251 et

602 3288 819 3346 apertus
840 3276 1072 3330 videtur.

678 3357 809 3409 Cu.
835 3357 1041 3410 XXXI.
1074 3376 1124 3410 1.
1155 3358 1335 3428 Scipio.
1371 3359 1439 3423 Q.
1466 3358 1632 3411 Caeci-

596 3436 697 3488 lius
721 3436 969 3489 Metellus
992 3437 1119 3489 Pius
1139 3436 1319 3507 Scipio
1332 3476 1349 3501 ,
1367 3435 1629 3491 oriundus

596 3535 627 3568 e
667 3515 995 3569 nobilissima
1041 3529 1198 3587 gente
1252 3517 1530 3581 Cornelia,
1560 3515 1628 3570 de

601 3614 709 3666 qua
737 3598 847 3665 jam
876 3596 1043 3649 locuti
1070 3616 1253 3649 sumus
1271 3632 1287 3661 ,
1310 3597 1348 3648 l.
1388 3614 1436 3660 1,
1464 3616 1509 3649 c.
1537 3616 1640 3650 am*

595 3677 723 3745 Ejus
752 3694 949 3729 nomen
982 3690 1093 3729 erat
1112 3676 1173 3728 P.
1204 3676 1489 3729 Cornelius
1522 3676 1632 3728 Sci-

595 3756 690 3825 pio
723 3755 940 3819 Nasica,
960 3754 1053 3807 sed
1081 3768 1397 3809 testamento
1416 3757 1483 3821 Q.
1510 3756 1630 3808 Cae-

593 3835 707 3886 cilii
727 3834 932 3887 Metelli
958 3834 1069 3901 Pii,
1086 3832 1221 3887 dum
1244 3836 1485 3907 pontifex
1515 3855 1627 3887 ma·

594 3914 769 3966 ximus
783 3927 837 3966 et
850 3932 1038 3966 censor
1058 3929 1212 3979 esset,
1225 3916 1441 3977 mortui,
1461 3913 1630 3987 adop-

597 3996 1337 4057 tatusest‚etservavitnomen
1346 3995 1629 4067 Scipionis,

594 4085 656 4125 ut
674 4071 935 4126 indicaret
958 4094 1014 4126 se
1038 4094 1103 4127 ex
1130 4076 1380 4129 Cornelia
1399 4087 1553 4145 gente
1571 4076 1626 4127 in

597 4152 862 4207 Caeciliam
895 4153 1188 4221 transiisse3
1212 4153 1359 4208 unde
1374 4155 1429 4207 in
1450 4154 1627 4224 primo

1717 1703 1780 1736 ex
1799 1681 2032 1736 nummis
2049 1683 2163 1753 ejus
2177 1691 2344 1752 caput
2359 1679 2574 1750 pietatis
2589 1715 2606 1743 ‚
2629 1687 2750 1729 ante

1717 1761 1862 1834 quod
1900 1762 2104 1816 ciconia
2135 1756 2156 1824 (
2184 1760 2384 1813 ciconia
2417 1759 2565 1811 enim
2607 1775 2749 1828 sym-

1713 1843 1902 1894 bolum
1926 1841 2138 1914 pietatis
2165 1837 2212 1905 ),
2243 1837 2430 1892 alludit
2451 1836 2521 1891 ad
2548 1855 2749 1890 nomen

1717 1923 1821 1975 Pii.
1843 1923 2088 1987 Quaestor
2110 1921 2347 1972 urbanus
2361 1919 2484 1983 fuit,
2501 1937 2589 1970 an.
2606 1920 2750 1985 6893

1719 2002 1846 2056 trib.
1875 2003 2042 2074 pleb„
2065 2004 2215 2070 6903
2247 1999 2442 2064 aedilis,
2469 2001 2588 2066 694
2621 2015 2636 2050 :
2665 2015 2750 2050 an.

1722 2086 1754 2135 6
1763 2101 1795 2152 9
1805 2086 1836 2136 6
1851 2120 1868 2148 ,
1886 2080 2042 2135 ludos
2058 2079 2398 2152 gladiatorios
2410 2079 2467 2132 in
2485 2077 2752 2130 honorem

1717 2161 1883 2234 patris
1926 2157 2166 2231 adoptivi
2215 2157 2401 2212 edidit.
2453 2157 2751 2210 Piaeturam

1716 2243 1874 2312 gessit
1887 2241 2172 2304 urbanam,
2191 2241 2326 2308 698;
2342 2237 2751 2310 provincialem,

1725 2325 1859 2391 699.
1889 2319 2104 2392 Collega
2133 2320 2194 2374 in
2219 2320 2499 2374 consulatu
2529 2337 2562 2370 a
2589 2336 2754 2389 gene-

1717 2421 1780 2454 ro
1827 2420 1924 2454 suo
1943 2437 1960 2466 ,
2001 2400 2170 2454 Cneio
2211 2399 2470 2472 Pompeio
2514 2399 2721 2468 Magno
2735 2433 2751 2462 ,

1719 2479 1777 2533 in
1801 2494 2065 2535 extremos
2089 2480 2332 2553 quinque
2353 2497 2580 2544 menses,
2607 2496 2750 2530 anno

1719 2578 1864 2631 701,
1892 2572 2191 2632 assumptus
2230 2573 2333 2625 est,
2374 2571 2426 2611 et
2461 2560 2638 2629 legem
2686 2556 2754 2610 de

1718 2641 1974 2694 Censoria
2005 2652 2262 2712 potestate
2285 2639 2427 2691 tulit.
2450 2638 2754 2690 Proconsul

1718 2719 1930 2791 Syriam
1974 2720 2226 2772 obtinuit.
2271 2718 2446 2770 Multa
2486 2718 2651 2787 gessit
2697 2718 2752 2769 in

1715 2800 1860 2853 bello
1901 2799 2081 2865 civili,
2121 2798 2213 2851 sed
2253 2816 2445 2870 parum
2486 2797 2721 2849 illustria
2736 2835 2753 2862 ‚

1716 2880 1911 2932 humili
1941 2880 2144 2951 quippe
2166 2891 2220 2931 et
2248 2896 2415 2950 parvo
2456 2877 2564 2929 suit
2597 2877 2752 2947 inge·

1716 2960 1810 3011 nio
1826 2995 1843 3024 ,
1859 2972 2020 3031 atque
2037 2961 2147 3031 ejus
2164 2971 2307 3029 gesta
2325 2959 2588 3028 majorem
2605 2954 2754 3028 apud

1716 3051 1958 3110 posteros
1983 3058 2048 3091 ex
2069 3056 2130 3093 re
2159 3040 2298 3109 ipsa,
2317 3037 2430 3089 scil.
2455 3054 2519 3088 ex
2541 3036 2754 3109 ingenti

1715 3119 1878 3184 bello,
1893 3136 2054 3190 quam
2073 3136 2138 3171 ex
2159 3118 2380 3169 homine
2407 3116 2756 3169 commenda·

1718 3199 1921 3251 tionem
1941 3198 2230 3271 recipiunt.
2247 3199 2330 3249 De
2341 3194 2534 3248 eodem
2555 3197 2617 3247 in
2636 3198 2752 3249 aliis

1716 3278 1869 3331 bellis
1899 3277 2218 3331 videbimus.
2253 3278 2426 3329 Porro
2455 3278 2672 3342 Caesar,
2697 3277 2751 3328 h.

1715 3359 1775 3423 l.‚
1815 3359 2104 3411 vanitatem
2146 3356 2382 3409 hominis
2409 3354 2634 3422 irridet,
2658 3356 2754 3429 qui

1716 3437 1907 3491 victus'
1945 3458 2000 3492 se
2058 3438 2438 3509 imperatorem
2497 3438 2753 3508 appellat.

1719 3518 1982 3571 Nummus
2006 3530 2183 3570 autem
2213 3519 2280 3569 ab
2311 3516 2536 3567 Eckelio
2561 3518 2632 3569 D.
2657 3535 2750 3569 nn.

1716 3609 1824 3651 vet.
1853 3599 1960 3651 vol.
2002 3617 2068 3663 V,
2105 3616 2164 3668 p.
2217 3597 2360 3661 132,
2397 3596 2596 3649 citatus
2642 3615 2753 3648 non

1718 3677 1952 3748 pertinet
1988 3676 2054 3730 ad
2085 3676 2285 3729 factum
2326 3674 2395 3727 de
2417 3690 2544 3745 ‘quo
2578 3678 2758 3747 agitur

1717 3758 1822 3809 hoc
1855 3756 1972 3809 loco
1992 3796 2008 3823 ,
2034 3754 2126 3809 sed
2155 3754 2223 3809 ad
2255 3755 2458 3807 bellum
2491 3756 2758 3821 African„

1715 3837 1774 3887 in
1807 3854 1917 3907 quo
1942 3836 2134 3908 imper.
2159 3836 2452 3907 appellatus
2483 3854 2515 3887 a
2549 3835 2758 3888 Catone

1716 3916 1852 3981 fuit3
1884 3913 2031 3986 quod
2054 3915 2176 3967 satis
2209 3929 2369 3986 typus
2399 3914 2627 3969 indicat.
2653 3917 2756 3969 Ca·

1715 4008 1814 4067 put
1828 3995 2068 4067 Neptuni
2078 3996 2376 4047 laureatum
2383 4007 2438 4047 et
2445 3997 2756 4058 barbatum,

1715 4075 1783 4139 Q.
1803 4076 2068 4128 METEL.
2089 4075 2277 4140 PIVS;
2303 4094 2367 4127 ex
2395 4094 2582 4129 aversa
2603 4087 2757 4147 parte

1716 4154 1957 4226 elephas:
1973 4174 2133 4227 supra
2151 4154 2390 4209 SCIPIO
2405 4174 2424 4222 ς
2445 4154 2580 4209 infr.
2595 4154 2752 4209 IMP.
