3025 5025
645 516 799 600 404
1435 512 1503 578 D
1522 512 1580 579 E
1652 510 2003 580 BELLO
2085 500 2094 507 ’

643 648 803 717 ferri
837 673 852 715 :
903 644 1141 741 quibus
1199 668 1440 739 parum
1495 642 1851 713 videbatur
1899 643 2293 739 imposuisse
2346 642 2568 713 oneris
2584 692 2606 730 ,
2650 664 2789 710 am-

641 753 923 850 pliorem
987 755 1342 846 pecuniam
1399 753 1704 845 imperat.
1762 751 1975 845 AEque
2048 764 2274 820 autem
2334 752 2789 820 Romanorum

641 860 958 930 dilectum
997 859 1316 943 instituit,
1365 882 1534 951 quos
1553 844 1577 889 ⁴
1598 912 1617 945 ‚
1659 882 1740 926 ex
1776 857 2087 927 omnibus
2124 857 2567 927 conventibus
2611 855 2788 925 colo·-
2836 926 2853 947 ι

639 969 894 1062 niisque
947 968 1393 1059 conscriptOS‚
1438 966 1883 1033 transmarina
1942 964 2175 1034 militia
2231 965 2620 1060 perterritos
2638 1016 2655 1051 ,
2713 962 2792 1032 ad

639 1075 1036 1143 sacramenti
1065 1073 1594 1166 redemptionem
1622 1072 1927 1141 vocabat.
1956 1074 2289 1167 Magnum
2312 1070 2445 1141 hoc
2480 1070 2608 1139 fuit
2642 1094 2790 1139 vec-

643 1180 838 1273 tigal,
873 1180 1089 1273 majus
1123 1195 1360 1247 tamen
1409 1180 1683 1247 creabat
1724 1178 1976 1247 odium.
2025 1180 2147 1247 His
2194 1179 2394 1247 rebus
2438 1177 2753 1247 confectis
2773 1232 2792 1265 ,

637 1301 856 1355 totum
925 1272 1336 1355 exercitum⁵
1399 1284 1654 1354 lustrat.
1721 1286 2097 1379 LegioneS‚
2146 1309 2311 1381 quas
2371 1288 2443 1353 in
2506 1284 2787 1354 Africam

637 1394 884 1463 ductui
885 1420 962 1462 us
999 1406 1175 1480 erat,
1211 1408 1278 1461 et
1317 1392 1566 1461 auxilia
1601 1392 1808 1460 mittit
1842 1392 1929 1461 ad
1976 1392 2371 1485 trajectum:
2418 1394 2595 1486 ipse,
2634 1390 2785 1459 clas·

637 1526 808 1588 sem,
847 1525 1048 1595 quam
1079 1500 1360 1594 parabat
1376 1554 1395 1587 ,
1423 1514 1502 1569 ut
1544 1500 1937 1592 inspiceret,
1982 1498 2307 1594 Hispalim
2354 1498 2615 1567 accedit
2632 1552 2652 1585 ,
2677 1498 2787 1567 ihi-

633 1632 766 1701 que
829 1622 1170 1694 moratur3
1237 1620 1595 1701 propterea
1646 1606 1827 1699 quod
1890 1605 2184 1675 edictum
2244 1620 2389 1691 tota
2455 1605 2788 1701 provincia

632 1728 1108 1809 proposuerat,
1147 1727 1224 1779 ut
1243 1767 1263 1799 ,
1303 1713 1544 1807 quibus
1587 1714 1909 1807 pecunias
1944 1714 2364 1808 imperasset,
2386 1736 2605 1807 neque
2636 1734 2783 1780 con-

633 1819 971 1908 tulissent,
1017 1845 1086 1888 se
1149 1817 1430 1887 adirent.
1482 1820 1655 1908 Quae
1716 1821 2025 1888 evocatio
2086 1820 2524 1889 vehementer
2566 1842 2785 1889 omnes

633 1927 948 1995 turbavit.

741 2034 955 2103 LVII.
1013 2033 1293 2100 Interim
1354 1982 1433 2100 L.
1488 2032 1746 2102 Titius¹
1763 2086 1782 2121 ,
1836 2034 1949 2129 qui
2000 2058 2081 2102 eo
2135 2048 2440 2129 tempore
2486 2032 2783 2102 tribunus

632 2138 976 2207 militum
957 2163 1026 2207 1n
1045 2138 1322 2233 legione
1359 2138 1721 2208 vernacula
1750 2140 2004 2228 flierat,
2044 2142 2311 2210 nuntiat
2346 2140 2557 2228 fama,
2590 2139 2778 2233 legio·

631 2270 790 2315 nem
825 2247 1225 2315 tricesimam
1238 2296 1257 2333 ‚
1291 2268 1492 2341 quam
1532 2249 1619 2335 Q.
1655 2248 1928 2317 Cassius
1964 2246 2223 2342 legatus
2252 2245 2447 2317 simul
2480 2246 2781 2330 ducebat,

633 2378 841 2447 quum
879 2352 966 2421 ad
991 2352 1316 2447 oppidum
1341 2354 1609 2448 Leptim
1640 2368 1860 2423 castra
1888 2352 2171 2423 haberet
2189 2407 2208 2442 ,
2236 2354 2563 2423 seditione
2598 2352 2777 2437 facta,

631 2584 710 2636 las
731 2584 1002 2636 rationum
1027 2580 1477 2653 pecunia-iarum.
1505 2579 1669 2633 Conf.
1848 2580 1899 2632 5.
1934 2581 2111 2633 Totum
2140 2585 2417 2634 exercitam.
2444 2582 2601 2635 Libri
2624 2580 2741 2633 boni
2758 2618 2773 2647 ,

635 2683 682 2728 ς.
711 2668 805 2731 49.
842 2669 920 2716 Μ.
1760 2680 1932 2714 nomm
1951 2681 2107 2714 exerc.
2124 2660 2229 2715 Sed
2246 2663 2413 2714 altera
2431 2661 2591 2715 lectio
2604 2661 2773 2714 melior

725 2749 779 2805 4.
814 2743 1040 2814 AEqtoe...
1064 2757 1200 2813 quos.
1244 2739 1430 2793 Lectio
1467 2751 1547 2792 est
1586 2741 1671 2792 in·
1760 2753 1857 2793 est.
1887 2740 2171 2794 lit-..Ad
2194 2744 2463 2812 trajectum.
2480 2742 2639 2794 Forte
2651 2741 2771 2794 Her·

639 2835 801 2876 certa.
845 2823 954 2874 Pro
999 2839 1132 2892 oeque
1168 2821 1364 2891 legitur
1401 2840 1561 2891 quem,
1588 2820 1673 2872 vel
1756 2820 1975 2874 culeum
1993 2859 2010 2886 ,
2033 2840 2139 2893 qua
2169 2820 2275 2894 ipsi
2310 2823 2367 2874 in
2412 2821 2771 2875 Mauritaniam

636 2906 849 2976 equitum
860 2941 873 2963 ‚
890 2901 978 2954 vel
992 2900 1154 2971 vulgo
1171 2919 1314 2972 oequa
1331 2903 1520 2952 ratione
1539 2919 1672 2972 :pro
1760 2900 2139 2972 trajiciendum
2163 2914 2293 2956 erat.

637 2984 964 3036 Ronaanomm
986 2981 1192 3032 habent
1219 2978 1444 3052 quidam
1465 2981 1635 3032 Romoe
1649 3001 1675 3042 ‚-
1840 2979 1973 3035 CAP.
2004 2982 2183 3035 LVII.
2219 3001 2243 3035 1
2256 3022 2269 3035 .
2306 2983 2369 3036 L.
2410 2983 2587 3036 Titius.
2626 2982 2770 3034 Forte

638 3063 799 3115 falso:
817 3081 944 3114 nam
973 3061 1114 3112 cives
1153 3079 1404 3114 romanos
1443 3060 1501 3112 in
1542 3079 1673 3112 con·
1758 3060 1956 3124 frater,
1982 3062 2076 3132 vel·
2112 3074 2365 3134 cognatus
2410 3062 2479 3127 Q.
2512 3061 2675 3130 Titii,
2710 3058 2769 3112 de

639 3142 889 3218 ventibus
913 3155 968 3194 et
993 3141 1219 3194 coloniis
1244 3140 1519 3212 Hispania·
1542 3157 1673 3193 oon·-

640 3223 882 3294 scripsit:
910 3240 1012 3294 pro
1043 3239 1161 3292 quos
1198 3239 1386 3272 rursus
1400 3255 1417 3284 ,
1445 3239 1672 3292 quosque.

641 3303 853 3356 Vitium
868 3315 946 3354 est
959 3301 1028 3354 in‘
1035 3302 1202 3354 verbo
1217 3320 1366 3372 teque.
1385 3300 1465 3353 M.
1487 3300 1674 3356 Clark.

579 3437 588 3442 ,
639 3396 816 3438 servat
827 3383 981 3452 Quem
999 3393 1157 3432 autem
1165 3381 1507 3432 Romanorum.
1521 3381 1675 3449 Dav„

645 3465 780 3534 Quin
799 3467 910 3516 item
927 3463 990 3514 R.
1005 3459 1112 3514 Sed
1126 3461 1290 3530 Vulg.
1314 3459 1460 3531 quod
1473 3461 1675 3514 hahent

642 3544 776 3597 boni
789 3541 947 3596 codd.
965 3540 1109 3594 idem
1121 3539 1318 3594 reddit.
1335 3539 1539 3593 -Coct
1554 3559 1675 3595 nos—

642 3637 726 3679 ter
752 3624 924 3694 5768,
945 3622 1248 3694 eamdemque
1262 3623 1496 3672 rationem
1522 3621 1672 3674 dilec-

641 3718 720 3758 tus
733 3707 960 3758 instituit.
969 3704 1164 3756 Eteam
1171 3702 1293 3754 lect.
1307 3701 1637 3773 praetulerim
1653 3719 1667 3756 :

637 3806 766 3840 nam
775 3781 1256 3838 absonumvidetur
1263 3780 1673 3835 dicerediloetum

641 3867 945 3919 institutum
957 3864 1118 3917 fuisse
1135 3883 1275 3934 oequa
1293 3865 1482 3914 ratione
1492 3899 1506 3922 ,
1520 3873 1573 3916 et
1590 3874 1670 3916 ta·-

635 3965 764 4000 men
783 3963 1037 4016 magnum
1059 3941 1188 3998 inde
1205 3955 1442 3997 creatum
1456 3941 1665 3997 odium.

637 4057 720 4072 --
737 4025 1074 4079 Conven'n‘bm.
1090 4025 1172 4077 De
1183 4024 1537 4077 conventibus
1559 4025 1670 4094 jam

637 4107 762 4162 satis
784 4105 1005 4160 dictum.
1017 4135 1098 4148 --
1115 4106 1462 4159 Transeunt-ina
1475 4105 1665 4170 mllitia.

636 4189 706 4240 In
727 4187 924 4241 Africa.
947 4185 1094 4239 Vide
1116 4203 1231 4257 cap.
1261 4184 1291 4238 5
1305 4203 1353 4238 1.
1379 4184 1458 4238 M.

1760 3159 1871 3212 quo
1898 3141 2009 3212 jam
2036 3139 2247 3196 dictum
2270 3143 2451 3208 est,l.
2482 3160 2581 3208 111,
2608 3143 2667 3194 B.
2695 3141 2769 3204 C.‚

1759 3239 1807 3273 c.
1858 3227 1952 3285 42.
1982 3253 2065 3264 -—
2092 3222 2311 3276 Nuntiat
2338 3218 2588 3287 (Cassio)
2607 3224 2767 3290 fana,

1757 3301 1871 3354 sola
1894 3301 2037 3354 fama
2068 3302 2363 3373 impulsus,
2374 3321 2435 3354 re
2466 3321 2579 3356 non
2602 3301 2767 3373 explo-

1758 3393 1891 3433 rata.
1926 3381 2086 3434 Vidit
2128 3401 2341 3436 sensum
2380 3383 2663 3436 Davisius:
2688 3379 2769 3451 qui

1759 3457 2223 3530 nonviderunt,ut
2232 3463 2463 3527 Cell.‚12i
2476 3461 2765 3516 ediderunt:

1768 3542 1903 3593 Titio
1928 3544 2297 3610 nunciutfama.
2314 3543 2393 3596 Μ.
2414 3541 2675 3596 Emendat
2698 3541 2765 3590 lo-

1757 3639 1882 3674 cum
1915 3622 2094 3674 Jurin.
2130 3621 2383 3694 legendo,
2414 3642 2523 3675 omn
2560 3615 2765 3685 (verna-

1756 3697 1967 3764 culam)
1989 3720 2022 3753 a
2042 3703 2229 3772 legione
2244 3706 2484 3756 uicesima
2508 3704 2767 3755 disc-essem

1760 3805 1833 3816 -·
1852 3782 2059 3852 Leptim.
2076 3783 2167 3836 Sic
2188 3781 2345 3836 codd.
2372 3782 2481 3836 sed
2506 3785 2689 3854 Leptis,
2714 3791 2765 3832 ut

1756 3879 1919 3915 nemo
1940 3864 2132 3928 nescit,
2150 3863 2343 3918 Africo
2358 3865 2495 3916 urbs
2520 3863 2621 3916 fuit
2637 3881 2651 3916 z
2668 3857 2765 3914 vid.

1756 3943 1821 3996 B.
1838 3944 1923 4009 C.,
1942 3961 2013 4010 ιι,
2035 3945 2129 3997 38.
2144 3945 2289 4016 Ergo
2304 3963 2446 3996 mus
2470 3942 2601 3998 dicit
2613 3944 2766 4012 legen·

1758 4021 1891 4076 dum
1932 4042 2043 4077 esse
2089 4025 2308 4096 Ilipam5
2346 4025 2511 4090 alter,
2545 4023 2765 4092 Ilurgb2·

1758 4103 1892 4156 alius
1916 4104 2078 4157 etiam
2110 4105 2169 4157 in
2200 4105 2460 4177 Hispania
2498 4104 2653 4157 fnisse
2678 4098 2762 4152 ali-

1754 4203 1917 4256 quam
1934 4183 2129 4258 Leptin
2145 4197 2317 4258 putat.
2334 4181 2760 4254 audenda-piu.
