3025 5025
552 511 695 578 DE
748 511 1091 579 BELLO
1148 511 1524 582 CIVILI.
1578 513 1770 580 LIB.
1826 515 1970 581 ΙΙΙ.

2225 517 2375 609 249

251 654 311 708 et
342 641 623 711 numero'
644 640 933 711 militum
978 643 1415 737 praestabant,
1449 658 1515 712 et
1547 644 1860 714 interiore
1907 631 2118 738 spatio
2162 649 2374 714 mino-

248 770 383 814 rem
428 748 771 818 circuitu-m
816 748 1171 818 habebant.
1220 750 1389 837 Quae
1442 775 1652 842 quum
1709 765 1900 818 erant
1942 749 2086 820 loca
2130 755 2378 821 Caesari

249 853 551 946 capienda
566 910 585 942 ‚
614 857 735 924 etsi
776 855 1131 948 prohibere
1158 857 1514 950 Pompeius
1547 858 1702 926 totis
1735 858 1943 951 copiis
1969 871 2036 924 et
2063 857 2378 926 dimicare

246 983 376 1026 non
405 963 865 1049 constituerat3
889 975 1113 1031 tamen
1138 963 1269 1030 suis
1297 959 1459 1031 locis
1482 964 1860 1056 sagittarios
1881 962 2380 1057 funditoresque

244 1066 535 1134 mittebat
552 1121 571 1154 ‚
611 1063 900 1161 quorum
936 1092 1255 1162 magnum
1293 1067 1585 1137 habebat
1621 1094 1974 1139 numerum
1991 1122 2011 1157 ‚
2056 1069 2380 1163 multique

245 1194 321 1238 ex
380 1175 617 1243 nostris
670 1173 1236 1260 vulnerabantur3
1292 1198 1704 1269 magnusque
1767 1178 2126 1245 incesserat
2178 1178 2380 1244 timor

247 1279 621 1370 sagittarum
640 1332 663 1364 ‚
696 1293 895 1374 atque
930 1304 1161 1349 omnes
1205 1279 1343 1348 fere
1380 1280 1619 1350 milites
1661 1297 1782 1352 aut·
1813 1307 1896 1352 ex
1929 1269 2232 1369 coactis⁴‚
2265 1297 2382 1350 aut

246 1407 319 1449 ex
360 1386 785 1472 centonibus,
820 1400 938 1454 aut
978 1411 1059 1454 ex
1101 1387 1301 1455 coriis·
1343 1389 1632 1473 tunicas»,
1667 1403 1783 1457 aut
1809 1390 2173 1483 tegimenta
2207 1388 2379 1456 fece-

246 1506 417 1577 rant,
454 1492 693 1584 quibus
737 1490 868 1560 tela
904 1494 1207 1561 vitarent.

342 1599 557 1667 XLV.
604 1600 687 1665 In
722 1599 1129 1693 occupandis
1164 1599 1483 1694 praesidiis
1521 1624 1764 1695 magna
1788 1603 1858 1668 vi
1883 1615 2163 1694 uterque
2207 1602 2382 1668 nite-

244 1701 433 1770 batur
450 1702 508 1771 ¹:
537 1706 795 1792 Caesar,
823 1719 900 1772 ut
929 1730 1129 1798 quam
1160 1708 1619 1800 angustissime
1647 1709 2037 1800 Pompeium
2085 1709 2382 1775 contine-

246 1822 377 1896 ret3
418 1811 777 1904 Pompeius
796 1866 817 1900 ‚
864 1825 936 1880 ut
977 1837 1177 1904 quam
1220 1811 1544 1906 plurimos
1587 1811 1787 1883 colles
1833 1837 2035 1906 quam
2090 1815 2382 1882 maximo

319 2041 373 2099 4.
386 2035 500 2088 Aut
508 2057 571 2088 ex
583 2042 815 2090 coactis...
831 2038 959 2090 Tria
974 2038 1066 2105 ait,
1079 2051 1262 2101 coacta,

244 2129 456 2168 centones
497 2129 553 2169 et
588 2121 735 2169 coria.
767 2119 961 2176 Coacta
991 2117 1139 2170 haud
1172 2117 1270 2170 du-

244 2194 324 2246 bie
370 2208 500 2248 sunt
537 2198 723 2256 cilicia,
760 2217 989 2268 quorum
1028 2199 1083 2250 in
1127 2197 1269 2250 bello
1312 2197 1319 2204 ’

243 2292 365 2328 usus
381 2273 452 2327 ad
482 2275 733 2346 tegendas
756 2277 913 2329 etiam
940 2289 1129 2330 turres.
1156 2277 1271 2330 Ser·

242 2355 353 2408 vius
382 2356 443 2407 in
478 2355 676 2426 Georg.
707 2375 775 2409 111
795 2393 811 2421 ,
839 2357 988 2410 313:

566 2471 576 2481 .
593 2472 603 2481 .
618 2471 629 2482 .
646 2471 656 2480 .
673 2471 683 2480 .
706 2444 893 2496 Set-sque
914 2453 1113 2484 comante·

246 2509 369 2551 Usum
385 2514 430 2552 in
445 2522 679 2561 castrorum,
697 2522 736 2552 et
751 2516 905 2554 miseris
920 2514 1112 2555 velamina
1126 2514 1255 2554 nautis
1278 2544 1289 2563 ‚

244 2594 313 2647 ait
342 2613 357 2647 :
404 2594 466 2645 de
508 2596 674 2647 ciliciis
704 2595 962 2665 poliuntur
1002 2598 1164 2648 loricoe
1177 2634 1193 2657 ,
1227 2608 1274 2647 et

246 2684 476 2743 teguntur
509 2676 729 2725 tabulata
771 2679 971 2727 turrium
984 2698 1005 2739 ,-
1043 2696 1101 2726 ne
1122 2678 1274 2746 jactis

234 2754 431 2819 facibus
479 2758 605 2823 ignis
649 2759 807 2825 possit
852 2756 1114 2811 adhaerere.
1164 2756 1271 2809 Ubi

244 2832 530 2886 confundit
575 2846 791 2885 centones
834 2849 887 2887 et
929 2837 1113 2897 cilicia,
1158 2854 1275 2906 quae

243 2910 491 2965 disertim
535 2912 940 2985 distinguuntur
984 2935 1013 2967 a
1058 2915 1276 2967 Sisenna

243 2991 392 3064 apud
406 2993 702 3045 Nunnium.
720 2994 907 3047 Cilicio
926 3014 1139 3065 quoque
1158 3014 1277 3065 pos-

244 3084 355 3125 tera
386 3085 510 3125 aetas
540 3091 665 3138 usa;
692 3086 744 3125 et
774 3086 972 3127 vestem
1000 3076 1159 3127 talem
1187 3094 1278 3127 vo-

244 3166 439 3205 carunt
467 3154 704 3205 cilicinam
727 3174 746 3205 .·
765 3153 909 3207 unde
936 3154 1277 3207 Theobaldus

244 3233 297 3284 in
313 3232 433 3285 vita
460 3231 510 3285 S.
537 3232 858 3299 wilhelmi,
877 3235 1109 3290 eremitat
1125 3273 1140 3299 ,
1160 3254 1273 3307 cap.

249 3319 316 3376 ²4
342 3350 362 3377 ‚
390 3313 595 3363 cilicinis
632 3332 773 3383 super
810 3314 1006 3366 loricam
1034 3315 1245 3367 vestibus
1258 3354 1274 3376 ,

244 3391 419 3444 diebus
439 3404 489 3443 et
508 3392 723 3443 noctibus
742 3395 977 3447 utebatur.
1004 3396 1075 3447 Et
1090 3393 1279 3447 eodem

245 3471 417 3526 modo
441 3472 699 3524 haetenus
719 3472 775 3524 in
794 3474 976 3526 Solino
990 3474 1278 3545 legebatur.

246 3552 431 3606 Mutat
463 3563 642 3604 tamen
668 3570 885 3624 magnus
912 3554 1191 3607 Salmasius
1216 3574 1280 3607 ex

244 3646 357 3685 vet.
390 3631 513 3685 cod.
532 3669 549 3696 ‚
582 3644 636 3683 et
673 3650 773 3703 pro
810 3636 1001 3686 cilicina
1039 3635 1283 3688 rescribit

246 3713 430 3764 cilicia.
454 3712 548 3763 Ait
571 3724 747 3764 autem
762 3714 973 3767 Solinus
998 3714 1171 3767 cilicia
1192 3734 1286 3767 vo-

246 3792 363 3845 cari
392 3793 459 3844 ab
478 3791 744 3845 Arabibus
767 3794 1040 3845 velamenta
1064 3815 1090 3845 e
1109 3792 1283 3864 capra-

249 3892 360 3924 rum
379 3872 502 3943 pilis
537 3882 667 3922 texta
682 3892 703 3934 ;
740 3872 888 3943 quod
914 3885 1069 3943 negat
1097 3892 1284 3925 verum

248 3952 684 4025 esse-Salmasius»,
694 3952 911 4023 quando
925 3954 1104 4007 κιλίκια
1118 3972 1284 4024 graeca

250 4051 358 4085 vox
378 4044 462 4084 est
480 4071 495 4099 ‚
514 4042 568 4083 et
585 4032 719 4085 vesti
735 4034 863 4085 huic
878 4052 1075 4087 nomen
1094 4035 1160 4085 ab
1177 4033 1287 4085 hir-

251 4112 328 4164 cis
348 4104 739 4183 Cilicibus,'qui
752 4108 979 4166 maxime
988 4114 1181 4167 villosi.
1202 4114 1289 4167 Se-

254 4204 416 4246 cutus
442 4190 687 4247 solinum
705 4192 966 4266 Isidor.,l.
986 4213 1090 4255 nx,
1108 4212 1155 4247 c.
1178 4198 1293 4265 26„

1356 2039 1429 2091 ait
1460 2056 1473 2091 z
1506 2039 1686 2092 Cilicia
1725 2041 1922 2093 Arabes
1953 2052 2258 2111 nuncupant,
2296 2061 2386 2091 ve·

1355 2120 1566 2170 lamenta
1590 2121 1706 2190 pilis
1742 2141 1994 2192 caprarum
2029 2132 2250 2172 contexta
2267 2158 2282 2182 ,
2323 2141 2384 2172 ea:

1357 2199 1526 2270 quibus
1568 2201 1660 2251 sibi
1704 2204 1911 2251 tentoria
1939 2203 2152 2268 faciunt.
2199 2201 2386 2269 Neque

1355 2279 1598 2349 profecto
1614 2278 1700 2331 vel
1716 2280 1805 2331 hic
1821 2319 1837 2346 ‚
1856 2279 1941 2332 vel
1960 2281 2048 2332 ille
2065 2298 2234 2350 usque
2253 2277 2385 2331 adeo

1358 2357 1681 2410 accusandus
1700 2399 1715 2426 ‚
1745 2357 1892 2430 quod
1922 2357 1982 2410 id
2011 2358 2152 2411 dicat
2170 2399 2185 2425 ‚
2217 2377 2386 2430 quum

1359 2436 1499 2508 apud
1528 2438 1779 2491 Hebraeos
1804 2439 2043 2507 kelagnim
2057 2450 2208 2490 notat
2231 2439 2388 2489 corti-

1359 2536 1484 2584 nas,
1511 2518 1621 2569 imo
1660 2520 1888 2571 tentoria
1935 2538 1992 2571 ac
2029 2518 2160 2570 vela.
2194 2518 2388 2569 Cento·

1359 2615 1491 2649 num
1514 2597 1572 2649 in
1594 2599 1736 2650 bello
1760 2618 1916 2650 usum
1938 2596 2266 2649 demonstrat
2284 2598 2390 2648 Ve-

1360 2676 1560 2747 getiuS,
1584 2678 1679 2729 lib.
1710 2696 1799 2740 Π,
1829 2696 1945 2747 cap.
1980 2676 2084 2730 15:
2115 2694 2283 2747 quum
2315 2676 2388 2727 ait

1362 2756 1520 2807 crudis
1551 2777 1609 2807 ac
1636 2758 1896 2809 recentibus
1922 2761 2064 2807 coriis
2071 2794 2092 2817 ,
2116 2758 2202 2806 vel
2231 2767 2390 2807 cento·-

1362 2836 1501 2887 nibus
1513 2837 1714 2908 operiri
1724 2838 2001 2889 vinearum
2013 2836 2193 2889 latera.
2211 2836 2384 2889 Etiam

1362 2934 1522 2967 naves
1563 2916 1668 2987 tegi
1705 2916 1807 2968 illis
1852 2914 2094 2969 disertim
2121 2914 2276 2968 docet
2307 2915 2388 2966 Si·

1364 3014 1524 3047 senna
1541 2994 1684 3067 apud
1701 2996 1979 3049 Nonnium
2001 3015 2014 3048 :
2033 2997 2227 3067 Puppes
2255 3008 2388 3047 aceto

1364 3075 1645 3143 madefactis
1658 3076 1930 3128 centonibus
1949 3080 2251 3145 integuntur,
2270 3095 2390 3146 quos

1363 3175 1509 3226 supra
1513 3168 1744 3225 perpetua
1755 3156 1901 3207 classi
1905 3175 2128 3227 suspensa
2141 3156 2302 3207 cilicia
2310 3155 2391 3205 ob-

1369 3235 1640 3288 tenduntur.
1661 3237 1774 3291 Ubi
1792 3237 1998 3307 egregie
2022 3234 2268 3289 emendat
2285 3234 2392 3286 Sal-

1364 3314 1558 3367 masius
1587 3355 1602 3383 ‚
1632 3328 1866 3387 perpetua
1905 3336 1964 3367 ac
2003 3316 2112 3367 laxe
2146 3334 2386 3385 suspensa.

1365 3394 1540 3459 Quam
1581 3398 1938 3469 conjecturam
1979 3396 2240 3448 confirmo
2268 3396 2392 3444 Am-

1367 3474 1532 3527 miani
1553 3477 1758 3543 verbis,
1781 3476 1873 3527 lib.
1905 3488 2059 3527 xxiv:
2085 3476 2186 3524 Per
2203 3492 2389 3543 propu-

1364 3556 1578 3623 gnacula
1594 3556 1762 3608 ciliciis
1793 3554 2000 3626 undique
2024 3555 2182 3605 laxius
2196 3556 2387 3622 pansis,

1368 3653 1476 3705 quoe
1502 3635 1703 3686 telorum
1725 3640 1922 3705 impetus
1943 3633 2228 3685 cohiberent.
2259 3631 2393 3683 Cen·

1368 3726 1520 3766 tones
1541 3726 1716 3767 autem
1735 3727 1860 3767 sunt
1885 3712 2062 3785 ῥαπτοὶ
2077 3747 2092 3770 ,
2111 3731 2203 3764 seu
2224 3724 2393 3763 vestes

1370 3812 1433 3845 ex
1458 3794 1621 3847 variis
1646 3794 1780 3846 lanis
1807 3806 1898 3846 aut
1928 3792 2118 3865 pannis
2140 3804 2390 3843 consutae.

1372 3873 1451 3924 De
1482 3873 1641 3926 coriis
1667 3885 1795 3925 nota
1818 3892 1903 3925 res
1933 3886 2027 3925 est.
2058 3872 2126 3923 D.
2146 3871 2391 3923 Vossms.

1453 3954 1583 4005 Cu».
1626 3953 1798 4005 XLV.
1829 3971 1892 4005 .1.
1933 3951 2210 4005 Nitebatur.
2258 3950 2391 4005 Cod.

1372 4046 1556 4085 noster
1589 4030 1740 4103 5764
1761 4072 1776 4100 ,
1807 4032 2044 4084 utebatur.
2085 4031 2280 4083 Similis
2309 4050 2397 4083 va-

1375 4108 1534 4167 rietas
1563 4132 1724 4184 supra
1753 4130 1799 4165 c.
1835 4114 1907 4176 43
1931 4130 1944 4167 z
1989 4125 2041 4165 at
2077 4110 2224 4181 5768
2254 4112 2398 4163 vide·

1378 4194 1542 4255 batur,
1562 4194 1751 4249 vitiose
1768 4212 1870 4264 pro
1893 4193 2152 4247 nitebatur.
2253 4207 2258 4212 ·
