3025 5025
607 481 746 547 DE
801 480 1150 547 BELLo
1205 450 1576 549 c1v1L1.
1634 484 1833 551 LIB.
1890 486 2036 552 111.

2276 512 2427 583 279

279 626 352 681 ut
389 610 512 681 sibi
551 614 852 707 captivos
894 612 1149 681 transdi
1175 613 1470 707 juberet,
1509 639 1741 684 omnes
1784 616 2183 709 productOS‚
2208 634 2427 689 osten·

280 720 546 788 tationis
571 770 589 803 ,
629 734 704 787 ut
739 718 1126 803 videbatur,
1171 743 1368 789 causa
1396 773 1414 806 ‚
1459 746 1596 813 quo
1632 722 1846 815 major
1889 712 2220 819 perfugae⁴
2264 726 2429 797 fides

278 826 672 913 haberetur,
721 826 1208 895 commilitones
1259 826 1636 921 appellans,
1682 843 1751 898 et
1780 852 2025 923 magna
2066 832 2427 903 verborum

277 931 678 1002 contumelia
714 934 1162 1028 interrogans,
1207 960 1243 997 <t
1286 933 1661 1003 solerentne
1704 937 2001 1005 veterani
2036 936 2277 1009 milites
2317 940 2428 1008 fu-

277 1063 468 1132 gere,
508 1070 542 1104 »
591 1042 660 1107 in
701 1041 998 1107 omnium
1041 1055 1406 1135 conspectu
1449 1041 1785 1111 interficit.

383 1148 670 1214 LXXII.
703 1148 824 1215 His
847 1147 1047 1215 rebus
1061 1160 1322 1215 tantum
1346 1146 1607 1217 fiduciae
1622 1172 1703 1217 ac
1722 1149 1994 1242 spiritus
2010 1152 2430 1244 Pompeianis

279 1254 554 1322 accessit
575 1306 594 1340 ,
641 1267 716 1322 ut
765 1278 903 1322 non
945 1254 1029 1321 de
1081 1254 1338 1323 ratione
1381 1253 1538 1323 belli
1580 1256 1985 1350 cogitarent,
2032 1256 2148 1325 sed
2191 1258 2427 1327 vicisse

269 1358 408 1449 jam
445 1359 572 1428 sibi
615 1359 1019 1428 viderentur.
1074 1362 1232 1429 Non
1268 1360 1361 1429 illi
1402 1363 1809 1455 paucitatem
1863 1376 2249 1432 nostrorum
2306 1366 2428 1432 mi-

277 1463 464 1534 litum
482 1465 529 1553 ¹,
554 1492 692 1535 non
719 1468 1136 1560 iniquitatem
1163 1466 1294 1535 loci
1319 1482 1520 1561 atque
1549 1470 1915 1562 angustiaS‚
1944 1473 2431 1565 praeoccupatis

277 1575 538 1657 castriS,
573 1588 640 1641 et
668 1575 1026 1667 ancipitem
1058 1588 1386 1644 terrorem
1422 1575 1598 1643 intra
1631 1589 1949 1670 extraque
1986 1578 2388 1646 munitiones
2408 1630 2428 1665 ,

274 1703 408 1747 non
435 1680 803 1755 abscissum
832 1682 902 1748 in
928 1681 1094 1749 duas
1120 1696 1344 1776 partes
1355 1682 1755 1765 exercitum,
1777 1708 1983 1775 quum
2012 1682 2220 1751 altera
2238 1682 2429 1753 alteri

173 1904 188 1921 ⁶
273 1902 413 1955 bello
439 1902 544 1954 civ.
577 1902 793 1955 nolebat
827 1901 909 1953 uti
946 1902 1100 1955 lauro
1114 1940 1131 1967 ‚
1159 1902 1310 1973 signo

273 1982 527 2035 victoriae.
545 1982 652 2033 Dio
671 1982 812 2035 Cass·
826 2000 946 2048 xm,
967 1982 1058 2034 52.
1083 1982 1312 2035 Litteras

277 2062 436 2113 etiam
479 2062 729 2128 victoris,
778 2064 1074 2135 praesertim
1116 2063 1311 2133 quibus

275 2142 482 2194 senatui
518 2141 744 2194 victoria
772 2142 1160 2206 nunciabatur,
1189 2143 1310 2194 vul·

275 2240 340 2292 go
372 2223 530 2275 lauro
572 2234 784 2275 ornatas
811 2222 1002 2287 fuisse,
1029 2235 1083 2275 et
1111 2222 1210 2274 hac
1243 2220 1311 2275 de

274 2320 427 2355 causa
455 2302 716 2355 laureatas
747 2300 916 2354 dictas
944 2302 1070 2355 satis
1098 2314 1308 2355 notum.

276 2380 460 2435 Fasces
487 2382 751 2435 laureatos
773 2381 898 2433 vide
921 2382 979 2433 in
1001 2382 1174 2433 Museo
1207 2382 1267 2433 V
1258 2404 1310 2434 e·

280 2466 473 2515 ronensi
514 2460 750 2533 Scipion.
778 2461 993 2526 Mafsei,
1031 2481 1088 2534 p.
1123 2480 1254 2532 117.

357 2551 410 2608 4.
442 2545 693 2612 Perfugoe.
713 2543 982 2596 Labienus
1003 2543 1148 2595 enirn
1165 2581 1182 2606 ,
1211 2541 1308 2595 de-

277 2636 418 2676 serto
449 2623 656 2675 Caesare
672 2661 689 2688 ,
720 2623 999 2676 transierat
1035 2621 1101 2675 ad
1147 2623 1308 2674 Pom-

277 2703 459 2773 peium
476 2740 492 2766 ‚
537 2715 598 2754 ut
645 2705 757 2774 jam
803 2701 1017 2774 pridem
1055 2701 1306 2756 vidimus.

279 2783 390 2837 Cur
407 2783 638 2835 Ursinus
659 2795 712 2834 et
734 2783 1050 2836 Ciacconius
1067 2783 1212 2836 hunc
1233 2783 1312 2835 lo·

279 2883 402 2916 cum
433 2876 752 2933 corruptum
793 2881 903 2915 esse
941 2861 1271 2916 crediderint
1290 2899 1307 2927 ,

279 2963 388 2996 non
417 2941 598 2996 video,
931 2979 940 2986 ·

359 3025 492 3077 Car.
516 3023 744 3076 LXXII.
772 3041 821 3076 1.
848 3023 966 3076 Non
991 3023 1068 3074 illi
1080 3027 1308 3092 paucita-

283 3116 372 3155 tem
391 3115 678 3156 nostrorum.
708 3104 960 3156 Rationes
974 3140 992 3168 ,
1015 3121 1144 3173 quas
1171 3103 1310 3174 obji-

281 3185 352 3236 cit
371 3185 575 3247 Caesar,
589 3195 650 3234 ut
670 3181 876 3236 cladem
895 3196 1132 3248 excuset,
1147 3201 1310 3254 quam

280 3281 564 3335 perpessus
597 3276 703 3326 est,
729 3276 784 3315 et
811 3264 932 3316 velo
960 3263 1132 3316 fallaci
1159 3265 1310 3316 obte-

283 3357 393 3414 gat,
425 3343 654 3395 infirmae
701 3341 992 3395 admodum
1037 3342 1309 3398 videntur.

283 3425 350 3475 Et
393 3424 635 3494 primum
649 3461 668 3488 ,
695 3422 766 3475 de
793 3424 1059 3494 paucitate
1089 3442 1312 3477 suorum

283 3504 552 3574 quer-itum
565 3503 659 3574 qui
677 3515 854 3556 tamen
872 3522 982 3554 non
1001 3502 1136 3556 adeo
1151 3505 1312 3577 pauci

285 3585 530 3649 fuerunt3
557 3601 684 3635 nam
705 3595 760 3635 et
787 3599 963 3636 xxxnl
987 3597 1140 3636 erant
1171 3584 1316 3653 coh.‚

284 3665 414 3730 scil„
426 3676 534 3717 tres
549 3664 814 3734 legiones,
831 3675 1042 3734 tresque
1067 3665 1314 3716 cohortes

284 3761 405 3796 cum
423 3745 682 3815 equitatu.
705 3741 867 3808 Quod
883 3742 956 3808 si,
969 3757 1194 3814 propter
1218 3742 1313 3796 de·

285 3825 642 3876 minutionem
656 3862 672 3888 ,
701 3842 823 3876 cccc
859 3823 1106 3876 homines
1120 3861 1137 3890 ‚
1177 3824 1313 3876 acci·

283 3903 490 3973 piamus
513 3923 618 3974 pro
645 3921 856 3974 quaque
881 3903 1103 3955 cohorte
1116 3941 1132 3970 ,
1151 3902 1314 3956 habe-

285 3984 460 4038 bimus
491 4004 513 4036 1
530 3985 684 4038 3000
709 3983 854 4037 hom.
872 4023 888 4051 ,
905 4000 1028 4036 cum
1059 3983 1316 4053 equitatu.

287 4063 576 4136 Pompeius
607 4076 784 4116 autem
817 4077 982 4116 unam
1015 4075 1225 4116 tantum
1249 4063 1324 4115 le·

286 4142 497 4212 gionem
547 4145 604 4196 in
649 4143 832 4199 castris
873 4144 1136 4209 habebat,
1169 4145 1322 4214 cujus

1401 1902 1599 1956 auxilio
1615 1902 1791 1966 venit,
1812 1920 1934 1954 cum
1953 1920 2061 1955 una
2083 1903 2182 1955 alia
2202 1903 2431 1973 legione,

1400 1982 1512 2035 scil.
1543 1982 1755 2035 circiter
1784 1988 1934 2045 4000
1966 1984 2021 2034 h.
2052 1981 2156 2035 Sed
2187 1984 2429 2054 equitum

1398 2081 1627 2114 numero
1649 2062 1893 2133 superior
1914 2076 2044 2115 erat.
2068 2064 2149 2115 Ita
2170 2063 2333 2133 igitur
2362 2064 2427 2113 ab

1397 2154 1623 2213 utraque
1652 2154 1829 2212 parte,
1851 2144 1969 2212 pari
1994 2144 2105 2194 alea
2131 2156 2428 2214 pugnatum

1397 2233 1493 2275 est.
1520 2222 1663 2274 Tum
1681 2220 1749 2273 de
1767 2225 2019 2291 iniquitate
2040 2223 2156 2285 loci,
2182 2236 2232 2273 et
2250 2242 2430 2292 angru-

1399 2306 1512 2364 tiis;
1546 2314 1601 2355 at
1632 2302 1691 2353 in
1726 2301 1843 2371 ipso
1878 2314 2023 2367 erat,
2047 2314 2107 2354 ut
2148 2302 2287 2355 hanc
2321 2303 2429 2355 ini·

1397 2382 1655 2451 quitatem
1690 2394 1781 2433 aut
1822 2382 2047 2433 omnino
2080 2382 2299 2447 vitaret,
2338 2395 2429 2436 aut

1396 2462 1583 2514 saltem
1643 2461 1949 2532 corrigeret.
2000 2461 2244 2516 Primum
2258 2500 2276 2526 ‚
2308 2482 2429 2516 om·

1395 2560 1490 2594 nes
1511 2543 1670 2595 simul
1690 2541 1939 2594 cohortes
1955 2579 1973 2607 ,
2000 2541 2143 2595 intra
2172 2543 2429 2596 munitio·

1395 2640 1488 2674 nes
1533 2622 1800 2687 hostium,
1830 2639 1949 2691 quae
1980 2635 2217 2691 angusta!
2244 2636 2396 2675 erant
2414 2663 2429 2693 ,

1394 2701 1609 2756 mittere
1670 2720 1781 2754 non
1842 2699 2127 2754 debuisset.
2184 2701 2423 2762 Dimidia

1393 2800 1519 2852 pars
1542 2782 1667 2834 satis
1692 2779 1943 2834 adversus
1966 2798 2129 2834 unam
2158 2782 2427 2853 legionem

1393 2862 1611 2927 fuissem
1630 2860 1762 2915 dum
1792 2863 1957 2914 altera
1994 2881 2117 2932 pars
2162 2881 2304 2934 pone
2342 2862 2425 2914 lo-
2466 2851 2477 2865 ⁸

1393 2953 1510 2994 cata
1530 2943 1615 2995 vel
1636 2939 1935 2996 subsidium
1958 2943 2065 2995 suis
2089 2943 2326 3008 tulisset,
2341 2943 2428 2994 'vel

1392 3016 1669 3092 receptum
1726 3041 1913 3074 eorum
1962 3023 2279 3093 protexisset
2297 3063 2313 3090 ,
2342 3023 2429 3076 vel

1395 3103 1556 3155 etiam
1572 3102 1966 3172 prohibuisset,
1986 3121 2057 3158 ne
2076 3103 2253 3156 hostes
2274 3122 2305 3155 a
2328 3114 2431 3155 ter-

1395 3201 1464 3254 go
1505 3183 1831 3236 Caesarianos
1871 3181 2228 3236 adorirentur.
2263 3183 2429 3234 Dein-

1396 3261 1494 3328 de,
1522 3281 1689 3334 quum
1702 3301 1718 3328 ‚
1742 3263 1979 3333 prorutis
2004 3262 2399 3316 munitionibus
2416 3301 2433 3330 ,

1399 3343 1684 3398 Caesariani
1722 3342 1780 3396 in
1810 3355 1979 3396 castra
2010 3343 2233 3413 ingressi
2272 3354 2397 3394 sunt
2418 3381 2434 3407 ‚

1396 3441 1494 3476 cur
1503 3425 1681 3476 Caesar
1691 3423 1870 3476 statim
1884 3424 2065 3475 multis
2076 3423 2137 3474 in·
2149 3423 2281 3476 locis
2290 3421 2435 3488 valli,

1397 3501 1653 3574 quasdam
1678 3503 2021 3556 subrutiones
2047 3513 2101 3556 et
2122 3502 2434 3572 complana-

1401 3584 1573 3636 tiones
1595 3603 1705 3636 non
1730 3583 1886 3650 fecit,
1908 3599 2027 3652 quae
2054 3582 2164 3634 suis
2196 3582 2435 3652 amplum

1398 3664 1703 3736 proeberent
1720 3661 1925 3714 aditum
1940 3701 1955 3728 ,
1966 3679 2135 3732 quum
2152 3658 2221 3712 ad
2238 3661 2435 3731 ingres·
2474 3729 2478 3735 .

1395 3763 1538 3808 sum,
1552 3756 1669 3795 tum
1688 3741 1755 3794 ad
1780 3740 2157 3812 receptum?--
2170 3741 2349 3792 Altera
2368 3741 2443 3791 ab

1407 3829 1512 3876 teri.
1533 3824 1684 3876 NOSt.
1700 3819 1855 3876 codd.
1869 3860 1886 3887 ‚
1902 3822 2027 3874 alter
2038 3821 2199 3872 alteri.
2220 3822 2291 3872 At
2305 3821 2443 3872 Nor·

1405 3904 1509 3956 vic.
1531 3921 1763 3974 quocum
1776 3901 1979 3954 faciunt
1992 3902 2187 3954 Eliens.
2202 3937 2219 3965 ,
2239 3900 2443 3964 Petam,

1408 3995 1460 4035 et
1474 3983 1676 4036 Lovan.
1705 3981 1878 4036 codd.
1898 4001 1912 4035 ε
1930 3983 2083 4033 altera
2104 3982 2266 4041 alteri,
2279 3999 2443 4054 quam

1409 4062 1699 4115 lectionem
1729 4063 2082 4134 praetulerunt
2103 4062 2440 4115 recentiores.

1413 4142 1563 4194 Alter
1587 4153 1769 4195 tamen
1793 4143 1921 4196 ferri
1940 4155 2143 4216 potest,
2164 4153 2226 4194 ut
2254 4141 2447 4195 refera-

1940 4244 2071 4326 18⁴
