3025 5025
607 465 752 532 DE
796 465 1154 534 BELLO
1211 467 1593 536 CIVILI.
1652 470 1847 540 LIB.
1902 470 1957 540 I.

256 594 328 664 ad
364 595 716 690 parandum
741 594 764 620 ²
793 597 1048 692 exiguae
1067 652 1086 687 ‚
1130 613 1199 668 et
1233 625 1523 695 corpora
1557 602 1819 672 insueta
1857 602 1942 672 ad
1983 627 2187 674 onera
2216 629 2371 700 por-

254 702 446 772 tanda.
485 705 716 798 Itaque
747 729 1030 799 magnus
1053 731 1290 776 eorum
1331 707 1627 800 quotidie
1659 733 1977 780 numerus
2018 710 2107 780 ad
2142 713 2373 783 Caesa-

254 834 376 884 rem
396 809 818 906 perfugiebat.
840 814 923 881 In
947 812 1052 882 bis
1080 827 1225 884 erat
1248 815 1569 908 angustiis
1590 840 1695 884 res
1715 840 1736 903 3
1758 815 1876 885 sed
1902 841 1983 886 ex
2064 819 2375 912 repositis

251 915 504 988 consiliis
560 916 823 988 duobus
871 917 1244 1013 explicitius
1285 919 1674 1011 videbatur,
1717 920 2007 992 Ilerdam
2090 927 2339 994 reverti
2354 977 2375 1012 ‚

252 1021 408 1117 quod
440 1023 527 1093 ibi
554 1023 927 1119 paullulum
967 1025 1288 1098 frumenti
1325 976 1764 1123 reliquerant.
1796 1029 1889 1100 ibi
1930 1055 2001 1100 se
2044 1029 2376 1124 reliquum

249 1128 563 1200 consilium
577 1120 1052 1226 explicaturos⁴
1060 1133 1508 1206 confidebant.
1522 1139 1817 1208 Tarraco
1834 1136 2067 1206 aberat
2078 1135 2371 1231 longius.

247 1261 362 1330 quo
399 1239 606 1333 spatio
644 1237 872 1334 plures
908 1265 1051 1310 rem
1095 1267 1290 1336 posse
1331 1266 1527 1314 casus
1562 1245 1857 1338 recipere
1898 1241 2373 1338 intelligebant.

247 1345 373 1412 Hoc
409 1345 696 1440 probato
741 1346 1018 1420 consilio
1039 1401 1058 1436 ,
1102 1373 1184 1418 ex
1237 1351 1474 1418 castris
1530 1349 2068 1444 proficiscuntur.
2116 1351 2380 1438 Caesar,

244 1452 512 1544 equitatu
550 1455 894 1546 praemisso
911 1509 931 1542 ‚
955 1456 1070 1549 qui
1110 1457 1550 1528 novissimum
1578 1480 1819 1551 agmen
1846 1471 2154 1551 carperet
2178 1470 2377 1550 atque

241 1557 568 1652 impediret
585 1613 606 1648 ,
641 1561 783 1654 ipse
819 1586 975 1630 cum
1005 1560 1377 1657 legionibus
1405 1563 1850 1658 subsequitur.
1876 1561 2155 1634 Nullum
2186 1564 2383 1634 inter-

245 1663 494 1740 cedebat
518 1680 787 1760 tempus
801 1721 822 1756 ,
849 1670 1012 1762 quin
1039 1670 1318 1740 extremi
1349 1695 1506 1738 cum
1540 1671 1871 1764 equitibus
1900 1669 2377 1765 praeliarentur.

332 1774 644 1847 LXXIX.
692 1776 924 1846 Genus
966 1790 1113 1847 erat
1155 1776 1289 1848 hoc
1329 1801 1592 1871 pugnae.
1638 1777 1982 1872 Expeditae
2020 1778 2339 1850 cohortes
2358 1774 2379 1799 ¹

241 1880 654 1950 novissimum
699 1904 942 1976 agmen
975 1881 1410 1972 claudebant3
1445 1882 1865 1978 pluriesque²
1899 1885 1969 1954 in
2016 1882 2177 1954 locis
2208 1907 2385 1967 eam-

241 1987 549 2078 pestribus
578 1988 1048 2060 subsistebant.
1091 1990 1162 2060 Si
1193 2015 1387 2060 mons
1425 2004 1572 2060 erat
1604 1989 2109 2065 adscendendus
2131 2045 2151 2080 ,
2186 1988 2381 2062 facile

243 2091 369 2184 ipsa
398 2091 525 2162 loci
563 2107 808 2162 natura
836 2095 1210 2190 periculum
1238 2091 1603 2193 repellebat
1620 2150 1639 2185 ,
1675 2097 1859 2191 quod
1893 2121 1978 2166 ex
2008 2097 2171 2168 locis
2198 2121 2385 2192 supe-

2222 493 2363 569 ¹07

237 2296 476 2370 quilihra,
496 2310 560 2352 ut
583 2298 784 2351 nostris
805 2299 1092 2365 militibus,
1123 2317 1258 2372 opus

237 2371 415 2430 fuisse.
443 2379 670 2431 minime
698 2378 876 2431 cred0.
905 2379 1044 2431 Nam
1069 2399 1133 2432 ex
1152 2379 1258 2431 Po·

239 2453 374 2527 lybio
400 2459 553 2512 miles
585 2458 814 2531 quisque
848 2437 1079 2513 habebat
1110 2460 1259 2513 attici

239 2535 478 2595 medimni
521 2538 659 2594 duas
700 2558 730 2591 e
769 2539 940 2595 tribus
979 2538 1258 2612 partibus,

237 2634 319 2671 seu
356 2632 587 2691 quatuor
638 2618 849 2673 modios
896 2620 955 2673 in
1001 2640 1255 2675 mensem.

237 2694 392 2751 Porro
436 2698 608 2755 modii
657 2717 716 2752 ιν
761 2699 1002 2754 efficiunt
1055 2701 1127 2755 38
1176 2701 1257 2755 lit.

238 2781 302 2843 44
344 2798 392 2831 c.
437 2780 494 2833 in
536 2798 793 2833 mensem.
830 2783 900 2833 At
937 2798 1040 2852 pro
1067 2779 1260 2835 diebus

234 2876 364 2926 1¹11,
401 2862 470 2913 28
508 2859 546 2913 l.
581 2860 814 2916 circiter.
847 2860 980 2925 Quoe
1009 2878 1260 2915 mensura

232 2956 334 2991 non
356 2938 524 2996 efficit
553 2938 906 3032 quadraginta
931 2940 1093 2993 libras
1113 2959 1127 2993 :
1147 2960 1259 2995 sar-
1341 2942 1567 3011 iectura,
1585 2940 1891 2995 emendavit
1901 2942 2197 3014 pluriesque,
2219 2942 2386 2995 fretus

227 3018 338 3073 cina
373 3021 591 3076 romani
629 3020 814 3075 militis
853 3019 1143 3092 aliquando
1183 3025 1256 3086 84
1349 3022 1662 3076 auctoritate
1688 3021 2385 3088 A.G011.,Noct.Attio.‚

229 3098 339 3154 libr.
373 3099 682 3173 superabat.
1343 3101 1440 3155 lib.
1473 3121 1537 3166 ν,
1568 3120 1615 3155 c.
1649 3102 1773 3166 ult„
1816 3103 1912 3173 qui
1944 3114 2133 3155 testem
2166 3102 2390 3155 adhibet

302 3200 354 3235 α.
375 3180 776 3251 Adparandum.
793 3178 968 3235 codd.
993 3198 1180 3235 omnes
1193 3181 1267 3235 ad
1347 3180 1634 3247 Catonem,
1660 3196 1715 3235 et
1742 3182 1913 3236 Plaut.
1938 3183 1995 3237 in
2020 3184 2165 3237 Pers.
2196 3202 2287 3249 ιν,
2315 3183 2385 3247 3,

223 3262 516 3331 prandium5
503 3257 635 3313 ·sed
659 3258 935 3313 subaudiri
957 3274 1134 3332 potest
1142 3262 1261 3327 fru-
1351 3262 1444 3317 65.
1462 3262 1531 3315 Iu
1544 3220 1873 3316 editionibus
1886 3263 2095 3335 primis,
2109 3276 2163 3316 et
2176 3263 2387 3327 Ποῖ-πμ,

232 3354 465 3403 mentum:
487 3352 543 3393 et
565 3340 705 3396 hanc
729 3340 1012 3397 lectionem
1027 3343 1259 3413 praetuli.
1348 3355 1428 3399 est
1459 3344 1771 3415 pluresque...
1814 3343 2131 3404 sustinebant,
2172 3341 2230 3395 id
2274 3355 2385 3405 est,

303 3422 357 3475 3.
385 3420 624 3476 Ilerdam.
656 3420 917 3476 Nonnulli
941 3421 1012 3473 ad
1028 3422 1256 3477 Ilerdam.
1347 3422 1595 3493 pluribus
1638 3442 1792 3495 pares
1844 3436 2013 3476 erant.
2070 3423 2195 3475 Non
2246 3422 2387 3479 mule

1345 3515 1525 3569 certe,
1556 3516 1609 3557 et
1640 3504 1778 3556 forte
1808 3504 1999 3556 melius
2031 3520 2195 3573 quam
2220 3502 2383 3557 lecti·

1345 2299 1416 2352 de
1449 2299 1684 2354 exercitu
1708 2301 1952 2368 Afranii,
1986 2304 2138 2373 cujus
2172 2303 2351 2356 Caesar
2366 2342 2386 2370 ‚

1345 2397 1470 2432 cum
1501 2380 1740 2451 equitatu
1780 2399 1877 2433 suo
1893 2419 1909 2445 ,
1953 2393 2250 2433 extremum
2294 2401 2384 2452 ag·

1346 2479 1471 2513 men
1501 2461 1743 2514 vexabat.
1784 2458 2062 2532 Expedita
2093 2461 2259 2533 igitur
2285 2479 2383 2514 co-

1345 2540 1529 2595 hortes
1558 2553 1683 2593 sunt
1710 2541 2039 2605 Afraniana,
2063 2551 2116 2593 et
2141 2552 2385 2612 pugnant

1345 2634 1533 2676 contra
1548 2621 1847 2691 equitatum
1866 2620 2226 2673 cosarianum
2241 2638 2259 2686 3
2279 2621 2386 2673 hoc

1345 2700 1492 2755 euim
1522 2700 1796 2771 sequentia
1820 2701 1944 2753 satis
1972 2700 2261 2753 illustrant·

1433 2800 1484 2833 2.
1515 2782 1818 2853 Plau-usque.
1846 2780 2049 2833 Omnes
2078 2778 2238 2834 codd.
2266 2780 2386 2851 plu-

1347 2880 1533 2933 resque.
1569 2860 1831 2933 Scaliger,
1873 2880 1937 2914 ex
1974 2859 2222 2914 Ciaoeon.
2254 2880 2385 2913 con-

303 3510 356 3567 4.
377 3500 751 3571 Explicatur-os.
769 3500 1048 3559 Editiones
1075 3502 1262 3575 priscae

229 3581 419 3635 habent
445 3581 735 3651 expleturos.
773 3582 1020 3637 Ciaccon.
1054 3582 1262 3654 primus

229 3662 579 3734 explicaturos,
635 3678 754 3732 quse
806 3662 967 3719 lectio
1015 3660 1264 3716 firmatur

231 3743 542 3799 auctoritate
556 3738 718 3795 codd.
739 3756 1047 3798 nostrorum
1070 3754 1125 3797 et
1147 3742 1262 3797 Ou-

229 3818 734 3894 dendorpianorum.

307 3903 434 3957 (Συ.
470 3902 724 3955 LXXIX.
780 3921 830 3955 1.
875 3902 1140 3973 Expedita
1179 3922 1262 3957 00-

235 3983 398 4039 kortes.
425 3982 575 4035 Male
605 3994 658 4038 et
682 3994 868 4037 contre
899 4002 1114 4041 sensum
1138 3984 1264 4037 Rel-

233 4062 430 4121 lienum
459 4074 638 4123 totum
674 4062 779 4118 hoc
809 4076 970 4135 caput
999 4065 1164 4119 refert
1194 4062 1263 4119 ad

237 4144 473 4201 cohortes
507 4142 859 4210 Caesarianas
903 4144 962 4203 h.
1006 4144 1044 4199 l·
1087 4144 1264 4216 aginat

1341 3582 1553 3653 pluries,
1590 3600 1752 3653 quem
1781 3584 1961 3642 nullus
1994 3582 2231 3653 agnoscit
2259 3579 2384 3633 cod.

1350 3662 1567 3717 Plenius
1594 3674 1772 3715 tamen
1797 3663 2087 3734 legeretur,
2121 3680 2185 3714 ex
2218 3662 2384 3715 Bent-

1347 3741 1440 3797 lcii
1485 3744 1789 3814 conjectura
1803 3781 1821 3808 ,
1864 3744 2123 3813 pluresque
2182 3745 2384 3813 impetus

1346 3822 1647 3877 ..sustinebam
1666 3842 1685 3875 .·
1712 3841 1837 3875 nam
1853 3860 1871 3887 ,
1899 3834 1961 3874 ut
1980 3824 2092 3892 jam
2120 3821 2384 3887 diximus,

1349 3902 1462 3958 fere
1483 3921 1719 3973 semper,
1739 3914 1799 3955 et
1812 3900 1959 3973 apud
1980 3915 2108 3956 vett.
2121 3942 2136 3970 ,
2162 3914 2219 3956 et
2239 3901 2385 3975 apud

1349 3982 1697 4047 recentiores,
1730 3980 1999 4053 peditatus
2024 3984 2297 4039 confertus
2332 3996 2388 4036 et

1349 4076 1493 4116 recte
1530 4060 1819 4135 dispositus
1834 4103 1852 4133 ,
1872 4064 1961 4117 vel
1987 4064 2047 4117 in
2072 4082 2263 4137 eampo
2290 4082 2383 4136 pa-

1353 4156 1498 4199 tente
1511 4184 1529 4214 ,
1550 4143 1811 4215 equitatui
1834 4156 2063 4217 prostat.
