3025 5025
609 479 762 565 234
907 484 985 552 C.
1039 480 1324 553 JULII
1380 480 1850 548 CAESARIS
1904 480 2459 548 COMMENT.

609 637 712 699 se,
759 614 960 684 domo
999 615 1344 709 patriaque
1381 612 1729 716 expulsos,
1774 612 2083 682 omnibus
2118 614 2524 682 necessariis
2572 638 2765 709 egere

607 721 932 809 rebus,ut
953 722 1236 790 honesta
1260 721 1767 816 praescriptione
1794 743 1937 788 rem
1962 721 2415 814 turpissimam
2442 735 2760 815 tegerent.

609 828 1042 898 Accedebant
1058 827 1144 896 ad
1161 827 1306 900 haec
1327 829 1734 924 gravissimas
1755 851 1999 914 usurae,
2012 827 2193 920 quod
2210 829 2281 894 in
2293 825 2469 896 bello
2489 826 2767 921 plerum·

610 959 741 1029 que
763 934 1065 1006 accidere
1089 937 1466 1023 consuevit,
1481 936 1806 1006 universis
1828 935 2169 1028 imperatis
2187 934 2511 1028 pecuniis:
2529 934 2767 1028 quibus

611 1043 680 1109 in
718 1042 920 1110 rebus
949 1040 1395 1137 prolationem
1423 1041 1555 1112 diei
1582 1040 2013 1111 donationem
2033 1027 2058 1072 ⁴
2086 1065 2229 1110 esse
2262 1040 2593 1109 dicebant.
2627 1044 2767 1109 Ita-

614 1173 744 1241 que
765 1174 852 1218 aes
877 1148 1164 1217 alienum
1187 1150 1548 1242 provinciae
1567 1173 1649 1218 eo
1671 1148 1940 1218 biennio
1964 1145 2478 1242 multiplicatum
2501 1161 2621 1216 est.
2638 1150 2769 1217 Ne-

614 1280 744 1348 que
772 1257 994 1324 minus
1025 1255 1114 1324 ob
1147 1279 1296 1326 eam
1327 1280 1598 1327 causam
1627 1255 1884 1324 civibus
1919 1257 2213 1324 romanis
2239 1255 2383 1347 ejus
2410 1254 2772 1348 provinciae

617 1352 782 1450 [sed
810 1354 834 1453 ]
880 1365 950 1430 in
988 1361 1284 1456 singulos
1329 1377 1699 1432 conventus
1711 1347 1753 1448 ⁵„
1766 1359 2189 1456 singulasque
2226 1363 2531 1430 civitates
2576 1375 2773 1430 certae

614 1471 916 1561 pecuniae
976 1470 1481 1564 imperabantur
1503 1524 1525 1557 ‚
1590 1484 1989 1562 mutuasque
2050 1467 2195 1536 illas
2238 1493 2319 1536 ex
2362 1470 2425 1536 S.
2474 1469 2551 1536 C.
2601 1468 2769 1562 exigi

615 1572 1056 1645 dictitabant:
1091 1575 1503 1671 publicaniS‚
1544 1579 1643 1644 uti
1680 1578 1749 1644 in
1796 1575 1985 1669 Syria
2031 1574 2332 1644 fecerant
2366 1575 2773 1668 insequentis

611 1684 768 1750 anni
803 1682 1087 1778 vectigal
1123 1698 1580 1777 promutuum.

617 1865 804 1918 furtim
827 1878 1042 1918 exactor
1073 1865 1302 1936 publicis
1333 1865 1547 1917 tributis
1590 1863 1659 1917 ad

619 1965 768 1997 suam
782 1946 1066 1998 utilitatem
1077 1945 1501 2016 superimposuit
1512 1963 1663 2015 ;pro-

623 2025 742 2095 prie
761 2023 820 2078 id
838 2023 984 2096 quod
995 2026 1142 2095 justo
1164 2022 1396 2097 ponderi
1414 2023 1633 2076 additur
1643 2043 1659 2091 3

621 2099 777 2174 (gall.
803 2105 1127 2176 supplement,
1153 2117 1265 2158 tout·
1291 2105 1353 2156 de
1378 2106 1527 2157 ba‘ton
1538 2101 1578 2168 ).

706 2191 738 2248 4
749 2226 762 2238 .
777 2186 1108 2238 Prolationem
1123 2185 1222 2238 diei
1239 2186 1547 2238 donationem
1564 2205 1663 2236 esse

625 2264 866 2318 dicebant.
883 2265 954 2318 Et
967 2266 1141 2338 reipsa
1156 2306 1171 2333 ,
1185 2267 1242 2318 in
1267 2267 1362 2319 tali
1383 2266 1661 2337 re‚prola-

626 2345 704 2398 tio
735 2346 821 2398 vel
856 2344 961 2399 diei
997 2343 1156 2399 unius
1187 2345 1504 2398 donativum
1550 2359 1666 2399 erat

625 2423 844 2496 aliquod
861 2465 877 2495 ,
919 2426 1128 2497 insigne
1180 2446 1380 2479 munus
1455 2427 1665 2478 miseris

624 2505 1048 2561 concedendum.
1061 2508 1187 2561 Non
1203 2507 1328 2561 satis
1338 2507 1525 2561 mirari
1538 2526 1664 2578 pos·

625 2605 744 2641 sum
778 2586 1040 2641 Caesarem
1071 2589 1146 2641 ita
1181 2600 1364 2659 aperte
1392 2586 1459 2639 de
1483 2606 1663 2640 roma-

625 2665 710 2719 nis
753 2666 1035 2721 fraudibus
1077 2667 1421 2738 infandisque
1461 2668 1665 2723 artibus

625 2748 893 2813 locutum
924 2760 979 2800 et
1009 2748 1209 2800 mirum
1239 2767 1364 2801 sane
1407 2762 1486 2801 est
1534 2766 1663 2819 pro-

626 2826 898 2894 vinciales,
919 2828 965 2881 si
995 2827 1214 2900 quando
1240 2829 1353 2881 haec
1387 2826 1635 2881 audirent
1654 2868 1669 2893 ,

624 2926 738 2959 non
753 2945 770 2972 ,
797 2908 1045 2961 omnium
1076 2909 1212 2961 facta
1241 2908 1666 2981 conspiratione,

631 2986 1024 3041 consurrexisse
1042 3026 1060 3052 ‚
1105 3001 1160 3041 et
1215 2988 1273 3040 in
1325 2990 1439 3060 ipsa
1483 2991 1668 3041 Romae

628 3067 826 3119 moenia
849 3067 1053 3119 bellum
1078 3067 1216 3121 illud
1239 3070 1502 3140 rejecisse,
1520 3068 1667 3139 quod

628 3146 776 3199 illius
805 3148 960 3199 furor
990 3148 1258 3219 impotens
1300 3150 1358 3201 in
1402 3162 1669 3202 exn-emos

633 3240 899 3279 terrarum
913 3226 1050 3280 fines
1073 3230 1240 3283 veluti
1261 3230 1667 3300 contorquebat.

719 3306 773 3360 5.
797 3309 860 3361 In
881 3309 1099 3378 singulos
1129 3323 1400 3363 conventus.
1430 3312 1511 3362 De
1538 3328 1669 3361 con·

631 3388 878 3441 ventibus
893 3388 1094 3443 civium
1109 3409 1460 3443 romanorum
1477 3390 1535 3441 in
1547 3408 1673 3459 pro·

629 3468 820 3521 vinciis
843 3470 1116 3523 multoties
1151 3474 1258 3541 jam
1287 3468 1500 3541 pridem
1530 3468 1671 3523 dixi-

631 3567 768 3601 mus.
784 3580 867 3595 ·---
880 3550 968 3601 Ex
982 3550 1036 3603 S.
1057 3550 1120 3603 C.
1139 3548 1314 3604 Codd.
1331 3551 1442 3603 fere
1464 3568 1671 3619 omnes,

630 3649 692 3681 ex
732 3629 820 3680 illo
855 3650 907 3681 se
943 3630 1162 3681 consulto
1177 3668 1192 3688 ,
1220 3631 1314 3682 uhi
1355 3643 1673 3702 corruptum

630 3708 794 3763 fuisse
812 3711 1156 3763 manifestum
1182 3724 1262 3763 est
1288 3711 1399 3762 illas
1431 3732 1492 3761 ex
1523 3711 1583 3764 S.
1608 3710 1668 3765 C.

629 3822 704 3833 —
727 3790 816 3841 Uti
836 3794 886 3841 in
911 3789 1062 3860 Syria
1079 3793 1320 3856 ficet-ant.
1338 3792 1571 3863 Vulgata
1600 3796 1674 3843 uti

633 3874 684 3921 in
712 3881 839 3921 sorte
855 3872 1081 3937 fecerant
1094 3910 1112 3934 ,
1143 3870 1291 3942 quod
1319 3872 1531 3925 nullum
1561 3871 1673 3925 fere

632 3968 848 4003 sensum
861 3950 1023 4002 offert
1037 3969 1053 4017 3
1069 3950 1214 4005 unde
1232 3952 1504 4024 ingeniosa
1520 3952 1563 4004 F
1566 3970 1675 4005 aer-

635 4029 693 4080 ni
707 4068 723 4097 ,
739 4030 1014 4083 Ciacconii
1039 4045 1092 4085 et
1119 4031 1443 4105 Glandorpii
1469 4035 1675 4103 conjec-

636 4121 760 4161 tura
778 4149 794 4177 ,
821 4122 876 4161 ut
903 4129 956 4162 m
986 4110 1138 4183 Syria
1150 4115 1392 4181 ficet-ant.
1421 4112 1675 4166 Vidimus

636 4190 810 4263 capite
839 4190 1164 4263 pracedenti
1205 4214 1236 4249 a
1279 4193 1531 4266 Scipione
1574 4193 1675 4265 Sy-

1748 1863 1886 1916 riam
1911 1862 2219 1918 derelictam
2233 1901 2249 1927 ‚
2259 1875 2377 1934 post
2391 1882 2595 1932 magnas
2608 1867 2779 1916 civita-

1751 1945 1877 1997 tibus
1905 1946 2213 2015 tyr-annisque
2238 1946 2494 2013 imperatas
2511 1948 2743 2014 pecunias
2761 1963 2780 1996 .·

1748 2038 1805 2078 et
1828 2024 1935 2076 hoc
1964 2025 2087 2076 loco
2106 2061 2123 2090 ‚
2154 2024 2210 2074 in
2238 2023 2362 2075 Asia
2392 2024 2605 2076 minore
2636 2024 2781 2075 simi·
2855 2055 2860 2059 -

1748 2106 1888 2157 liter.
1912 2104 2005 2156 Nil
2034 2116 2214 2156 tamen
2246 2115 2590 2157 mutaverunt
2616 2105 2783 2156 inter-

1748 2196 1943 2257 pretes.
1967 2183 2213 2236 Davisius
2227 2185 2451 2256 putabat
2464 2171 2679 2254 Syriam
2698 2202 2785 2254 ap·

1749 2264 1940 2337 pellari
1965 2264 2168 2326 Sortem,
2182 2264 2305 2335 quia
2332 2264 2569 2334 Scipioni
2595 2263 2784 2316 sortito

1750 2347 2059 2400 obvenerat.
2076 2345 2285 2396 Durum
2301 2345 2405 2396 hoc
2416 2383 2433 2408 ,
2450 2342 2601 2397 addit
2612 2343 2783 2396 Ober-

1750 2426 1920 2491 linus3
1938 2437 1992 2477 et
2010 2425 2183 2496 reipsa
2201 2422 2567 2478 durissimum.
2584 2425 2786 2476 Totum

1754 2521 1931 2561 autem
1952 2506 2058 2559 hoc
2084 2518 2243 2577 caput
2266 2504 2675 2577 magistratuum
2693 2502 2785 2557 ad·

1753 2588 2287 2657 ministrator-umque
2310 2583 2481 2638 labori
2515 2598 2568 2638 et
2593 2586 2786 2656 vigiliis

1752 2664 2178 2740 permittendum
2222 2671 2498 2719 censemus
2515 2705 2532 2732 ‚
2566 2678 2621 2717 et
2664 2684 2786 2717 cum

1754 2748 1849 2800 illo
1878 2748 2038 2800 tertio
2061 2746 2188 2799 belli
2216 2745 2618 2817 Peloponesiaci
2648 2746 2787 2797 libro

1754 2826 2170 2895 conferendum,
2200 2846 2308 2898 quo
2338 2823 2692 2897 Thucydides
2722 2827 2789 2877 ci-

1754 2908 1945 2961 vilium
1976 2907 2243 2960 bellorum
2266 2906 2592 2959 calamitates
2620 2906 2696 2957 ita
2725 2903 2787 2957 ad

1754 2988 1943 3040 vivum
1964 2986 2237 3058 depinxit,
2260 2999 2350 3052 ut,
2380 3005 2549 3059 quum
2576 2986 2663 3037 vir
2692 2986 2790 3038 cla·

1755 3069 1995 3121 rissimus
2011 3104 2027 3133 ,
2079 3069 2172 3119 ΤΙι.
2212 3067 2437 3130 Hobbes‚
2480 3066 2625 3119 cives
2670 3084 2789 3119 suos

1758 3166 1785 3199 a
1833 3147 1995 3201 simili
2043 3147 2225 3199 furore
2276 3146 2545 3199 deterrere
2590 3147 2751 3199 vellet
2772 3183 2787 3209 ‚

1756 3228 1893 3281 nihil
1926 3227 2192 3281 efficacius
2222 3226 2603 3280 existimaverit
2631 3244 2787 3298 quam

1758 3326 1974 3363 omnem
2036 3306 2373 3379 Thucydidis
2424 3307 2710 3359 historiam
2760 3322 2788 3357 e

1759 3408 1929 3461 graeco
1949 3390 2005 3441 in
2035 3389 2302 3461 anglicum
2319 3388 2625 3440 transferre.
2642 3385 2788 3440 Adeo

1758 3488 1947 3523 verum
1978 3482 2058 3523 est
2089 3468 2303 3522 eosdem
2327 3487 2467 3537 esse,
2488 3468 2641 3519 omni
2669 3478 2787 3519 aeta·

1761 3562 1831 3616 te,
1845 3550 2130 3603 hominum
2139 3568 2334 3613 morem,
2348 3547 2537 3601 eadem
2550 3548 2760 3621 ingenia
2774 3546 2786 3598 Ξ

1760 3662 1842 3673 -
1882 3631 2215 3683 Pmmutuum.
2267 3630 2459 3683 Mutua
2518 3629 2745 3699 pecunia
2772 3644 2789 3690 ;

1762 3709 1925 3765 Scaev.
1945 3711 1983 3764 l.
2013 3705 2169 3775 40‚§
2197 3710 2261 3773 3,
2297 3708 2364 3762 de
2399 3710 2528 3762 Stat.
2542 3709 2639 3761 lib.
2656 3708 2715 3759 in
2729 3708 2786 3759 P.

1762 3791 1901 3856 Alii,
1928 3810 2022 3862 pro
2062 3804 2251 3855 mutua,
2284 3789 2432 3861 quod
2477 3788 2711 3842 Cellario
2740 3798 2791 3838 et

1762 3872 2031 3936 Gesnero‚
2049 3872 2108 3924 in
2120 3872 2280 3924 Thes.
2306 3871 2419 3937 lat„
2435 3868 2501 3922 ad
2513 3870 2569 3923 h.
2580 3890 2653 3932 v.,
2680 3868 2789 3941 pla·

1762 3950 1910 4019 cuit;
1954 3950 2145 4005 eodem
2187 3963 2365 4004 tamen
2414 3969 2586 4004 sensu.
2638 3946 2789 4001 Idem

1762 4034 1903 4086 valet
1930 4045 2265 4109 promutuum,
2304 4030 2478 4105 quod,
2514 4049 2629 4103 cap.
2656 4044 2788 4099 prae·

1764 4112 1972 4166 cedenti
1995 4151 2011 4180 ,
2034 4161 2045 4172 ,
2061 4112 2268 4167 dixerat
2287 4152 2304 4179 ,
2338 4114 2624 4185 insequentis
2676 4108 2792 4159 anni

1765 4206 1978 4251 mutuam
1983 4207 2297 4269 preceperat.
2312 4191 2459 4251 Vide
2480 4189 2548 4247 de
2560 4192 2663 4247 isto
2670 4205 2789 4260 pro·

2994 3752 2999 3841 ———
2990 3508 2999 3739 ..-..------Δ
2996 3468 2999 3492 -Ᾰ
2995 3336 2999 3447 ,..-.....,.,,
2996 3290 2999 3318 -.
2996 3194 2999 3201 ,
