3025 5025
1000 473 1728 543 HISPANIENSI.
2286 466 2431 541 533

288 615 484 688 sunt,
525 605 1088 699 appropinquavit
1108 662 1127 693 ‚
1168 632 1382 702 neque
1404 660 1423 693 ‚
1463 622 1541 676 ut
1584 591 1759 701 ipse⁴
1778 602 2023 693 voluit,
2066 596 2436 697 equitatum

285 705 414 775 sibi
451 710 757 802 praesidio
791 711 1042 780 habuit.

401 816 528 883 ΙΙΙ.
587 819 752 885 Erat
805 816 978 886 idem
1013 820 1352 913 temporis
1404 821 1550 887 Sex.
1598 818 1953 913 Pompeius
2018 815 2223 885 frater
2253 872 2271 905 ‚
2324 818 2437 911 qui

291 944 449 989 cum
493 922 800 1015 praesidio
847 924 1234 993 Cordubam
1277 925 1549 994 tenebat
1570 978 1589 1013 ,
1642 926 1823 1020 quod
1878 924 2019 1017 ejus
2081 926 2441 1018 provinciae

293 1042 500 1119 caput
541 1052 681 1098 esse
709 1031 1248 1102 existimabatur:
1283 1034 1422 1126 ipse
1461 1046 1684 1101 autem
1726 1034 1848 1100 Cn.
1889 1031 2243 1124 Pompeius
2281 1028 2439 1097 ado-

293 1130 550 1203 lescens
593 1135 852 1205 Uliam¹
883 1137 1206 1232 oppidum
1243 1137 1678 1234 oppugnabat
1702 1192 1721 1225 ‚
1744 1152 1813 1207 et
1847 1137 1985 1205 fere
2017 1137 2156 1229 jam
2192 1135 2443 1229 aliquot

295 1241 634 1310 mensibus
661 1242 753 1310 ibi
781 1242 1217 1313 detinebatur.
1257 1247 1414 1334 Quo
1445 1270 1527 1313 ex
1559 1246 1844 1339 oppid0‚
1868 1244 2139 1338 cognito
2164 1244 2443 1312 Caesaris

296 1344 620 1434 adventu,
664 1347 904 1443 legati,
940 1350 1112 1420 clam
1163 1352 1466 1446 proesidia
1485 1349 1505 1375 ²
1554 1354 1676 1420 Cn.
1724 1352 2067 1445 Pompeii,
2110 1351 2443 1418 Caesarem

295 1476 503 1546 quum
551 1454 873 1544 adissent,
917 1471 1144 1551 petere
1186 1471 1536 1553 coeperunt
1557 1512 1576 1545 ,
1632 1474 1711 1528 ut
1754 1457 1873 1526 sihi
1918 1458 2139 1551 primo
2180 1480 2445 1550 quoque

295 1572 598 1654 tempore
641 1563 1006 1632 subsidium
1059 1565 1368 1633 mitteret.
1423 1568 1649 1634 Caesar
1688 1589 1834 1633 eam
1873 1565 2207 1631 civitatem
2262 1562 2446 1629 omni

295 1679 600 1762 tempore
643 1671 894 1764 optime
929 1670 1012 1738 de
1049 1696 1138 1763 po
1187 1669 1301 1738 ulo
1347 1694 1627 1741 romano
1670 1671 1973 1739 meritam
2019 1693 2159 1738 esse
2194 1670 2405 1737 sciens
2426 1721 2446 1755 ‚

298 1770 601 1843 celeriter
649 1777 748 1843 VI
805 1776 1116 1847 cohortes
1199 1776 1491 1847 secunda
1551 1775 1779 1871 vigilia
1823 1776 2015 1869 jubet
2071 1773 2400 1870 proficisci
2427 1824 2453 1859 ,

297 1881 572 1975 parique
625 1884 881 1975 equites
921 1908 1202 1953 numero
1240 1910 1256 1951 τ
1302 1884 1543 1979 quibus
1588 1883 1887 1979 praefecit
1927 1884 2267 1951 hominem
2307 1882 2447 1973 ejus

295 1988 658 2080 provinciae
707 2003 943 2059 notum
963 2044 984 2078 ,
1034 2005 1102 2059 et
1139 2016 1274 2059 non
1331 2015 1572 2086 parum
1616 1992 1933 2059 scientem
1969 2044 1987 2075 ‚
2051 1992 2127 2057 L.
2174 1989 2447 2056 sunium

295 2094 666 2163 Pacieoum.
709 2096 846 2183 Qui
887 2122 1093 2190 quum
1138 2097 1222 2165 ad
1265 2100 1390 2167 Cn.
1436 2099 1735 2191 Pompeii
1777 2096 2095 2191 praesidia.
2124 2096 2413 2163 venisset
2431 2146 2451 2181 ‚

295 2199 532 2269 incidit
563 2201 744 2269 idem
787 2204 1143 2297 temporiS‚
1171 2218 1250 2273 ut
1285 2217 1679 2298 tempestate
1713 2203 1995 2272 adversa
2027 2202 2453 2269 vehementi-

293 2331 426 2400 que
455 2322 658 2378 vento
701 2308 1137 2377 afflictaretur
1157 2296 1180 2339 ⁶
1209 2334 1224 2375 :
1265 2333 1462 2403 quem
1497 2311 1599 2377 vis
1638 2309 2049 2402 tempestatis
2090 2309 2183 2375 ita
2210 2306 2451 2375 obscu-

295 2412 520 2501 rabat,
555 2429 633 2483 ut
673 2416 788 2482 vix
824 2417 1206 2509 proximum
1253 2438 1615 2535 agnoscere
1651 2428 1919 2509 posset:
1964 2413 2153 2505 cujus
2198 2414 2451 2487 incom-

299 2519 580 2590 modum
617 2545 946 2591 summam
983 2520 1380 2591 utilitatem
1363 2525 1519 2616 ipsis
1554 2522 1913 2616 praebebat.
1929 2525 2092 2649 ⁵Ita,
2128 2544 2335 2612 quum
2370 2518 2455 2586 ad

296 2651 452 2696 eum
509 2626 732 2698 locum
767 2644 1141 2715 venerunt,
1183 2629 1375 2721 jubet
1413 2629 1605 2698 binos
1658 2611 1949 2722 equites-⁵
2000 2626 2345 2712 incedere,
2390 2638 2458 2692 et

384 2840 438 2897 4.
465 2833 664 2906 Neque,
689 2846 746 2886 ut
783 2837 894 2906 ipse.
935 2835 1116 2906 Vulgo
1153 2847 1336 2908 atque,
1433 2845 1508 2886 tus
1527 2874 1543 2896 ‚
1572 2855 1784 2908 quemm.
1810 2833 1947 2906 iHaec
1970 2845 2092 2884 sunt
2116 2833 2277 2884 verba
2310 2829 2461 2886 oud.

197 2957 204 2962 ,
298 2925 357 2965 ut
373 2916 502 2984 ipse,
527 2927 712 2966 contra
729 2915 895 2966 libros
908 2915 1079 2966 bonos
1099 2927 1150 2968 et
1173 2915 1340 2987 ipsam
1430 2916 1525 2985 qui
1568 2923 1690 2966 fnox
1739 2913 1942 2965 mavult
1980 2931 2162 2983 posses.
2205 2912 2281 2964 M.
2319 2911 2460 2976 Quia

295 3011 434 3046 rem.
456 2991 535 3045 M.
558 2993 744 3045 Nostri
764 2991 922 3047 codd.
936 2993 1096 3065 V.ulg
1121 2995 1338 3048 habent.
1431 2994 1681 3046 Dorvillii
1708 2991 1871 3045 codex
1895 2992 2056 3044 habet
2076 2995 2247 3062 possis.
2277 2991 2459 3061 Vulgo

383 3074 519 3126 Cu.
539 3073 643 3125 111.
661 3092 712 3126 1.
739 3073 924 3127 Uliam.
941 3073 1028 3125 Sic
1048 3075 1168 3126 NN.
1197 3088 1250 3127 et
1265 3075 1342 3127 la·
1429 3075 1625 3144 legitur
1657 3085 1835 3144 posset.
1864 3073 1928 3123 In
1956 3072 2086 3124 locis
2110 3069 2242 3124 adeo
2272 3086 2460 3122 corru-

299 3151 479 3226 pides.
501 3153 706 3206 Contra
735 3151 918 3206 codd.
925 3154 1065 3206 male
1103 3154 1286 3208 Ullam.
1430 3155 1539 3226 ptis
1551 3151 1807 3226 sequendi
1820 3164 1943 3212 sunt
1955 3150 2461 3222 codices,quantum

389 3252 444 3285 α.
483 3231 627 3284 Clam
650 3234 904 3303 proesidia.
935 3233 1023 3286 Sic
1057 3232 1283 3306 Scaliger
1315 3254 1344 3286 e
1431 3246 1639 3307 potest,
1667 3232 1912 3285 maxime.
1942 3231 2043 3283 On.
2068 3232 2262 3284 Noster
2292 3228 2461 3282 codex

303 3309 466 3366 codd.
497 3311 585 3364 Sic
623 3325 676 3364 et
708 3313 929 3366 Plautus
957 3326 1009 3366 et
1042 3313 1344 3368 Terentius.
1434 3315 1497 3366 R.
1528 3313 1678 3384 5764
1703 3331 1717 3366 ε
1738 3313 2089 3384 afflictaretur:
2116 3331 2223 3382 qua·
2244 3313 2323 3361 vis
2342 3322 2462 3360 tem·

300 3392 410 3445 Alii
432 3393 685 3462 pru-sidia.
711 3391 861 3445 Nihil
883 3406 1050 3446 muta.
1427 3401 1633 3464 pestatis
1673 3399 1742 3444 ita
1764 3391 1773 3398 ⁸
1795 3391 2097 3444 obscurabat.
2140 3391 2289 3442 Alter
2334 3397 2463 3442 ve‘ro

391 3473 446 3524 3.
479 3473 538 3522 V
531 3473 566 3524 Ι
579 3473 812 3525 cohortes.
847 3473 934 3526 sic
961 3472 1122 3527 codd.
1143 3486 1196 3526 et
1221 3471 1344 3526 edd.
1439 3474 1591 3543 5768
1612 3490 1625 3525 ε
1644 3474 1965 3544 afflictaretur
1983 3474 2240 3542 :quemvis
2254 3480 2461 3540 tempest.

303 3564 438 3606 vett.
456 3551 640 3622 Vulgo
663 3570 740 3605 11.
761 3575 841 3596 --ὸ
855 3553 1060 3606 Notum.
1087 3554 1346 3607 Peritum.
1437 3557 1510 3604 ita
1524 3553 1826 3604 obscurabat.
1842 3553 1910 3604 Et
1921 3552 2067 3603 hunc
2082 3551 2466 3620 sequor-‚rejec-

302 3632 392 3684 Sic
414 3631 668 3698 Phaed.,l.
693 3650 736 3696 1,
747 3632 852 3686 fab.
881 3652 905 3685 1
922 3651 1036 3698 nv·
1061 3653 1090 3686 α
1115 3635 1350 3703 :Ignotos
1441 3644 1496 3684 to
1515 3641 1589 3704 τῷ
1612 3633 1775 3693 aditu,
1796 3632 1943 3684 velut
1972 3629 2150 3682 inutili
2172 3629 2463 3681 sententiae.

289 3713 442 3779 fallit
457 3749 472 3771 ‚
495 3716 622 3766 notis
657 3724 730 3763 est
741 3712 935 3765 derisui.
957 3713 1128 3766 Plaut.
1150 3712 1348 3766 Pseud.
1524 3713 1575 3766 5.
1603 3712 1751 3764 Jubet
1771 3713 1906 3763 binos
1933 3714 2077 3782 equit.
2104 3709 2331 3760 incedere.
2362 3709 2466 3760 Res

301 3811 393 3857 tv,
409 3812 438 3844 2
463 3829 482 3856 ‚
500 3793 574 3861 39
603 3793 794 3854 :Novi‚
815 3796 940 3844 notis
957 3794 1218 3862 praedicas.
1244 3793 1347 3845 On.
1421 3805 1515 3844 -est
1540 3793 1715 3863 plana.
1744 3793 1925 3844 Altera
1950 3789 2109 3842 lectio
2138 3787 2477 3857 conscendere.

389 3877 444 3934 4.
491 3873 846 3942 Afflictaretw·
876 3892 896 3924 .·
927 3891 1064 3944 quem
1095 3877 1250 3936 via...
1285 3873 1350 3924 In
1421 3871 1655 3924 -videtur
1678 3873 1744 3924 ab
1776 3870 2200 3939 iisinvecta,qui
2228 3867 2467 3940 equitem

304 3949 462 4004 Laid.
483 3951 560 4004 sic
581 3963 660 4004 est
677 3990 698 4017 ,
724 3953 982 4021 aditusque
1004 3955 1104 4004 vis.
1131 3952 1351 4005 Cincco-
1439 3953 1729 4004 incedentem
1761 3953 1901 4004 ferre
1940 3969 2051 4002 non
2098 3961 2341 4020 possent3
2364 3965 2463 4000 nec

305 4031 434 4084 nius
465 4032 540 4084 ait
560 4069 576 4092 ‚
601 4031 658 4084 in
691 4051 792 4084 suo
821 4032 982 4085 etiam
1013 4030 1350 4084 addi-aditus.
1439 4033 1639 4102 poterit
1666 4030 1915 4098 defendi,
1947 4031 2050 4082 nisi
2086 4048 2207 4081 cum
2244 4027 2466 4081 Heinsio

305 4110 526 4182 Opinor
563 4110 854 4181 legendum
885 4113 1209 4184 afflictat-etun
1241 4111 1353 4163 ada·-
1438 4112 1671 4182 legatur‚
1702 4113 1847 4182 jubet
1872 4112 2005 4164 binos
2038 4105 2059 4170 (
2080 4109 2314 4182 equitem
2344 4124 2468 4160 cum

1950 4204 2091 4303 34³
