3025 5025
593 471 735 540 DE
788 470 1137 562 BELLO
1175 470 1549 539 CIVILI.
1609 469 1802 541 LIB.
1845 473 1997 540 III.

2233 476 2379 571 189

223 601 600 674 tabularum
617 593 644 637 ⁴
687 602 1058 674 tollendum
1104 604 1677 698 minuendumque
1691 659 1712 694 ‚
1761 607 1875 699 qui
1914 607 2053 676 fere
2096 607 2272 678 bella
2310 625 2381 680 et

225 710 451 780 civiles
504 711 946 781 dissensiones
1005 712 1192 804 sequi
1255 713 1603 780 consuevit
1640 765 1661 800 ‚
1724 726 1793 781 et
1854 712 1941 781 ad
1998 712 2377 786 debitorum

221 818 534 888 tuendam
603 819 1159 888 existimationem
1199 871 1219 905 ‚
1279 842 1420 888 esse
1477 818 1891 912 aptissimum
1953 823 2371 892 existimavit.

219 929 420 1014 Item,
447 926 844 1020 praetoribus
879 923 1293 1019 tribunisque
1330 923 1543 1020 plebis
1574 927 1953 1020 rogationes
1967 911 1991 950 ⁵
2030 928 2115 996 ad
2152 954 2375 1024 popu-

221 1031 352 1100 lum
399 1032 768 1101 ferentibus
788 1086 808 1120 ‚
851 1030 1209 1100 nonnullos
1225 1084 1245 1118 ‚
1289 1031 1579 1100 ambitus
1618 1035 1939 1128 Pompeia
1981 1032 2147 1130 lege.
2178 1035 2374 1104 dam-

219 1153 406 1208 natos
451 1138 578 1209 illis
615 1138 1061 1234 temporibus,
1088 1138 1328 1233 quibus
1369 1140 1440 1207 in
1479 1138 1651 1210 urbe
1686 1139 1995 1234 praesidia
2035 1139 2377 1236 legionum

217 1247 572 1342 Pompeius
612 1246 942 1316 habuerat
983 1236 1014 1334 (
1043 1269 1191 1340 quae
1227 1245 1480 1339 judicia
1504 1299 1526 1334 ,
1568 1243 1711 1316 aliis
1748 1246 2167 1318 audientibus
2196 1249 2390 1342 judi--

294 1462 344 1520 4.
379 1456 497 1508 Hoc
523 1455 595 1508 ad
623 1459 835 1508 timorem
861 1473 1090 1507 novarum
1111 1454 1251 1508 tabu-

217 1535 384 1589 larum.
407 1537 542 1588 Post
565 1535 704 1588 bella
735 1535 911 1588 civilia
955 1547 1008 1588 et
1045 1533 1248 1588 dissen-

215 1615 384 1669 siones
415 1615 475 1668 in
501 1617 639 1668 urbe
667 1615 945 1686 aliquoties
975 1616 1136 1668 flebat
1150 1653 1166 1681 ,
1189 1628 1248 1668 ut

215 1693 480 1750 debitores
497 1733 516 1762 ‚
531 1695 640 1748 fide
655 1694 1046 1768 promissorum
1061 1695 1248 1748 remis·

217 1794 266 1828 sa
278 1814 294 1842 ,
312 1775 678 1830 creditoribus
692 1794 803 1827 non
816 1765 1114 1828 satisfacere
1128 1795 1250 1847 pos·

217 1869 326 1909 sent
340 1895 357 1922 ,
376 1869 432 1910 et
463 1856 659 1927 primis
684 1875 874 1908 eorum
897 1849 1126 1918 tabulis(
1139 1855 1250 1908 chi-

215 1937 521 2008 rographis,
545 1937 613 1988 les
643 1936 822 1998 billeis,
847 1953 968 2006 quae
997 1935 1251 1988 inscribe-

213 2016 404 2070 bantur
439 2017 504 2069 in
539 2013 765 2080 tabulis)
798 2015 1010 2069 abolitis
1024 2054 1042 2082 ,
1068 2013 1248 2068 denuo

208 2115 361 2150 novae
399 2097 600 2150 tabulae
629 2097 1024 2152 conficerentur
1053 2089 1077 2157 (
1101 2094 1248 2167 quod

213 2195 378 2249 prope
409 2175 622 2230 accedit
655 2175 723 2228 ad
751 2175 810 2230 id
839 2175 988 2247 quod
1019 2173 1248 2229 dicimus

214 2257 539 2330 bouquet-oute
551 2255 590 2322 ).
619 2255 783 2309 Unde
807 2257 1028 2320 Cicero,
1042 2257 1080 2308 l.
1102 2274 1152 2310 11
1179 2254 1248 2309 de

213 2337 418 2391 Officiis
435 2375 454 2403 ‚
483 2357 600 2409 cap.
630 2337 701 2391 23
717 2375 735 2402 ,
761 2335 939 2389 tabulae
969 2355 1106 2390 novoe
1131 2337 1252 2408 quid

214 2417 388 2470 habent
413 2419 714 2488 argumenti,
750 2419 868 2478 nisi,
899 2428 955 2468 ut
983 2435 1111 2468 emas
1143 2435 1266 2488 mea·

203 2503 408 2567 pecunia
432 2497 652 2567 fundum
665 2520 686 2559 ,·
709 2518 816 2549 eum
851 2508 902 2549 tu
924 2496 1125 2560 habeas,
1156 2517 1247 2568 ego

210 2596 302 2631 non
333 2579 544 2631 habeam
573 2582 828 2649 pecuniam
843 2584 875 2629 ἓ
895 2575 1132 2630 'Videtur
1163 2576 1248 2630 di·

211 2659 340 2713 vites
371 2677 658 2723 romanos,
685 2657 781 2729 qui
807 2658 1041 2711 multum
1065 2659 1124 2711 in
1150 2658 1248 2711 foe·

213 2758 341 2792 nore
381 2740 530 2793 lucri
572 2738 859 2797 faciebant,
886 2736 1028 2790 hanc
1071 2738 1246 2809 legem

213 2818 394 2892 iniquo
427 2819 613 2872 animo
639 2817 840 2871 tulisse.
865 2818 1132 2871 Caeterum
1154 2837 1249 2870 no-

211 2918 297 2953 vas
327 2901 544 2953 tabulas
576 2898 754 2951 Graeci
786 2904 941 2969 χρεῶν
986 2895 1244 2956 ἀποκοπὴν

210 2981 478 3033 vocabant
513 2972 684 3050 (App.
715 2978 778 3029 Β.
821 2978 882 3033 C.
929 2976 1024 3030 lib.
1069 2996 1151 3043 11,
1187 2998 1245 3050 p.

214 3058 726 3129 752);P1utarch.,
754 3057 886 3111 Coes.
904 3095 921 3123 ,
945 3075 992 3109 c.
1017 3058 1121 3124 48,
1151 3078 1249 3110 σει·

211 3141 445 3209 euzonium
459 3176 477 3205 ‚
495 3139 646 3210 quasi
675 3138 853 3190 oneris
883 3137 1246 3191 excussionem

211 3216 350 3277 dicas
365 3258 386 3287 ,
418 3219 550 3291 quia
579 3218 856 3289 prioribus
887 3215 1084 3271 debitis
1111 3218 1246 3270 libe-

209 3302 471 3355 rabantur
512 3297 798 3352 debitores.

310 3382 364 3435 5.
412 3376 725 3433 Proetoribus'
755 3379 1051 3450 tribunisque
1090 3377 1248 3448 plebis

209 3465 488 3531 rogationes
519 3498 534 3519 ,
583 3470 674 3512 etc.
734 3457 1054 3529 Rogationes
1115 3458 1246 3510 ferri

209 3537 556 3605 dicebantur,
595 3557 767 3611 quum
811 3538 1020 3609 rugabat
1055 3537 1247 3609 aliquis

211 3620 484 3693 Populum
497 3660 515 3685 ,
535 3632 596 3673 ut
615 3618 850 3691 aliquam
867 3619 1041 3690 legem
1063 3617 1242 3671 ferret.

212 3700 408 3771 Rogare
433 3700 600 3771 igitur
623 3712 703 3751 est
726 3716 1047 3770 proponere.
1071 3698 1246 3768 Roga-

213 3793 294 3835 tor
311 3779 556 3834 dicebat:
577 3797 817 3843 vimus,
839 3796 1110 3849 manus,
1129 3795 1248 3839 απ·

212 3879 395 3926 nnus,
417 3880 488 3913 vr
502 3898 520 3927 ‚
547 3872 649 3913 ete.
683 3857 846 3911 Unde
869 3858 1076 3930 rogatio
1109 3876 1247 3929 saepe

214 3942 443 3994 sumitur
467 3960 571 4012 pro
591 3942 710 4011 ipsa
727 3939 844 4013 lege
857 3938 980 3991 lata.
1003 3935 1248 3991 Prudens

211 4034 262 4075 et
278 4020 534 4074 callidum
553 4019 775 4073 Caesaris
795 4018 1079 4072 consilium
1091 4017 1217 4089 ,qui
1229 4056 1248 4084 ,

211 4100 458 4155 nondum
498 4102 644 4154 victo
689 4098 948 4171 Pompeio
966 4135 984 4164 ,
1003 4116 1072 4151 ne
1099 4116 1248 4151 arro-

212 4182 402 4251 gantiae
425 4180 856 4246 insimularetur,
883 4196 982 4250 per
1002 4178 1246 4233 tribunos

1337 1454 1508 1526 plebis
1552 1453 1622 1507 ad
1656 1456 1921 1528 populum
1966 1457 2089 1510 tulit
2129 1457 2188 1510 id
2224 1457 2374 1530 quod

1335 1535 1441 1588 sibi
1467 1532 1537 1588 ad
1556 1535 1761 1590 animos
1781 1537 1983 1590 civium
2004 1537 2374 1593 conciliandos

1334 1615 1669 1686 aptissimum
1730 1630 2067 1688 cognoverat.
2116 1651 2199 1661 —
2236 1619 2377 1674 Non·

1335 1696 1515 1757 nullos,
1550 1696 1757 1748 ambitus
1783 1697 2019 1769 Pompeia
2042 1698 2146 1768 lege
2166 1699 2371 1751 damna-

1337 1787 1427 1828 tos.
1480 1777 1732 1830 Ambitus
1777 1775 2003 1845 dicitur,
2031 1797 2201 1850 quum
2251 1779 2373 1851 quis

1333 1856 1677 1926 magistratus
1724 1857 2016 1929 impensius
2034 1897 2051 1925 ,
2094 1859 2181 1913 vel
2220 1859 2336 1914 aliis
2355 1898 2375 1925 ‚

1335 1955 1498 2007 quam
1538 1935 1615 1989 fas
1654 1949 1759 2000 est,
1790 1937 1995 1992 artibus
2022 1939 2189 2010 petit,
2218 1954 2273 1994 et
2303 1939 2375 1994 ad

1334 2034 1392 2068 se
1423 2016 1636 2069 trahere
1662 2017 1874 2071 nititur.
1907 2017 2072 2090 Apud
2102 2021 2373 2074 Romanos

1333 2096 1521 2149 multis
1549 2095 1755 2167 legibus
1771 2136 1790 2163 ‚
1816 2098 1877 2150 in
1917 2100 2065 2151 omni
2096 2112 2370 2172 tempore,

1334 2175 1464 2228 huic
1511 2177 1793 2230 ambitioni
1844 2179 2059 2232 obviam
2093 2180 2231 2232 itum
2260 2194 2370 2248 est;

1335 2254 1430 2308 sed
1455 2257 1753 2327 praesertim
1781 2257 1897 2329 lege
1926 2258 2184 2331 Pompeia
2203 2299 2220 2326 ‚
2253 2279 2372 2332 quse

1333 2336 1442 2387 lata
1459 2347 1539 2389 est
1561 2354 1647 2390 an.
1670 2337 1743 2389 U.
1769 2337 1830 2391 C.
1854 2355 1979 2390 noer
1993 2375 2011 2404 ‚
2034 2358 2204 2410 quum
2228 2341 2372 2394 inter

1335 2415 1641 2468 consulatus
1662 2417 2039 2489 competitores
2064 2419 2371 2490 Scipionem

1333 2495 1629 2569 Hypsaeum
1641 2533 1660 2561 ,
1682 2507 1736 2549 et
1752 2496 2015 2551 Milonem
2032 2536 2049 2565 ,
2070 2518 2182 2553 non
2211 2520 2373 2573 pecu·

1333 2577 1424 2629 nia
1462 2576 1668 2640 solum,
1688 2576 1783 2629 sed
1823 2578 2066 2650 partibus
2112 2591 2168 2633 et
2208 2582 2369 2635 armis

1333 2676 1418 2709 res
1439 2668 1733 2728 gereretur.
1751 2658 1909 2711 Tunc
1922 2658 2068 2711 enim
2082 2659 2371 2732 Pompeius

1334 2749 1541 2789 creatus
1568 2754 1674 2789 cos.
1704 2734 1836 2789 duas
1861 2738 2003 2809 leges
2029 2739 2185 2805 tulit,
2208 2758 2371 2794 unam
2423 2795 2431 2804 Χ

1334 2814 1404 2869 de
1427 2817 1481 2870 vi
1497 2854 1514 2882 ,
1548 2816 1770 2869 alteram
1799 2815 1869 2871 de
1894 2818 2129 2884 ambitu,
2154 2840 2372 2891 poenam

1333 2896 1633 2968 graviorem
1672 2909 1725 2949 et
1762 2898 1991 2951 formam
2037 2897 2369 2971 judiciorum

1332 2976 1639 3032 breviorem
1664 2976 2041 3031 constituendo
2064 2997 2079 3032 :
2102 2999 2230 3033 nam
2258 3000 2370 3035 uno

1335 3068 1494 3128 atque
1520 3054 1709 3109 eodem
1738 3054 1829 3111 die
1864 3060 1931 3112 ab
1973 3072 2277 3114 accusatore
2316 3076 2370 3115 et

1333 3154 1428 3189 reo
1457 3137 1700 3208 perorari
1732 3134 1977 3194 debebat.
2011 3140 2145 3194 Duae
2170 3139 2370 3194 daban-

1335 3228 1423 3269 tur
1457 3218 1607 3269 horae
1645 3220 1970 3287 accusatori,
2002 3232 2109 3274 tres
2141 3240 2253 3276 reo.
2284 3223 2369 3275 Ita

1333 3297 1615 3351 Asconius.
1653 3298 1943 3371 Propterea
1983 3300 2041 3353 h.
2079 3302 2120 3355 l.
2169 3300 2371 3355 dicitur

1333 3378 1543 3448 singulis
1570 3377 1753 3432 diebus.
1790 3412 1872 3423 —
1901 3381 2037 3434 Aliis
2064 3381 2368 3434 audientibus

1322 3458 1601 3527 judicibus,
1624 3460 1737 3510 aliis
1770 3464 2054 3513 sententiam
2077 3462 2364 3528 fetentibus.

1333 3536 1619 3590 Notandus
1645 3537 1735 3591 hic
1758 3539 1937 3605 locus,
1956 3560 2116 3612 quem
2137 3560 2249 3593 non
2281 3541 2367 3593 in-

1335 3616 1655 3670 tellexerunt
1706 3618 2041 3691 interpretes.
2093 3618 2368 3675 Videntur

1334 3693 1447 3748 duo
1473 3696 1718 3768 judicum
1743 3717 1936 3770 genera
1968 3700 2151 3753 fuisse:
2172 3700 2263 3752 alii
2286 3720 2369 3753 ra·

1335 3775 1507 3829 tiones
1546 3796 1579 3829 a
1622 3775 1845 3831 diversis
1896 3780 2139 3850 partibus
2187 3779 2369 3834 allatas

1336 3854 1623 3909 audiebant
1640 3895 1657 3922 ,
1682 3870 1739 3910 et
1766 3856 1835 3911 de
1865 3860 2006 3913 facto
2038 3860 2367 3931 pronuncia·

1333 3936 1492 4001 bant,
1515 3948 1571 3989 et
1598 3936 1715 4002 isti,
1742 3939 1862 4008 jure
1905 3958 2041 3993 rom.
2058 3977 2075 4005 ,
2108 3938 2366 3994 dicuntur

1335 4035 1594 4085 assessores¹
1609 4054 1626 4081 ‚
1639 4028 1693 4067 et
1716 4016 1858 4088 apud
1886 4038 1985 4072 nos
2012 4020 2077 4071 les
2092 4024 2259 4113 jurem
2277 4021 2367 4073 alii

1335 4094 1403 4149 de
1425 4114 1581 4167 poena
1603 4096 1728 4149 facti
1752 4098 1856 4151 reis
1877 4112 1933 4152 et
1950 4101 2207 4154 convictis
2234 4119 2365 4154 con-

1336 4175 1605 4232 stituenda
1642 4174 2017 4235 decernebant.
2052 4180 2366 4237 Ciacconius
