3025 5025
1026 327 1034 355 Ι

625 467 768 538 DE
823 467 1205 536 BELLO
1262 467 1659 537 CIVILI.
1718 469 1919 538 LIB.
1975 471 2031 540 I.
2314 472 2413 546 33

261 605 618 674 Curionem
639 600 976 730 praefecit:
1005 597 1273 694 reliquis
1295 600 1531 672 diebus
1554 599 1879 696 oppidum
1899 601 2077 674 vallo
2098 604 2417 678 castellis-

261 735 383 806 que
407 691 935 781 circumvenire⁵
955 709 1258 792 instituit.
1293 709 1504 802 Cujus
1534 709 1756 804 operis
1784 713 2076 781 maxima
2101 729 2295 807 parte
2322 717 2417 788 ef-

260 818 455 906 fecta,
470 817 712 888 eodem
737 815 878 885 fere
901 829 1207 910 tempore
1229 816 1414 890 missi
1433 815 1523 885 ad
1542 817 1943 911 Pompeium
1965 833 2415 893 revertuntur.

355 929 551 996 XIX.
591 925 839 994 Literis
882 922 1196 1018 perlectis
1217 921 1264 1009 ¹,
1307 924 1647 992 Domitius
1690 923 2111 996 dissimulans
2144 930 2215 996 in
2257 954 2423 1000 con-

262 1031 403 1102 cilio
441 1032 871 1128 pronuntiat,
903 1032 1298 1125 Pompeium
1337 1029 1643 1100 celeriter
1685 1029 1983 1100 subsidio
2024 1050 2425 1126 venturum;

260 1140 699 1234 hortaturque
747 1162 864 1207 eos
887 1191 906 1227 ,
958 1163 1044 1206 ne
1097 1139 1322 1224 animo
1379 1136 1697 1208 deficiant
1719 1191 1741 1226 ,
1788 1155 2071 1233 quaeque
2128 1145 2279 1215 usui
2336 1145 2425 1214 ad

261 1246 756 1318 defendendum
798 1244 1126 1340 oppidum
1169 1246 1306 1314 sint
1326 1297 1346 1333 ,
1400 1259 1641 1340 parent
1690 1269 1706 1312 :
1760 1246 1903 1339 ipse
1946 1269 2195 1318 arcano
2212 1247 2233 1273 ²
2269 1275 2427 1322 cum

261 1357 484 1450 paucis
531 1351 970 1422 familiaribus
1016 1353 1154 1421 suis
1208 1351 1657 1446 colloquitur,
1712 1349 2201 1448 consiliumque
2252 1355 2427 1452 fugae

263 1485 499 1558 capere
529 1460 893 1590 consstituit.
923 1459 1156 1548 Quum
1184 1458 1413 1529 vultus
1450 1460 1736 1528 Domitii
1770 1483 1929 1531 cum
1960 1463 2263 1532 oratione
2288 1489 2428 1536 non

265 1551 704 1640 consentiret³
711 1581 960 1661 ,atque
990 1567 1218 1635 omnia
1244 1554 1687 1661 trepidantius
1714 1565 2141 1664 timidiusque
2170 1587 2428 1665 ageret,

264 1701 460 1770 quam
523 1674 980 1770 superioribus
1033 1670 1266 1742 diebus
1321 1687 1755 1758 consuesset,
1792 1673 2217 1770 multumque
2272 1703 2430 1750 cum

267 1785 394 1853 suis
467 1781 863 1852 consiliandi
923 1771 1126 1850 caiisa
1187 1795 1446 1852 secreto
1505 1804 1629 1874 per
1683 1783 2235 1854 consuetudinem
2284 1785 2432 1856 col·

267 1888 691 1986 loqueretur,
729 1887 1011 1958 concilia
1053 1902 1559 1982 conventusque
1603 1887 1956 1957 hominum
1998 1887 2291 1985 fugeret,
2327 1919 2432 1964 res

268 1997 516 2067 diutius
573 1998 734 2134 tegi4
765 1993 1294 2114 dissimularique
1342 2019 1479 2062 non
1543 1995 1780 2088 potuit.
1836 1996 2193 2091 Pompeius
2256 2003 2434 2070 enim

267 2089 758 2200 rescripserat,
811 2131 848 2168 ε(
899 2127 1041 2172 sese
1080 2126 1224 2170 rem
1261 2102 1332 2170 in
1377 2125 1715 2170 summum
1767 2102 2141 2196 periculum
2176 2104 2434 2176 deduc-

352 2307 404 2360 5.
431 2305 804 2360 Circumvenirc.
832 2300 1006 2355 Codd.
1029 2301 1303 2362 nonnulli,

271 2388 658 2447 cir-cummanire,
675 2383 824 2455 quod
837 2377 1033 2454 probat
1047 2379 1304 2453 Scaliger-3

272 2479 324 2522 et
334 2468 513 2538 reipsa
525 2468 892 2519 circummunire
903 2463 1236 2525 conveniret,
1248 2472 1310 2514 ut

273 2548 506 2603 vidimus
531 2547 590 2599 in
616 2546 653 2597 l.
679 2546 829 2613 11‚B.
859 2544 928 2598 G.
957 2564 1005 2598 c.
1035 2545 1128 2608 30,
1145 2554 1198 2594 et
1219 2543 1310 2595 ali-

272 2629 514 2699 bi.Vulg.
531 2639 712 2679 tamen
725 2624 886 2678 lectio
900 2626 1037 2677 bene
1051 2642 1105 2677 se
1118 2624 1308 2687 habet3

274 2704 606 2781 quapropter
624 2706 762 2758 nihil
789 2718 866 2757 est
890 2702 1228 2757 mutandum.

350 2792 482 2843 CAP.
510 2788 660 2840 XIX.
693 2804 742 2839 1.
768 2787 947 2838 Literis
963 2782 1203 2855 perlecti&
1220 2784 1312 2835 Eoe

279 2883 435 2941 sunt,
453 2885 578 2939 qun
606 2864 752 2938 apud
781 2866 1100 2919 ciceronem
1124 2864 1311 2935 legun·¹

277 2962 364 3003 tur
397 2949 544 3001 libro
591 2963 701 2999 v111
745 2945 902 3016 epist.
951 2943 1018 2997 ad
1056 2946 1168 2997 Att.
1195 2982 1210 3009 ,
1254 2943 1312 2997 in

277 3030 470 3103 quibus
485 3026 778 3098 Pompeius
792 3024 995 3079 indicat
1005 3064 1022 3090 ‚
1031 3025 1311 3077 minimam

278 3111 376 3163 sibi
409 3110 469 3163 in
493 3108 600 3161 illis
621 3105 886 3163 militibus
901 3144 916 3171 ‚
937 3106 1033 3177 qui
1054 3124 1178 3159 cum
1204 3103 1316 3157 Can-

279 3210 392 3244 sare
425 3185 566 3244 ‘olim
601 3188 814 3243 fuerant
827 3223 846 3244 ‚
879 3205 992 3240 esse
1021 3183 1276 3238 fiduciam
1295 3222 1313 3249 ,

280 3282 504 3341 oratque
527 3267 830 3321 Domitium
847 3306 864 3334 ‚
879 3278 942 3319 ut
961 3264 1032 3319 ad
1052 3282 1108 3319 se
1134 3282 1314 3319 rever-

280 3360 422 3403 tatur
440 3388 459 3413 ‚
493 3360 618 3404 ante
648 3346 938 3401 adventum
963 3346 1200 3401 Caesaris.
1233 3376 1315 3387 ·--

283 3430 629 3483 Dissimulans.
651 3425 826 3481 Codd.
848 3424 1098 3481 nonnulli
1115 3424 1318 3479 habent

281 3512 538 3571 simulans,
586 3506 644 3561 id
683 3520 763 3561 est
778 3546 794 3572 ,
838 3506 1044 3579 fingens
1095 3524 1156 3559 ea
1197 3522 1316 3577 quse

284 3608 392 3643 non
425 3590 673 3642 ferebant
703 3587 938 3659 epistola
969 3606 982 3641 :
1015 3598 1074 3639 at
1101 3596 1318 3658 praestat

283 3670 621 3729 dissimulans,
653 3666 712 3721 id
752 3680 854 3725 est,
889 3666 1218 3721 abscondens
1255 3683 1319 3718 ea

286 3768 402 3821 quai
427 3766 557 3803 vere
588 3748 646 3801 in
683 3740 852 3801 literis
891 3760 1043 3801 erant
1079 3746 1319 3819 praescri·

287 3843 403 3901 pta,
427 3822 720 3899 et{diversa
751 3826 1044 3883 admodum
1072 3843 1318 3899 pronun-

287 3911 450 3963 cians.
470 3910 798 3983 Dissimulare
821 3908 967 3961 enim
981 3946 1001 3973 ,
1020 3921 1100 3961 est
1117 3906 1319 3977 fingere

293 3988 352 4041 id
373 4008 483 4043 non
503 4008 618 4043 esse
641 3986 790 4060 quod
809 4000 888 4041 est
903 4005 918 4053 ;
935 3988 1186 4050 simulare,
1214 3987 1320 4038 fin·

295 4087 414 4139 gere
432 4068 492 4123 id
507 4088 620 4126 esse
635 4068 784 4141 quod
802 4086 914 4121 non
929 4080 1023 4121 est.
1035 4066 1180 4121 Vide
1196 4085 1320 4119 nos·

299 4159 436 4203 trum
465 4150 780 4205 Sallustium
797 4166 951 4220 ,pag.
990 4154 1090 4214 14,
1113 4160 1227 4201 not.
1265 4166 1317 4217 7.

391 4248 583 4329 IL*

1483 2321 1535 2354 ει.
1570 2300 1789 2354 Arcano.
1816 2303 1899 2355 Al.
1917 2323 2111 2358 amane.
2131 2303 2233 2359 Ed.
2250 2275 2433 2362 Elzev.

1397 2400 1598 2434 arcana.
1640 2380 1827 2434 Nostri
1870 2382 2033 2437 codd.
2082 2387 2312 2440 archano,
2354 2419 2438 2434 --·

1403 2459 1686 2515 Constituit.
1712 2463 1796 2515 Al.
1822 2466 2067 2527 instituit,·
2088 2463 2231 2518 idem
2256 2479 2351 2521 est.

1483 2544 1537 2597 3.
1570 2544 1745 2611 -Quum
1762 2544 1937 2601 vultus,
1946 2545 2161 2597 Domitii
2178 2566 2285 2599 cum
2307 2561 2434 2603 orat.

1396 2641 1495 2684 non
1509 2625 1811 2675 consentiret.
1840 2623 2074 2677 Difficile
2098 2627 2243 2680 enim
2266 2630 2437 2699 pavor

1397 2702 1451 2753 et
1481 2699 1771 2773 trepidatio
1800 2704 1906 2774 tegi
1937 2718 2177 2774 possunt.
2202 2706 2435 2761 Militem

1396 2800 1557 2846 vero,
1577 2782 1703 2835 licet
1730 2782 1923 2835 rudem
1942 2796 1995 2836 et
2016 2786 2303 2852 rusticum,
2324 2786 2436 2842 dux

1396 2862 1484 2921 vel
1507 2862 1863 2934 peritissimus
1878 2862 1975 2916 diu
1995 2865 2177 2919 fallere
2199 2886 2312 2921 non
2334 2888 2436 2941 po-

1391 2956 1517 2998 ¹test.
1535 2944 1729 2997 Innata
1740 2943 1972 3014 quadam
1984 2958 2097 2999 arte
2117 2948 2202 2999 vel
2220 2941 2442 3020 penitus

1399 3022 1611 3077 abditos
1648 3022 1800 3077 ducis
1830 3044 2014 3078 sensus
2052 3026 2438 3100 introspiciunt

1399 3104 1625 3169 milites,
1644 3102 1885 3176 dumque
1911 3106 2222 3179 ambagibus
2246 3111 2438 3163 verho-

1399 3202 1525 3239 rum
1554 3202 1640 3236 res
1676 3185 1817 3255 ipsas
1856 3186 2033 3239 velare
2074 3200 2128 3240 et
2166 3190 2435 3245 occultare

1398 3263 1621 3329 nititur,
1650 3264 1854 3324 larvam
1871 3265 2093 3338 fingenti
2116 3265 2437 3341 plerumque
2528 3298 2537 3313 v

1401 3342 1709 3399 detrahunt.
1729 3378 1803 3389 --
1834 3345 2143 3399 Consiliandi
2162 3369 2327 3403 causa.
2354 3350 2437 3403 It'a

1401 3422 1563 3477 codd.
1585 3436 1647 3478 ut
1663 3425 1802 3479 infra
1815 3444 1867 3479 c.
1894 3428 1999 3497 733
2025 3440 2103 3480 ast
2121 3428 2211 3481 alii
2235 3429 2437 3486 habent

1402 3506 1727 3558 consultandi.
1774 3506 1937 3571 Quod
1964 3508 2191 3560 verbum
2220 3507 2437 3562 videtur

1404 3604 1434 3637 e
1442 3584 1615 3655 glossa
1628 3598 1825 3639 ortum.
1838 3587 2093 3658 Apuleius
2102 3588 2321 3641 Metam.
2340 3588 2433 3645 lib.

1401 3683 1440 3717 1:
1455 3664 1605 3717 bonus
1620 3666 1901 3718 consiliator
1909 3666 2258 3722 Aristomenes.
2277 3659 2434 3723 Glos-

1403 3744 1603 3798 sarium
1626 3758 1811 3810 vetus,
1837 3742 2159 3817 γνωμοὸότης
2181 3790 2197 3813 ,
2234 3760 2435 3811 suasor,

1405 3826 1701 3879 consiliator.
1745 3824 1889 3877 Vide
1928 3845 2143 3899 quoque
2190 3842 2437 3884 nostrum

1405 3905 1534 3958 infr.
1558 3924 1603 3957 c.
1642 3906 1735 3975 73.

1491 3992 1525 4049 4
1532 4025 1544 4037 .
1556 3986 1813 4054 Pompeius
1822 3988 1945 4036 enim
1958 3991 2280 4059 rescripserat.
2292 3988 2437 4043 Vide

1408 4065 1522 4137 ejus
1545 4065 1823 4136 epistolam
1834 4065 1892 4117 in
1911 4065 2029 4119 Cic.
2054 4084 2138 4139 ep.
2162 4086 2209 4120 11
2234 4068 2313 4121 ad·
2326 4074 2436 4125 Att.

1407 4144 1583 4200 Lvnt.
1606 4176 1667 4187 -
1682 4146 1797 4197 Rem
1826 4149 1878 4197 in
1898 4165 2129 4198 summum
2157 4150 2439 4218 periculum.

2020 4250 2062 4323 3
