3025 5025
941 485 2433 576 ALEXANDR1N0.403

273 636 518 702 suum,
555 615 718 711 quin
759 640 874 685 eos
909 616 1194 687 interfici
1226 617 1476 711 jubeat.
1524 619 1902 689 Minucium
1936 616 2187 691 libertis
2216 636 2438 693 trans-

269 718 372 788 dit
445 715 1000 793 excruciandum·
981 778 1004 812 ,
1072 726 1232 793 item
1301 723 1741 819 Calpurnium
1801 723 2231 797 Salvianum¹
2249 782 2269 817 ,
2324 732 2441 823 qui

268 827 641 919 profitetur
699 829 1020 900 indicium
1033 884 1053 919 ,
1103 831 1761 925 conjuratorumque.
1796 854 2151 902 numerum
2194 850 2439 929 auget-3

267 956 440 1002 vere
464 989 486 1023 ,
549 950 627 1004 ut
699 937 974 1031 quidam
1027 938 1443 1025 existimant3
1511 952 1619 1010 ut:
1653 934 1958 1007 nonnulli
2027 956 2401 1033 queruntur
2418 996 2440 1030 ,

269 1056 579 1117 coactus.
621 1043 868 1113 Iisdem
900 1044 1302 1117 cruciatibus
1343 1044 1629 1116 affectus
1662 1047 1739 1113 L.
1780 1044 2113 1141 Mergilio.
2154 1046 2442 1141 Squillus

271 1149 592 1217 nominat
631 1146 949 1244 plures²z
933 1176 1168 1245 .quos
1211 1153 1480 1223 Cassius
1539 1150 1823 1221 interfici
1872 1152 2104 1244 jubet,
2150 1157 2443 1285 exceptis

269 1254 348 1325 iis
369 1310 396 1345 ,
446 1257 565 1349 qui
611 1281 680 1325 se
723 1258 1005 1351 pecunia
1056 1256 1525 1327 redemerunt:
1562 1281 1720 1325 nam
1759 1256 1982 1352 palam
2026 1261 2140 1328 HS
2182 1246 2443 1330 decies³

269 1384 441 1429 cum
483 1360 852 1457 Calpurnio
888 1364 1280 1459 paciscitur,
1311 1379 1380 1433 et
1413 1389 1568 1434 cum
1600 1366 1685 1452 Q.
1721 1365 1945 1433 Sextio
1988 1368 2441 1461 quinquagies

269 1468 424 1557 Qui
457 1469 516 1536 si
559 1471 842 1539 maxime
863 1458 889 1503 ⁴
927 1484 1244 1540 nocentes
1286 1484 1442 1539 sunt
1475 1469 1775 1557 multati,
1810 1484 2037 1540 tamen
2072 1472 2446 1566 periculum

265 1577 440 1645 vitae
469 1573 792 1671 dolorque
827 1575 1182 1645 vulnerum
1205 1627 1223 1661 ,
1263 1578 1563 1670 pecuniae
1598 1578 1911 1647 remissas
1927 1630 1947 1666 ‚
1985 1578 2446 1651 crudelitatem

265 1706 443 1753 cum
489 1684 766 1754 avaritia
807 1675 1104 1753 certasse
1135 1682 1570 1778 significabat.

383 1791 579 1859 LVI.
636 1788 910 1885 Aliquot
945 1804 1098 1885 post
1131 1789 1368 1861 diebus
1415 1787 1641 1859 literas
1681 1814 1723 1858 a
1764 1792 2045 1861 Caesare.
2066 1792 2299 1863 missas
2336 1816 2446 1861 ac-

267 1897 485 1991 cipit3
555 1896 795 1989 quibus
873 1899 1255 1991 cognoscit,
1322 1897 1750 1991 Pompeium,
1808 1898 1879 1964 in
1942 1898 2085 1965 acie
2150 1900 2405 1968 victum
2426 1953 2449 1987 ,
2522 1900 2527 1907 ’

267 2004 547 2073 amissis
595 2004 804 2098 copiis
846 2003 1111 2097 fugisse.
1151 2005 1306 2093 Qua
1349 2028 1421 2073 re
1479 2004 1752 2099 cognita
1770 2054 1790 2089 ,
1832 2003 2110 2073 mixtam
2168 2004 2399 2075 dolore
2425 2004 2445 2031 ¹

267 2108 705 2205 voluptatem
745 2110 1067 2205 capiebat.
1099 2112 1422 2183 Victoriae
1463 2111 1740 2179 nuntius
1784 2108 2076 2179 laetitiam
2120 2116 2448 2206 exp-rime.-

266 2217 440 2301 hat3
465 2215 852 2287 confectum
882 2215 1131 2286 bellum
1162 2215 1501 2287 licentiam
1530 2230 1910 2310 temporum
1940 2216 2445 2291 intercludebat.

273 2318 396 2393 Sic
457 2336 603 2392 erat
659 2323 924 2395 dubius
949 2321 1200 2391 animi²
1213 2376 1234 2410 ,
1285 2337 1514 2391 utrum
1564 2320 1767 2391 nihil
1782 2324 2053 2401 timere,
2072 2347 2177 2391 an
2223 2329 2450 2395 omnia
2511 2403 2515 2408 ,

273 2431 494 2500 licere
529 2427 773 2498 mallet.
817 2431 1080 2509 Sanatis
1105 2428 1533 2516 vulneribus,
1568 2430 1839 2497 arcessit
1865 2452 2133 2518 omneS,
2170 2432 2283 2524 qui
2323 2433 2446 2500 sibi

271 2538 608 2633 pecunias
655 2561 978 2632 expensas
1035 2523 1363 2606 tulerant³

365 2721 510 2774 Ου’.
537 2720 670 2772 LV..
689 2739 738 2772 1.
775 2719 1093 2792 Calpurnium
1111 2719 1334 2774 ·Salvia-·

265 2822 422 2856 num·
475 2802 558 2854 De
607 2800 898 2871 Calpurnia
957 2813 1114 2872 gente
1153 2801 1322 2854 locuti

279 2899 514 2946 sumus,
541 2880 583 2933 l.
611 2898 714 2945 111,
739 2881 800 2933 B.
833 2881 1000 2946 C.,c.
1031 2882 1132 2945 183
1155 2897 1184 2932 e
1219 2897 1322 2951 qua

273 2964 376 3018 hic
413 2960 740 3032 Calpurnius
769 2959 985 3014 videtur
1023 2957 1322 3025 oriamdus,

273 3053 546 3096 caeterum
595 3057 710 3092 non
759 3039 977 3094 aliunde
1023 3053 1201 3093 notus.

277 3119 578 3191 Profitetur.
619 3120 812 3188 Libere
850 3120 1194 3192 proloquitur
1246 3123 1323 3170 in-

277 3203 492 3255 dicium.
530 3201 608 3253 Μ.
643 3199 828 3253 Nostri
855 3198 1036 3265 codd.‚
1075 3200 1322 3252 mdictum.

275 3304 370 3321 —-·
407 3281 556 3334 Vere.
581 3281 664 3332 Ex
697 3280 866 3333 animi
897 3281 1188 3346 sententia,
1211 3280 1325 3334 sine
1404 3321 1414 3329 .

276 3374 443 3416 metu
467 3379 530 3412 ac
555 3359 910 3414 simulatione.
933 3359 1012 3413 M.

375 3462 431 3494 α.
455 3441 744 3508 Affectus...
773 3441 953 3512 plum.
979 3439 1190 3493 Horum
1203 3457 1326 3492 ver-

279 3525 492 3577 horum
505 3537 512 3545 ⁸
525 3521 728 3573 incerta
762 3521 924 3573 lectio
956 3519 1067 3574 est':
1095 3517 1328 3572 editores

280 3613 492 3676 putant
505 3639 521 3668 ,
545 3620 578 3654 e
593 3597 1014 3672 vestigiis-codd.-
1040 3598 1328 3671 legendum

279 3679 504 3748 videri,
545 3681 716 3748 afficti
753 3680 987 3750 Mergih'o
1024 3692 1076 3730 et
1110 3679 1328 3753 Squillus

285 3765 548 3815 nominant
562 3760 636 3831 pl.
669 3759 776 3812 Sed
806 3779 905 3812 nec
934 3760 1048 3820 haec
1079 3771 1159 3812 est
1185 3771 1328 3812 certa

282 3859 486 3896 manus
529 3841 766 3896 Caesaris.
811 3841 890 3892 M.
937 3839 1123 3902 Nostri
1165 3836 1326 3892 codd.

285 3922 584 3992 Vulgatam
614 3921 831 3973 habent.
851 3920 1211 3990 ,Quapropter
1246 3918 1328 3970 nil

183 4060 186 4068 ,
287 3998 635 4056 mutandum.

379 4081 436 4133 3.
460 4081 578 4133 HS.
605 4079 683 4132 X.
705 4080 894 4132 Decies
911 4077 1208 4133 sestertium
1233 4095 1247 4129 ι
1277 4090 1332 4130 et

287 4180 422 4216 mox
449 4161 526 4220 L,
561 4161 930 4232 quinquagies.
963 4156 1328 4232 Glandorpius

1381 2549 1902 2630 ,acceptasque
1946 2559 2056 2604 eas
2094 2536 2287 2628 jubet
2334 2562 2443 2608 re-

1409 2717 2189 2789 eVal.Max.,11,4,1,p1-o
2218 2739 2445 2774 numero

1407 2799 1464 2850 X
1493 2797 1599 2868 legi
1622 2797 1741 2850 vult
1776 2798 1893 2850 LX.
1931 2798 2009 2850 Μ.
2034 2798 2177 2850 Male
2208 2799 2365 2854 codd.
2392 2815 2446 2854 et

1409 2874 1534 2942 edd.
1553 2889 1706 2942 vett„
1727 2867 1954 2930 sestertiis
1972 2878 2146 2930 decem.
2168 2879 2445 2934 Summam

1411 2976 1440 3011 a
1472 2957 1695 3009 Valerio
1742 2957 1983 3010 Maximo
2027 2956 2205 3015 datam
2250 2963 2445 3032 repetit

1408 3037 1535 3091 Joh.
1559 3036 1817 3090 sarisber.
1842 3038 2033 3110 policr.
2058 3055 2194 3104 vm,
2218 3059 2241 3092 1
2256 3039 2442 3096 5.Vid.
2482 3032 2486 3037 ’

1411 3129 1467 3170 et
1487 3117 1751 3182 Gronov„
1772 3115 1843 3169 de
1859 3136 1976 3189 pec.
2004 3130 2133 3186 vet„
2155 3139 2234 3190 ιν,
2253 3127 2305 3185 4.
2328 3123 2442 3174 Du-

1408 3198 1502 3251 hia
1528 3194 1615 3261 res
1644 3197 1735 3251 vix
1760 3216 1872 3250 esse
1900 3207 2093 3272 potest.

1505 3283 1561 3341 4.
1586 3278 1688 3346 Qui
1704 3280 1750 3328 si
1772 3273 1992 3332 maxime.
2016 3279 2195 3350 Vulgo
2213 3321 2227 3349 ,
2252 3283 2337 3353 qui
2356 3287 2447 3340 etsi

1414 3377 1478 3410 m.
1491 3359 1833 3412 *Pecunia
1866 3358 1955 3411 Sic
1990 3355 2237 3414 meliores
2277 3361 2439 3414 libri:

1413 3437 1597 3508 Vulg„
1604 3440 1811 3508 pecunia
1824 3441 2059 3500 remissus,
2076 3439 2113 3490 i.
2124 3459 2172 3492 e.
2185 3441 2443 3493 imminu·-

1414 3529 1500 3569 tus
1514 3529 1739 3588 propter
1751 3517 2143 3589 pecuniam.M.

1493 3597 1626 3649 Car.
1672 3597 1819 3650 LVI.
1862 3616 1911 3650 1.
1947 3598 2148 3650 Dolore.
2182 3599 2315 3664 Alii,
2354 3601 2442 3652 do-

1415 3678 1525 3728 lori.
1553 3690 1635 3720 ⁶³³-
1659 3677 1926 3728 Liemtae'am
1957 3689 2236 3749 temporum.
2268 3681 2443 3745 Quam

1413 3757 1651 3816 afferunt
1708 3768 1764 3808 et
1818 3759 2141 3828 permittunt
2203 3771 2443 3831 tempora

1415 3836 1622 3890 bellica.
1646 3835 1723 3888 M.
1775 3881 1781 3885 .

1501 3937 1554 3978 2.
1590 3916 1786 3968 Dubius
1822 3919 1988 3969 animi.
2014 3918 2191 3984 Alius,
2223 3924 2409 3974 animus
2423 3943 2467 3985 ‚-,

1417 3995 1510 4050 sed
1526 3996 1669 4050 istud
1684 3997 1817 4050 Scal.
1834 4016 1865 4049 e
1884 3995 2008 4050 cod.
2021 4015 2136 4052 suo.
2158 3998 2295 4054 Cod.
2317 4019 2443 4056 nos-

1419 4090 1501 4131 ter
1522 4078 1593 4148 57
1603 4082 1699 4147 64,
1712 4083 1910 4140 animm
1925 4079 2056 4130 alter
2064 4097 2193 4132 vero
2206 4119 2223 4147 ,
2238 4087 2439 4137 animus.

1504 4159 1555 4212 3.
1590 4159 1641 4212 T
1636 4159 2181 4214 akrant..Retu1erant
2202 4163 2261 4214 in
2292 4165 2445 4216 tabu·

1937 4265 2075 4338 26²
