3025 5025
622 487 755 556 DE
810 485 1158 574 ΒΗΜΛ)
1215 485 1589 554 clvlLl.
1649 487 1840 556 LIB.
1896 489 1996 556 11.
2244 513 2386 587 179

298 614 375 683 tit.
402 616 522 682 Dat
556 617 681 684 suis
718 618 983 710 signum
1022 616 1280 690 Sabura
1298 669 1319 704 ,
1352 617 1563 688 aciem
1605 619 1978 707 constituit,¹
2011 633 2079 688 et
2107 621 2391 692 circum-

294 723 372 790 ire
406 720 651 792 ordines
697 737 897 817 atque
940 723 1197 793 hortari
1242 725 1511 818 incipit;
1563 723 1681 794 sed
1724 724 2020 818 peditatu
2069 727 2396 798 duntaxat

293 827 491 921 procul
527 829 607 899 ad
648 831 935 924 speciem
981 827 1255 917 utitur¹‚
1298 831 1556 924 equites
1603 832 1672 901 in
1717 833 1928 902 aciem
1973 835 2192 924 mittit.
2239 839 2397 907 Non

290 933 445 1010 deest
472 939 730 1030 negotio
768 938 977 1008 Curio
996 991 1017 1026 ,
1059 962 1343 1032 suosque
1392 937 1738 1025 hortatur,
1783 952 1862 1008 ut
1897 964 2085 1035 spem
2127 967 2398 1012 omnem

291 1042 348 1108 in
394 1043 623 1114 virtute
675 1059 1009 1139 reponant
1041 1071 1057 1116 τ
1110 1070 1195 1116 ne
1248 1043 1566 1118 militibus
1610 1044 1883 1139 quidem
1901 1099 1920 1134 ‚
1967 1061 2046 1114 ut
2089 1047 2361 1120 defessis
2381 1105 2401 1138 ,

291 1172 470 1241 neque
510 1151 835 1244 equitibus
865 1205 885 1240 ,
924 1166 1002 1220 ut
1044 1152 1277 1246 paucis
1316 1165 1385 1222 et
1436 1149 1664 1222 labore
1699 1152 2055 1241 confectis,
2105 1155 2400 1226 studium

290 1254 357 1322 ad
379 1257 796 1350 pugnandum
824 1260 1167 1352 virtusque
1199 1258 1467 1330 deerat:
1502 1259 1618 1330 sed
1647 1260 1694 1328 ii
1719 1275 1915 1329 erant
1939 1285 2220 1330 numero
2251 1265 2403 1351 CC,

291 1361 485 1456 reliqui
512 1365 578 1432 in
610 1367 845 1437 itinere
876 1363 1365 1436 substiterant².
1397 1368 1484 1438 Hi
1519 1390 2010 1461 quamcumque
2044 1369 2114 1436 in
2144 1383 2403 1463 partem

290 1467 571 1562 impetum
614 1471 915 1545 fecerant
937 1526 957 1559 ,
998 1473 1223 1544 hostes
1266 1471 1417 1544 loco
1454 1472 1694 1543 cedere
1735 1475 2108 1568 cogebant3
2135 1475 2250 1544 sed
2287 1501 2403 1546 ne-

286 1599 389 1666 que
438 1575 691 1672 longius
732 1578 1063 1674 fiigientes
1109 1581 1467 1676 prosequi,
1515 1604 1642 1650 nec
1691 1579 2152 1650 vehementius
2196 1607 2403 1676 equos

286 1681 521 1752 incitare
560 1701 888 1780 poterant.
927 1689 1016 1758 At
1047 1688 1377 1780 equitatus
1416 1687 1720 1818 hostium3
1741 1686 1828 1756 ab
1867 1702 2152 1781 utroque
2192 1713 2407 1758 cornu
2479 1693 2490 1704 '

267 1789 595 1867 circumire
646 1795 862 1865 aciem
914 1808 1247 1880 nostram,
1290 1809 1381 1868 et
1400 1778 1720 1864 aversos³
1763 1791 2108 1889 proterere
2149 1797 2400 1891 incipit.

284 1893 477 1982 Quum
514 1900 827 1968 cohortes
860 1924 943 1968 ex
980 1901 1120 1970 acie
1156 1898 1768 1995 procucurrissent,
1812 1901 2123 1971 Numidae
2167 1904 2406 1998 integri

282 2000 576 2074 celeritate
648 2008 977 2100 impetum
1054 2021 1439 2076 nostrorum
1527 2006 1942 2102 effugiebant
1970 2061 1990 2096 ,
2045 2033 2406 2102 rursusque

282 2107 349 2174 ad
386 2111 645 2181 ordines
704 2137 861 2182 suos
912 2137 981 2182 se
1024 2114 1421 2207 recipientes
1473 2114 1917 2182 circumibant
1942 2167 1962 2204 ,
2003 2128 2070 2181 et
2124 2115 2210 2183 ab
2267 2118 2407 2184 acie

280 2214 705 2286 excludebant.
755 2221 864 2287 Sic
916 2243 1131 2314 neque
1176 2221 1243 2287 in
1294 2218 1444 2289 loco
1489 2245 1761 2290 manere.
1815 2221 2213 2314 ordinesque
2259 2247 2404 2290 ser—

280 2344 409 2390 vare
418 2350 675 2420 ,neque
710 2351 1141 2445 procurrere
1137 2341 1205 2396 et
1232 2350 1460 2401 casum
1492 2326 1750 2412 subire,
1781 2341 2004 2396 tutum
2033 2327 2403 2398 videbatur.

278 2377 553 2502 Hostium
596 2434 855 2528 copiae,
888 2435 1227 2502 submissis
1250 2435 1343 2502 ab
1384 2458 1542 2529 rege
1583 2377 1876 2521 auxiliiS,
1915 2433 2156 2502 crebro
2196 2457 2404 2555 auge-

276 2533 525 2609 bantur:
560 2555 832 2610 nostros
882 2543 1057 2610 vires
1108 2540 1489 2610 lassitudine
1546 2527 1993 2609 deficiebant⁴
2024 2566 2038 2607 :
2083 2538 2333 2611 simul
2315 2542 2402 2631 1i,

275 2645 369 2734 qui
412 2647 689 2717 vulnera
741 2662 1178 2743 acceperant,
1228 2672 1448 2743 neque
1492 2648 1632 2717 acie
1669 2646 2030 2733 excedere,
2073 2672 2290 2740 neque
2333 2597 2404 2715 iri

274 2744 465 2821 locum
519 2769 745 2823 tutum
793 2754 1025 2823 referri
1071 2769 1417 2849 poterant,
1460 2753 1642 2847 quod
1693 2768 1834 2821 tota
1879 2754 2051 2820 acies
2105 2755 2404 2847 equitatu

230 2932 235 2936 .
273 2852 532 2929 hostium
581 2860 999 2929 circumdata
1043 2859 1413 2931 tenebatur.
1466 2861 1588 2950 Hi,
1629 2860 1713 2929 de
1758 2857 1968 2928 salute
2007 2884 2127 2929 sua
2160 2858 2401 2957 despe-

338 3042 453 3098 Cn».
484 3046 617 3099 XLI
661 3064 710 3098 1.
752 3046 1062 3104 Peditum...
1108 3051 1277 3099 utitur.

272 3120 505 3179 Nonnulli
562 3124 729 3181 codd.
782 3140 836 3179 et
892 3139 1074 3179 noster
1126 3127 1296 3197 5764·

271 3200 444 3257 hahent
477 3198 770 3277 peditatum.
787 3246 799 3258 .
820 3247 831 3259 .
852 3244 863 3257 .
900 3210 1053 3259 utitur
1069 3245 1085 3269 ,
1130 3208 1279 3277 quasi

266 3284 467 3337 verbum
496 3300 614 3338 utor
650 3304 733 3356 ap.
775 3287 1035 3341 Caesarem
1066 3304 1281 3357 quoque

264 3363 552 3435 jungeretur
594 3366 895 3419 accusativo
912 3404 928 3431 ,
968 3364 1116 3437 quod
1168 3385 1280 3418 non

267 3441 398 3497 facile
436 3442 829 3499 admittendum
862 3444 993 3499 dicit
1024 3442 1277 3499 Oudend.

268 3522 378 3577 Vid.
410 3527 559 3580 Cort.
612 3524 677 3577 ad
718 3526 840 3579 Sall.
886 3526 1037 3598 Jug„
1074 3546 1137 3582 12
1168 3564 1184 3591 ,
1224 3526 1277 3579 3.

269 3599 441 3658 Noster
470 3605 591 3659 cod.
621 3607 685 3657 R.
709 3605 893 3675 5768,
920 3618 973 3657 et
994 3595 1084 3659 alii
1108 3606 1280 3657 multo

264 3682 425 3751 plures
447 3687 709 3757 peditatu..
719 3725 753 3739 ..
788 3689 955 3737 utitur.

339 3784 385 3816 α.
412 3768 459 3819 Ii
484 3779 628 3818 erant
665 3785 854 3817 numero
882 3764 1001 3823 CC,
1036 3765 1249 3837 reliqui
1230 3784 1281 3817 m

262 3844 415 3897 itinere
466 3847 802 3909 substiterant.
863 3843 1035 3897 Codd.
1092 3864 1282 3918 magna

264 3940 373 3991 pars
412 3940 465 3979 et
509 3940 692 3979 noster
724 3926 788 3977 R.
828 3926 978 3995 5768·
997 3943 1011 3977 ε
1032 3929 1071 3977 ἰί
1090 3944 1282 3977 numero

268 4000 355 4054 CC
361 4007 529 4078 reliqui
540 4011 591 4059 in
608 4010 773 4058 itinere
788 4006 1110 4067 substiterant,
1134 4002 1282 4075 quod

265 4080 479 4139 alienum
524 4100 667 4140 certe
710 4097 764 4137 et
808 4086 1074 4159 ingratum
1122 4085 1284 4137 offert

264 4178 460 4219 sensum
476 4206 491 4233 ,
516 4180 571 4221 et
598 4164 1022 4239 praecedentibus
1062 4166 1283 4223 minime

1368 3056 1801 3099 consentaneum.
1853 3044 2015 3099 Recte
2051 3043 2216 3115 igitur
2267 3044 2402 3099 Scal.

1368 3124 1632 3197 reposuit:
1645 3128 1684 3175 ii
1699 3122 2095 3183 e1·antnum.CC,·
2107 3126 2293 3199 reliqui,
2311 3138 2401 3179 etc.

1454 3206 1507 3261 3.
1529 3206 1584 3259 A
1589 3224 1758 3259 versos.
1775 3206 1821 3257 A
1836 3216 2002 3275 tergo.
2031 3202 2202 3257 Codd.
2231 3207 2404 3261 nostri

1368 3286 1603 3347 adversos,
1623 3283 1680 3339 id
1701 3298 1797 3349 est,
1820 3277 1943 3337 ante
1961 3283 2182 3356 positos,
2203 3286 2289 3337 vel
2307 3284 2401 3337 ad-

1366 3365 1654 3431 versari033
1675 3365 1806 3419 item
1827 3365 2054 3423 Dorvill.
2079 3376 2133 3417 et
2157 3362 2278 3418 edd.
2307 3384 2401 3417 an·

1367 3446 1530 3517 tiquae
1551 3441 1840 3499 nonnullae.
1861 3446 1931 3497 At
1949 3443 2227 3516 dispositio
2250 3445 2400 3515 equi-

1368 3534 1507 3579 tatus
1527 3526 1764 3579 hostium
1796 3524 1890 3593 qui
1917 3524 2398 3589 circumibat‚nul-

1364 3606 1479 3660 lum
1527 3604 1694 3657 dubio
1740 3605 1919 3655 locum
1964 3602 2243 3673 relinquit,
2271 3605 2402 3675 quin

1367 3686 1433 3739 sit
1460 3682 1746 3757 legendum
1774 3702 1988 3743 aversos,
2013 3700 2130 3737 non
2159 3683 2398 3737 adversos,

1452 3772 1503 3829 4.
1531 3766 1738 3817 Nostros
1758 3766 1887 3815 vires
1913 3760 2192 3815 lassitudine
2216 3762 2404 3833 deficie-

1368 3845 1500 3897 bant.
1535 3842 1671 3908 Alii,
1703 3842 1843 3895 inter
1884 3860 2018 3913 quos
2056 3855 2237 3897 noster
2277 3843 2397 3898 cod.

1374 3924 1556 3993 5764,
1585 3941 1745 3994 quem
1787 3934 1994 3975 secutus
2029 3934 2106 3975 est
2131 3922 2402 3997 Scaliger,

1369 4006 1543 4057 nostris
1589 4006 1720 4053 vires
1733 4039 1748 4063 ,
1788 4014 1877 4055 etc.
1917 4004 1987 4055 At
2031 4000 2198 4057 codex
2223 4005 2251 4057 5
2260 4007 2372 4075 768
2387 4044 2405 4071 ,

1370 4096 1638 4139 nostrorum
1654 4084 1784 4135 vires
1796 4074 1924 4141 ,eta
1950 4088 2019 4135 At
2036 4082 2158 4137 vide
2177 4084 2403 4139 similem

1368 4164 1680 4223 varietatem
1695 4163 1754 4217 in
1771 4163 1808 4219 l.
1831 4164 1946 4228 III,
1961 4163 2094 4219 Bell.
2112 4164 2252 4236 Gal.,
2276 4185 2324 4221 c.
2349 4167 2398 4219 5.

1897 4244 2032 4315 12²
