3025 5025
922 482 1742 557 ALEXANDRINO.
2260 493 2415 579 413

225 618 530 691 eiscitur
564 619 636 689 in
661 615 980 689 Ciliciam.
1014 622 1224 715 Cujus
1256 621 1614 716 provinciae
1656 620 1959 689 civitates
1994 645 2227 694 omnes
2256 650 2414 699 evo·

245 742 361 797 cat
405 729 693 797 Tarsum
709 780 729 815 ‚
767 726 950 821 quod
990 727 1314 823 oppidum
1361 728 1500 797 fer'e
1548 730 1753 797 totius
1794 726 2041 797 Ciliciae
2084 732 2412 805 nobilissi-

245 860 445 904 mum
495 834 1060 930 fortissimumque
1105 849 1222 905 est.
1268 835 1418 923 Ibi,
1461 835 1665 905 rebus
1708 835 2019 904 omnibus
2055 842 2416 931 provinciae

245 954 316 1010 et
369 941 810 1011 finitimarum
861 943 1209 1011 civitatum
1266 943 1645 1011 constitutis
1660 994 1679 1031 ,
1734 942 2095 1037 eupiditate
2147 946 2413 1040 profici-

245 1048 486 1117 seendi
541 1048 628 1117 ad
679 1047 928 1118 bellum
973 1048 1340 1144 gerendum
1393 1074 1533 1117 non
1587 1048 1837 1119 diutius
1889 1064 2227 1135 moratum
2273 1078 2415 1124 ma·

245 1157 538 1249 gnisque
591 1155 936 1225 itineribus
990 1180 1112 1251 per
1163 1155 1663 1252 Cappadociam
1717 1154 2039 1227 confectis
2061 1208 2081 1244 ‚
2137 1158 2415 1237 biduum

243 1264 551 1331 Mazaeoe
595 1277 1048 1332 commoratus
1067 1316 1086 1351 ‚
1115 1263 1301 1332 venit
1339 1260 1683 1333 Comana²
1704 1318 1723 1351 ‚
1767 1265 2293 1333 vetustissimum
2348 1283 2418 1337 et

245 1370 747 1439 sanctissimum
809 1371 880 1437 in
947 1370 1378 1465 Cappadocia
1436 1369 1727 1439 Bellonae
1790 1368 2114 1464 templum
2136 1424 2157 1458 ‚
2236 1374 2418 1466 quod

245 1490 442 1545 tanta
489 1474 810 1571 religione
852 1474 1128 1564 colitur,
1169 1492 1248 1546 ut
1295 1476 1608 1547 sacerdos
1651 1479 1817 1546 Deae
1856 1478 1997 1571 ejus
2041 1479 2417 1571 majestate,

245 1584 541 1678 imperio
572 1636 592 1671 ‚
641 1598 711 1652 et
762 1585 1064 1679 potentia
1117 1583 1448 1655 secundus
1503 1608 1547 1651 a
1604 1602 1762 1679 rege
1814 1608 2143 1654 consensu
2203 1579 2441 1679 gentis'

243 1688 430 1759 illius
465 1676 810 1763 habeatur.
848 1689 930 1759 Id
965 1691 1221 1759 homini
1262 1688 1670 1761 nobilissimo
1716 1691 2080 1785 Lycomedi
2128 1692 2418 1787 Bithyno

246 1796 693 1891 adjudicavit,
716 1787 861 1891 qui,
897 1799 1082 1893 regio
1105 1797 1587 1892 Cappadocum
1618 1820 1863 1893 genere
1890 1813 2111 1889 ortua,
2144 1814 2419 1895 propter

246 1902 611 1973 adversam
645 1903 982 1973 fortunam
1026 1904 1356 1997 majorum
1395 1929 1672 1973 suorum
1716 1906 2285 1999 mutationemque
2317 1932 2421 2001 ge-

247 2010 474 2098 neris4
522 2011 673 2105 jure
720 2012 994 2080 minime
1041 2011 1283 2099 dubio,
1336 2024 1666 2080 vetustate
1724 2026 1950 2081 tamen
2002 2012 2378 2082 intermisso
2399 2068 2419 2102 ‚

249 2116 711 2188 sacerdotium
758 2116 827 2187 id
878 2118 1240 2214 repetebat.
1287 2120 1591 2187 Fratrem
1643 2132 1869 2189 autem
1901 2116 2373 2199 Ariobarzanis
2394 2107 2420 2149 ⁴

233 2224 662 2293 Ariarathen
678 2279 698 2313 ‚
731 2249 941 2319 quum
984 2225 1154 2293 bene
1185 2227 1462 2299 meritus
1501 2240 1786 2319 uterque
1829 2249 2063 2294 eorum
2098 2227 2185 2295 de
2223 2250 2424 2321 repu-

249 2330 434 2401 blica
471 2345 680 2420 esset‚
705 2356 792 2400 ne
829 2346 946 2400 aut
977 2333 1163 2426 regni
1189 2330 1539 2402 haereditas
1568 2330 1968 2401 Ariarathen
2012 2331 2423 2423 sollicitaret,

251 2561 340 2615 sui
375 2559 576 2613 oblitus
599 2571 700 2613 est.
737 2559 865 2613 Hoc
901 2557 1148 2612 Davisius
1177 2575 1294 2611 mo-

251 2642 401 2694 nuit.
435 2637 677 2694 Fortasse
703 2641 963 2711 potuisset
990 2638 1099 2692 dici
1133 2639 1297 2691 eadem

253 2723 532 2784 celeritate,
548 2733 612 2773 ut
627 2739 743 2792 cap.
762 2721 868 2772 hoc
887 2731 1153 2784 extremo,
1171 2719 1298 2790 quia

255 2803 445 2858 cam
463 2839 481 2865 ‚
501 2799 728 2873 cupidus
750 2803 977 2853 Romam
1005 2797 1298 2864 redeundi,

151 2923 159 2930 ·
253 2897 382 2936 toto
402 2881 508 2933 hoo
531 2881 725 2934 itinere
749 2877 1164 2934 festinavitvid.
1181 2897 1295 2951 cap.

259 2983 334 3036 71
362 3000 380 3027 ,
425 2963 520 3032 78.
567 2961 645 3014 Μ.
689 2958 976 3013 Monaerat
1013 2959 1262 3012 Ueserim
1281 2999 1298 3026 ,

255 3047 409 3098 Ann.
425 3039 499 3094 ad·
508 3061 554 3095 a.
572 3043 645 3109 39
655 3040 725 3112 57
734 3081 746 3094 .
759 3041 1005 3094 sun-iuius
1015 3037 1301 3110 legendum

257 3131 422 3198 putat
446 3139 544 3194 qua
574 3118 930 3174 Alexandriam
951 3132 1167 3172 winerat.

353 3221 405 3255 ει.
451 3202 690 3256 Comana.
719 3199 863 3254 Vide
899 3219 1018 3273 cap.
1057 3201 1147 3264 34.
1182 3199 1300 3252 Hoc

257 3286 389 3339 loeo
437 3282 674 3335 Comana
712 3280 1066 3353 Cappadocia
1104 3279 1302 3333 intelli-

260 3377 491 3438 guntur.
519 3363 688 3416 Clu..
719 3363 802 3414 De
829 3363 1051 3432 regione
1081 3373 1136 3414 et
1164 3358 1300 3412 deli·

257 3446 366 3499 ciis
384 3446 498 3513 ej„
509 3443 664 3514 phua
681 3441 825 3514 apud
841 3441 1186 3505 Strabonem,
1203 3441 1299 3494 lib.

263 3543 386 3590 χιι,
427 3541 482 3595 p.
514 3524 664 3591 5593
695 3520 764 3575 de
795 3522 995 3594 templo
1020 3539 1220 3594 pauca,
1243 3539 1298 3592 p.

261 3606 388 3660 536
407 3641 424 3670 ‚
455 3603 568 3674 557
583 3641 601 3667 ‚
621 3603 719 3656 uhi
749 3601 1049 3656 Sacerdotis
1073 3600 1303 3654 Comani

267 3683 486 3738 Pontici
517 3695 571 3737 et
592 3680 926 3756 Cappadocis
948 3679 1196 3735 eamdem
1223 3699 1305 3734 re·

263 3765 527 3836 ligionem
541 3762 868 3835 eosdemque
879 3762 1015 3815 ritus
1033 3779 1304 3814 sacrorum

269 3862 386 3900 esee
415 3843 590 3898 docet.
622 3845 766 3915 Ergo
795 3843 958 3896 etiam
984 3842 1168 3895 licebit
1196 3842 1304 3894 huc

269 3927 507 3990 referre,
529 3939 649 3996 quae
673 3943 794 3995 pag.
833 3921 944 3995 575
979 3921 1048 3975 de
1079 3922 1304 3976 Pontico

271 4004 562 4060 Sacerdote
607 4003 894 4058 traduntur
916 4042 933 4069 ‚
965 4001 1306 4074 prohibitum

271 4105 386 4140 esse
415 4105 446 4139 a
472 4084 696 4157 porcina
717 4103 907 4150 carne,
925 4101 1104 4154 neque
1133 4083 1306 4134 ullum

275 4167 333 4220 in
348 4186 411 4220 ea
423 4166 644 4238 regione
659 4183 885 4237 porcum
903 4165 974 4219 ali
987 4165 1063 4218 fan
1081 4181 1209 4218 esse.
1226 4162 1304 4217 M.

1383 2589 1466 2602 —
1481 2557 1555 2611 Ut
1562 2557 1783 2610 sacerdos
1796 2558 1935 2628 hujus
1952 2559 2072 2612 deoe.
2092 2557 2284 2614 Strabo
2304 2579 2417 2614 me·

1383 2651 1560 2692 morat
1594 2658 1687 2691 sua
1724 2650 1875 2692 aetate
1910 2639 2034 2709 plus
2078 2657 2239 2710 quam
2271 2642 2419 2695 mille

1384 2737 1565 2771 servos
1584 2737 1759 2772 sacros
1772 2718 2022 2784 Bellona,
2041 2719 2179 2789 regis
2196 2719 2418 2792 quidem

1385 2797 1740 2870 Cappadocia
1766 2797 2038 2865 subditos,
2072 2799 2215 2852 illius
2245 2817 2417 2854 sacer·-

1385 2877 1531 2932 dotis
1554 2879 1785 2951 imperio
1814 2879 2071 2950 paruisse.

1472 2961 1525 3012 3.
1572 2959 1649 3012 Id.
1688 2960 1933 3030 Intellige
1968 2960 2301 3013 sacerdotium,
2338 2990 2420 3004 -—-

1386 3038 1662 3110 Lycomedi.
1696 3040 1809 3103 Sic,
1834 3037 2227 3112 Oudendorpio
2256 3051 2387 3094 teste
2403 3081 2418 3109 ,
2510 3094 2517 3103 ,

1383 3118 1546 3173 eodd.
1572 3121 1755 3192 plu-es
1770 3158 1787 3185 ,
1812 3119 1961 3190 iique
1993 3120 2124 3173 boni
2139 3159 2155 3186 ,
2188 3133 2242 3173 et
2274 3121 2418 3175 Stra-

1383 3201 1459 3253 bo
1487 3195 1609 3262 (ιιι
1640 3211 1758 3271 pag.
1799 3198 1963 3264 558).
1990 3199 2192 3254 Contra
2224 3203 2421 3274 Appia-

1387 3299 1489 3333 nus
1507 3275 1599 3342 (Β.
1627 3280 1837 3347 Μὶτὶπ.,
1858 3299 1905 3333 c.
1938 3299 1963 3332 1
1978 3299 2005 3332 α
2020 3299 2043 3332 1
2060 3319 2079 3346 ,
2094 3300 2151 3352 p.
2180 3283 2314 3346 254,
2328 3279 2413 3336 ed.

1388 3357 1607 3432 steph.)
1636 3357 1986 3413 Nieomedem
2017 3361 2329 3432 appellavit,
2355 3375 2418 3415 ut

1389 3439 1705 3494 ciacconius
1720 3453 1776 3494 et
1804 3441 2049 3494 Davisius
2070 3453 2418 3497 monuerunt.

1388 3519 1474 3573 Ad
1503 3521 1619 3573 hoee
1640 3521 1743 3574 nisi
1769 3520 1916 3574 aliud
1948 3533 2320 3592 argumentum
2338 3539 2419 3576 ae-
2483 3575 2493 3585 ,

1389 3601 1631 3666 cesserit,
1654 3602 1890 3654 manebit
1914 3601 2075 3654 lectio
2097 3601 2314 3654 incerta.
2334 3602 2414 3656 M.

1387 3682 1454 3732 In
1504 3699 1710 3752 nupera
1761 3679 1999 3733 editione
2048 3699 2140 3734 sua
2172 3683 2418 3754 ‚Appiani

1390 3760 1913 3831 Schweighaeuserus
1930 3761 2169 3834 reposuit
2187 3763 2417 3833 Lycome-

1386 3841 1466 3902 Δι’,
1493 3851 1704 3894 secutus
1726 3837 2211 3911 Oudendorpium3
2234 3855 2420 3896 contra

1391 3919 1679 3974 Goduinus
1724 3933 1778 3973 et
1825 3920 2082 3973 cellarius
2130 3923 2189 3974 in
2233 3935 2419 3977 nostro

1391 4002 1512 4054 loco
1540 3999 1737 4054 dedere
1767 4001 2040 4054 Nicomedi.
2072 4001 2176 4055 On.
2202 4033 2282 4046 --
2313 4002 2415 4057 Ge·

1392 4087 1537 4135 neris.
1566 4082 1743 4136 Jurin.
1778 4082 1957 4134 mallet
1981 4087 2157 4152 gentis.

1481 4170 1535 4227 4.
1562 4163 1787 4218 Fratrem
1816 4161 1994 4217 Ariob.
2029 4163 2313 4218 Ami-‚De
2338 4165 2421 4218 hin
