3025 5025
579 466 729 562 264
881 475 959 542 C.
1015 470 1303 540 JULII
1361 470 1838 539 CAESARIS
1894 470 2454 541 COMMENT.

676 608 930 676 LVIII.
991 606 1216 673 Caesar
1233 629 1416 697 ,quo
1453 600 1708 672 facilius
1730 603 2096 696 equitatum
2133 605 2616 699 Pompeianum
2643 602 2738 671 ad

570 712 1070 806 Dyrrhachium
1096 712 1499 807 contineret,
1522 724 1591 778 et
1611 708 2039 813 pabulatione
2057 710 2474 803 prohiberet,
2498 711 2736 779 aditus

567 816 773 887 duos¹
781 871 800 905 ‚
831 842 999 912 quos
1043 842 1184 886 esse
1220 830 1539 910 angustos
1575 802 2217 905 demonstravimus,
2260 819 2521 909 magnis
2561 842 2735 911 ope—

565 925 752 993 ribus
794 926 1256 1020 praemunivit,
1295 921 1694 1015 castellaque
1730 922 1835 990 his
1870 920 2031 990 locis
2064 924 2303 1016 posuit.
2325 925 2735 1017 PompeiuS‚

565 1031 684 1099 ubi
711 1030 876 1100 nihil
906 1030 1143 1125 profici
1179 1031 1480 1123 equitatu
1506 1030 1825 1123 cognovit
1847 1081 1866 1115 ‚
1892 1030 2127 1123 paucis
2160 1030 2551 1098 intermissis
2580 1030 2732 1097 die-

564 1136 692 1205 bus
713 1192 732 1226 ‚
771 1161 1038 1206 rursum
1081 1160 1236 1205 eum
1278 1135 1677 1206 navibusad
1718 1160 1788 1203 se
1828 1135 2003 1202 intra
2035 1136 2433 1203 munitiones
2458 1138 2731 1230 recipit.

564 1245 734 1312 Erat
799 1267 1060 1312 summa
1101 1235 1331 1337 inopia
1376 1239 1647 1335 pabuli,
1688 1240 1857 1309 adeo
1915 1255 1991 1309 ut
2032 1239 2202 1310 foliis
2244 1266 2327 1309 ex
2362 1242 2733 1311 arboribus

565 1350 810 1419 strictis
841 1404 861 1439 ‚
904 1365 972 1419 et
1015 1350 1259 1417 teneris
1301 1346 1703 1416 arundinum
1748 1346 2079 1416 radicibus
2124 1348 2417 1416 contusis
2443 1402 2462 1435 ‚
2508 1374 2735 1443 equos

565 1454 820 1525 alerent
839 1483 853 1525 ε
875 1456 1214 1525 frumenta
1232 1459 1412 1523 enim
1429 1509 1448 1541 ‚
1467 1479 1615 1548 quae
1635 1453 1902 1522 fuerant
1923 1455 2098 1522 intra
2116 1455 2519 1522 munitiones
2546 1471 2733 1542 sata,

563 1576 1107 1657 consumserant,
1133 1576 1202 1631 et
1229 1561 1642 1657 cogebantur
1663 1614 1683 1649 ‚
1714 1562 2011 1653 Corcyra
2041 1560 2251 1654 atque¹
2276 1561 2668 1629 Acarnania
2686 1561 2731 1649 ²,

564 1667 768 1763 longo
801 1670 1149 1761 interjecto
1177 1669 1617 1762 navigationis
1645 1667 1857 1760 spatio
1878 1719 1897 1753 ‚
1921 1665 2244 1760 pabulum
2280 1681 2733 1760 supportare;

563 1800 832 1869 quoque
865 1790 1010 1844 erat
1041 1776 1183 1869 ejus
1208 1776 1304 1842 rei
1330 1775 1552 1842 minor
1572 1774 1763 1867 copia
1783 1827 1802 1860 ‚
1832 1772 2087 1841 hordeo
2116 1772 2446 1866 adaugere
2467 1825 2486 1859 ‚
2516 1788 2732 1869 atque

563 1881 667 1949 his
690 1882 1060 1969 rationibus
1082 1882 1452 1974 equitatum
1471 1878 1773 1948 tolerare.
1797 1878 1926 1947 Sed
1939 1893 2337 1973 ‚postquam
2358 1904 2494 1947 non
2516 1883 2733 1951 modo

563 1964 893 2056 hordeum
914 1986 1368 2082 pabulumque
1387 1986 1733 2055 omnibus
1716 2011 1784 2053 in
1809 1985 1969 2053 locis
1981 1985 2378 2115 ‚herbaeque
2401 1985 2729 2077 desectae,

564 2092 679 2161 sed
703 2095 906 2162 etiam
933 2092 1191 2163 fructus
1218 2117 1299 2161 ex
1320 2092 1675 2161 arboribus
1696 2077 2127 2161 deficiebant³
2133 2094 2509 2186 ‚corruptis
2534 2097 2731 2188 equis

564 2200 814 2289 macie,
837 2198 1215 2268 conandum
1235 2198 1359 2267 sibi
1383 2197 1633 2292 aliquid
1664 2200 2020 2293 Pompeius
2049 2197 2132 2267 de
2164 2200 2515 2293 eruptione
2551 2204 2729 2271 exis·

561 2306 838 2375 timavit.

562 2494 640 2537 tat
678 2482 730 2536 T
724 2486 866 2554 urpin
892 2481 953 2536 de
987 2482 1152 2536 Crisse'
1168 2501 1189 2536 .·
1213 2499 1340 2535 nam
1365 2500 1466 2534 nec
1499 2480 1595 2535 de·

559 2563 713 2618 c‘ebat
742 2563 810 2616 ab
837 2562 1082 2616 inferiori
1103 2565 1338 2633 castigari
1366 2562 1595 2634 impera·

1683 2482 1952 2548 Quoniam
1982 2502 2157 2537 sermo
2184 2494 2264 2537 est
2293 2481 2360 2536 de
2391 2482 2579 2555 equis,
2618 2485 2726 2539 cri·-

1682 2563 1774 2616 tici
1806 2575 1997 2634 petunt
2019 2563 2151 2634 quid
2177 2564 2380 2617 fructus
2408 2562 2728 2620 deficientes

560 2657 750 2698 torem.
777 2641 881 2696 Sed
913 2661 1081 2714 quum
1113 2643 1372 2695 nonnulla
1407 2655 1595 2695 aucto·
1682 2639 1751 2694 ad
1776 2661 1957 2713 equos.
1990 2643 2153 2696 Unde
2188 2644 2432 2696 Davisius
2462 2645 2729 2700 emendat

559 2725 716 2776 ritate
731 2761 748 2788 ,
789 2721 934 2794 apud
978 2722 1332 2794 Pompeianos
1391 2723 1593 2774 valeret

1668 2725 1816 2788 frons
1845 2722 2098 2792 deficiebat
2110 2745 2130 2785 ‚-
2152 2724 2357 2789 Clark.,
2365 2725 2575 2792 frondes
2602 2725 2727 2796 defi-

560 2803 828 2856 Favonius
844 2841 861 2868 ,
902 2801 1208 2873 Scipionem
1248 2803 1594 2854 vehementer
1677 2802 1882 2855 ciebant.
1916 2801 2068 2856 Istud
2090 2805 2285 2870 fructus
2315 2804 2494 2855 forsan
2527 2823 2595 2856 ex
2627 2825 2723 2858 an-

558 2881 904 2947 admonet,ne
912 2900 967 2934 se
973 2880 1333 2952 blandiloquis
1345 2883 1595 2935 Caesaria-

557 2980 759 3015 norum
780 2961 958 3014 verbis
976 2960 1124 3014 inlici
1141 2962 1430 3034 permittat.
1447 2962 1591 3014 Male

559 3043 946 3112 intel-pungunt
959 3077 976 3106 ,
1005 3040 1097 3111 qui
1125 3052 1248 3112 post
1277 3043 1553 3094 admittitur
1569 3080 1585 3102 ,

556 3123 814 3193 majorem
875 3132 1088 3191 ponunt
1145 3118 1545 3174 distinctionem
1570 3141 1587 3187 3

557 3220 682 3254 nam
694 3241 709 3269 ‚
719 3201 824 3252 hoc
837 3199 1000 3252 modo
1010 3239 1027 3266 ‚
1039 3200 1219 3253 hiulca
1234 3201 1372 3254 foret
1393 3201 1583 3254 oratio.

639 3283 769 3334 CAP.
800 3279 1006 3332 LVIII.
1046 3299 1094 3332 1.
1119 3283 1261 3332 Duos
1291 3283 1470 3333 aditus.
1505 3283 1587 3333 De

555 3381 665 3416 uno
705 3372 914 3413 tantum
941 3361 1152 3413 locutus
1188 3374 1265 3413 est
1285 3399 1300 3426 ,
1320 3380 1434 3432 cap.
1472 3367 1541 3424 41
1566 3379 1582 3426 3

556 3455 609 3495 at
643 3448 714 3510 49
735 3479 750 3507 ,
779 3438 847 3492 de
893 3444 1129 3510 angustiis
1167 3440 1370 3492 vallium
1407 3458 1583 3492 sermo

552 3522 684 3575 fuit:
707 3521 884 3573 forsan
904 3519 972 3572 ad
996 3521 1140 3573 hunc
1158 3520 1338 3572 locum
1359 3533 1595 3590 spectat:

636 3622 686 3654 α.
717 3601 1021 3652 Acarnania.
1062 3599 1356 3652 Acarnania
1381 3601 1490 3669 jam
1521 3599 1578 3652 in

547 3693 862 3754 potestatem
892 3680 1113 3733 Caesaris
1151 3691 1400 3745 venerat3
1430 3679 1576 3732 unde

545 3757 880 3824 Markland„
914 3760 970 3811 in
1011 3759 1199 3830 explic.
1237 3771 1364 3812 vett.
1400 3771 1538 3812 auct.
1556 3799 1573 3825 ‚

543 3862 598 3913 p.
643 3846 753 3912 ²74
773 3879 789 3906 ,
816 3840 1112 3914 suspicatur
1145 3837 1429 3910 legendum
1461 3859 1573 3893 esse

542 3926 593 3973 in
612 3920 886 3981 Candavia,
909 3938 1028 3990 quas
1044 3919 1142 3972 sub
1167 3919 1422 3990 Pompeio
1438 3933 1567 3973 erat.

545 4000 686 4053 Vide
713 4017 872 4071 supra
889 4037 905 4063 ‚
928 4018 1044 4070 cap.
1074 4016 1154 4064 11,
1186 4011 1240 4053 et
1267 4000 1407 4052 infra
1425 4036 1442 4063 ‚
1469 4017 1563 4068 79.

539 4083 678 4133 Item
708 4080 858 4150 epist.
893 4079 1005 4132 Cic.
1029 4077 1098 4131 ad
1130 4081 1262 4144 Att.,
1287 4097 1376 4143 111,
1403 4098 1457 4149 7.

621 4162 673 4213 3.
687 4159 897 4212 Fructus
913 4179 974 4212 ex
989 4158 1238 4212 arboribus
1259 4157 1559 4228 deficiebant.

1678 2882 1829 2954 tiquo
1847 2883 1995 2950 fi‘uns
2011 2895 2191 2935 ortum
2209 2895 2361 2954 putat
2381 2881 2723 2938 Oudendor-

1674 2961 1829 3032 pius,
1856 2961 2003 3034 quod
2027 2982 2137 3014 non
2166 2963 2722 3034 intelligenteslibra-

1674 3041 1745 3093 rii
1770 3055 2127 3113 reposuerunt
2140 3045 2336 3110 fructus
2351 3063 2369 3094 .·
2388 3062 2510 3114 quae
2530 3057 2720 3098 tamen

1672 3119 1831 3174 lectio
1856 3121 1983 3174 ferri
2001 3134 2202 3193 potest,
2220 3141 2345 3176 nam
2356 3123 2567 3189 frondes
2586 3139 2719 3179 sunt

1673 3219 1889 3272 quoque
1894 3202 2105 3268 fructus,
2125 3215 2417 3274 proventus
2431 3205 2719 3271 arborum,

1670 3293 1925 3350 praeterea
1948 3295 2076 3335 sunt
2104 3282 2318 3335 arbores
2342 3283 2531 3335 multae
2552 3303 2679 3356 quae
2693 3323 2710 3350 ‚

1669 3361 1836 3412 veluti
1863 3362 2071 3432 juglans
2088 3401 2103 3428 ,
2121 3381 2377 3434 quercus,
2399 3363 2516 3414 tilia
2533 3401 2549 3425 ,
2582 3377 2715 3431 etc„

1668 3441 1873 3493 fructus
1894 3443 2074 3495 ferunt
2093 3443 2307 3514 quibus,
2320 3442 2377 3493 in
2401 3461 2600 3513 magna
2624 3463 2719 3498 ne·

1666 3520 1931 3588 cessitate,
1958 3523 2101 3574 vesci
2129 3533 2352 3593 possunt
2372 3522 2499 3592 equi
2518 3561 2537 3587 ‚
2570 3524 2714 3594 quin

1664 3611 1719 3650 et
1727 3600 1988 3653 homines.
2000 3601 2150 3652 Nihil
2160 3601 2323 3672 igitur
2337 3615 2525 3653 contra
2539 3601 2709 3657 codd.

1665 3711 1747 3721 —
1796 3679 2051 3751 Corruptis
2093 3686 2223 3754 equis
2263 3684 2429 3734 macie.
2470 3681 2711 3754 Elegans

1658 3757 1878 3811 locutio.
1902 3759 2110 3830 Optimi
2124 3762 2409 3832 scriptores
2423 3774 2710 3832 corruptum

1656 3856 1758 3908 pro
1782 3840 2035 3891 macilento
2059 3852 2339 3912 usurpant.
2362 3840 2539 3894 Plaut.
2576 3843 2717 3896 Am-

1654 3918 1815 3990 phin,
1840 3931 1939 3971 act.
1967 3938 2021 3984 V,
2045 3939 2116 3973 sc.
2152 3940 2203 3985 1,
2224 3923 2257 3973 6
2280 3939 2294 3972 ε
2314 3919 2539 3991 corrupta
2556 3939 2707 3980 sum,

1653 4009 1796 4070 atque
1842 3997 2110 4070 absumpta.
2148 3997 2442 4065 Phaedrus,
2472 4000 2569 4051 lib.
2623 4021 2709 4069 11,

1650 4081 1755 4132 fab.
1789 4083 1821 4134 8
1841 4117 1855 4145 ,
1894 4098 1959 4132 ιι
1989 4098 2003 4132 :

1700 4161 1755 4201 132
1772 4162 1867 4214 quin
1888 4171 2094 4215 corruptos
2116 4175 2247 4216 nuper
2264 4163 2419 4201 viderat
2438 4163 2573 4200 boves.
