3025 5025
925 446 1768 517 ALEXANDRINo.
2260 444 2408 543 375

255 566 583 637 miserunt
615 623 636 657 ,
699 598 734 633 ι(
777 583 853 638 ut
906 569 1270 645 dimitteret
1321 596 1549 667 regem
1569 625 1589 659 ,
1643 571 2055 664 transireque
2115 571 2201 640 ad
2256 598 2411 643 suos

255 687 600 766 pateretur
629 700 644 744 ε
673 690 976 773 paratam
1009 678 1186 747 enim
1219 702 1488 748 omnem
1527 676 2017 748 multitudinem
2050 702 2225 766 esse,
2252 704 2411 749 con-

253 778 502 849 fectam
539 781 736 851 taedio
773 782 1009 878 puellae
1021 768 1070 871 ³,
1104 783 1451 854 fiduciario
1488 810 1733 880 regnu,
1777 783 2231 854 dominatione
2260 810 2409 855 cru-

254 884 592 957 delissima
647 889 1055 984 Ganymedis
1080 944 1103 978 ,
1153 890 1372 961 facere
1416 890 1486 959 id
1510 946 1533 979 ,
1576 890 1759 985 quod
1800 916 1917 959 rex
1959 892 2349 985 imperasset
2392 918 2409 961 t

251 1016 392 1085 quo
417 994 472 1061 si
494 1009 766 1066 auctore
782 997 851 1064 in
865 998 1144 1066 Caesaris
1161 996 1362 1065 fidem
1383 999 1873 1093 amicitiamque
1886 999 2150 1066 venturi
2164 1014 2383 1068 essent
2396 1052 2417 1088 ,

251 1097 500 1171 nullius
553 1101 830 1194 periculi
880 1104 1191 1175 timorem
1241 1102 1649 1173 multitudini
1697 1104 1843 1175 fore
1892 1103 2369 1198 impedimento
2390 1158 2411 1194 ,

251 1228 392 1299 quo
430 1208 651 1277 minus
695 1233 762 1277 se
803 1208 1138 1279 dederent.
1159 1240 1194 1275 2>

359 1316 623 1383 XXIV.
682 1317 933 1402 Caesar,
984 1318 1106 1385 etsi
1151 1314 1454 1387 fallacem
1499 1331 1803 1413 gentem,
1846 1341 2241 1412 semperque
2284 1316 2414 1386 alia

253 1420 702 1512 cogitantem,
731 1420 858 1490 alia
887 1423 1348 1511 simulantem,
1373 1424 1546 1494 bene
1586 1424 1923 1519 cognitam
1957 1423 2280 1510 habebat3
2314 1438 2413 1493 ta-

253 1549 412 1593 men
457 1528 838 1621 petentibus
871 1528 1029 1597 dare
1066 1530 1368 1618 veniam,
1401 1528 1563 1599 utile
1600 1554 1743 1601 esse
1787 1531 2020 1600 statuit
2052 1557 2066 1598 ε
2111 1529 2325 1623 quod,
2360 1532 2413 1599 si

250 1657 390 1725 quo
437 1648 636 1726 pacto
682 1636 1005 1705 sentirent
1047 1660 1153 1724 ea,
1191 1660 1338 1729 quae
1382 1635 1857 1732 postularent¹,
1909 1661 2301 1706 mansurum
2345 1638 2415 1705 in

251 1737 386 1807 fide
428 1738 774 1810 dimissum
807 1765 1035 1837 regem
1071 1741 1416 1831 credebat;
1443 1744 1581 1831 sin,
1603 1742 1671 1811 id
1697 1743 1878 1838 quod
1910 1744 2121 1838 magis
2148 1740 2415 1811 illorum

252 1860 512 1915 naturai
567 1848 1036 1935 conveniebat,
1077 1848 1319 1919 ducem
1359 1849 1443 1918 ad
1478 1848 1728 1919 bellum
1774 1849 2139 1945 gerendum
2187 1873 2415 1943 regem

251 1950 508 2023 habere
564 1952 847 2041 vellent,
893 1953 1300 2049 splendidius
1349 1971 1549 2051 atque
1606 1956 1949 2026 honestius
1994 1981 2137 2025 sese
2180 1970 2416 2039 contra

253 2083 520 2157 regem,
553 2085 754 2156 quam
785 2076 1020 2131 contra
1049 2087 1506 2132 convenarum
1538 2088 1615 2132 ac
1647 2052 2081 2158 fugitivorum
2109 2086 2415 2151 manum,

253 2163 510 2233 bellum
573 2191 716 2237 esse
767 2182 1129 2263 gesturum.
1189 2172 1428 2263 Itaque
1479 2194 1709 2265 regem
1769 2169 2159 2239 cohortatus
2180 2223 2199 2255 ,
2264 2197 2297 2232 α
2342 2183 2420 2238 ut
2511 2220 2517 2227 -

253 2269 639 2341 consuleret
666 2298 875 2370 regno
911 2289 1224 2369 paterno,
1257 2289 1562 2369 parceret
1597 2273 2116 2369 praeclarissimae
2154 2276 2417 2369 patriae,

252 2404 403 2475 quae
453 2381 853 2474 turpissimis
888 2380 1208 2449 incendiis
1244 2396 1312 2451 et
1344 2381 1555 2449 ruinis
1595 2395 1769 2450 esset
1802 2380 2211 2468 deformata,
2239 2381 2419 2449 cives

252 2508 419 2558 suos
449 2486 746 2581 primum
775 2487 860 2556 ad
887 2488 1235 2558 sanitate'm
1267 2503 1649 2576 revocaret,
1682 2486 1921 2557 deinde
1958 2501 2417 2576 conservaret,

253 2591 461 2664 fidem
489 2593 741 2691 populo
761 2618 1043 2663 romano
1074 2595 1324 2688 sibique
1354 2609 1734 2688 praestaret3
1752 2619 1961 2689 quum
1989 2596 2128 2688 ipse
2155 2607 2417 2666 tantum

252 2702 312 2768 ei
351 2699 667 2770 crederet
683 2755 704 2788 ,
740 2715 819 2769 ut
847 2700 934 2769 ad
967 2701 1194 2770 hostes
1231 2715 1525 2771 armatos
1565 2726 1719 2770 eum
1756 2701 2078 2787 mitteret3
2114 2729 2149 2764 2>
2184 2698 2419 2768 dextra

252 2805 566 2874 dextram
600 2821 863 2894 tenens,
887 2806 1219 2876 dimittere
1244 2809 1448 2903 coepit
1473 2805 1700 2875 adulta
1722 2806 1861 2899 jam
1889 2820 2080 2875 aetate
2111 2829 2415 2900 puerum.

251 2913 340 2982 At
383 2914 609 3008 regius
650 2913 908 2982 animus
925 2910 972 3001 ²,
1007 2912 1368 3006 disciplinis
1402 2911 1841 2984 fallacissimis
1885 2911 2212 2998 eruditus,
2254 2936 2339 2980 ne
2380 2935 2422 2981 a

253 3021 477 3113 gentis
525 3044 660 3088 suae
694 3020 994 3088 moribus
1037 3019 1472 3113 degeneraret
1487 3073 1507 3108 ,
1548 3019 1715 3088 flens
1757 3043 1952 3087 orare
1995 3033 2232 3087 contra
2274 3019 2419 3087 Cae-

253 3149 478 3194 sarem
521 3127 751 3219 coepit,
793 3154 828 3190 «
861 3149 946 3193 ne
983 3150 1051 3194 se
1080 3125 1478 3195 dimitteret:
1510 3151 1647 3194 non
1680 3127 1858 3194 enim
1890 3150 2171 3220 regnum
2198 3126 2418 3226 ipsum

253 3233 386 3304 sibi
462 3247 828 3325 conspectu
900 3234 1176 3302 Caesaris
1242 3257 1382 3302 esse
1452 3232 1831 3325 jucimdius.
1898 3261 1933 3298 >2
2005 3232 2422 3326 Compressis

343 3412 403 3466 3.
439 3409 646 3462 Puellae.
673 3408 940 3462 Arsinoes.
974 3407 1118 3462 Vide
1156 3428 1202 3462 c.
1249 3415 1304 3473 4.
1394 3407 1571 3462 ditum
1586 3447 1602 3474 ,
1644 3407 1817 3462 donee
1862 3408 2103 3479 legitimo
2162 3405 2383 3460 domino
2406 3448 2424 3477 ,

264 3491 342 3547 Μ.
375 3521 464 3534 —-
497 3491 553 3542 F
550 3489 786 3542 iduciario
822 3507 988 3558 regno.
1022 3489 1146 3560 Ipse
1175 3507 1270 3542 rex
1286 3526 1303 3553 ,
1390 3507 1563 3560 puero
1586 3525 1607 3553 ,
1652 3489 2041 3542 restitueretur.
2104 3488 2425 3558 Exemplum

264 3589 408 3642 puer
423 3607 442 3634 ,
471 3567 530 3621 in
565 3580 826 3640 potestate
866 3567 1088 3622 Caesaris
1118 3581 1256 3634 erat,
1276 3586 1306 3621 a
1391 3568 1543 3621 verbi
1552 3566 1843 3637 fiduciarius
1865 3565 1975 3621 vid.
2005 3567 2138 3620 Bell.
2162 3567 2303 3633 civ„
2324 3567 2419 3620 lib.

261 3669 374 3721 quo
437 3646 841 3720 diligentissime
905 3646 1304 3702 custodiebatur
1390 3666 1468 3714 11,
1500 3665 1618 3720 cap.
1659 3665 1682 3700 1
1696 3667 1748 3718 7.
1779 3647 1861 3700 Μ.

258 3725 366 3791 (de
391 3729 456 3782 B.
473 3730 536 3782 C.
569 3747 642 3782 111
657 3766 674 3794 ,
697 3724 859 3798 109).
877 3728 1106 3780 Arsinoe
1121 3765 1138 3793 ,
1159 3729 1300 3800 regis
1470 3727 1604 3782 Car.
1625 3727 1831 3780 XXIV.
1857 3743 1903 3778 1.
1923 3725 2257 3779 Postulat-ent.
2276 3726 2310 3777 J
2312 3725 2425 3778 uri·

261 3827 422 3864 soror
435 3847 453 3874 ,
479 3820 594 3862 erat
625 3806 768 3880 apud
795 3807 1112 3870 exercitum,
1137 3821 1200 3860 ut
1221 3808 1304 3860 in·-
1389 3808 1514 3861 nius
1544 3805 1694 3859 malit
1726 3806 2088 3877 pollicerentur.
2116 3805 2267 3858 Nihil
2301 3823 2422 3858 mu-

261 3902 412 3944 terea
430 3887 686 3942 exercitui
710 3901 844 3942 esset
863 3886 1082 3940 nomine
1103 3899 1157 3940 et
1181 3887 1300 3940 loco
1389 3885 1632 3942 tandum.

261 3969 408 4040 regis
439 3962 519 4030 (ν.
540 3967 675 4040 ibid.
708 3980 762 4020 et
783 3968 946 4037 hujus
970 3967 1100 4018 libri
1125 3986 1174 4020 c.
1205 3974 1239 4030 4
1255 3963 1296 4030 ).
1474 3988 1526 4022 2.
1548 3967 1731 4038 Regius
1746 3968 1951 4022 anitnus.
1966 3964 2099 4026 Alii,
2122 3967 2267 4035 regis.
2286 3963 2421 4020 cod.

263 4048 400 4106 Haec
439 4048 604 4118 igitur
631 4047 863 4101 habebat
893 4065 1120 4117 regnum
1159 4045 1301 4100 fidu·
1387 4060 1571 4100 noster
1594 4048 1767 4118 5764,
1789 4048 1971 4116 regia&
1988 4045 2278 4116 elegantius
2288 4045 2437 4108 hoo„

262 4127 494 4182 ciarium
509 4166 526 4193 ,
544 4129 650 4180 hoc
672 4141 780 4194 est,
800 4126 868 4180 ad
882 4141 1092 4199 tempus
1119 4126 1167 4180 ei
1191 4145 1303 4180 cre·
1387 4145 1547 4198 quam
1571 4126 1725 4180 illud.

1912 4250 1947 4292 2
1962 4228 2005 4308 4
2020 4211 2045 4255 ⁴
