3025 5025
563 604 570 614 ί
676 518 815 584 DE
869 517 1216 585 BELLo
1271 517 1644 587 CIVILI.
1703 519 1891 586 LIB.
1948 521 2003 588 1.
2325 518 2412 592 51

274 648 577 717 debebat.
615 647 977 718 Caralitani
993 701 1013 734 ‚
1035 647 1234 718 simul
1263 647 1348 716 ad
1375 673 1444 718 se
1473 648 1815 719 Valerium
1842 653 2017 721 mitti
2042 651 2427 743 audierunt,

271 755 574 824 nondum
617 755 920 849 profecto
953 779 1036 823 ex
1067 754 1292 841 Italia,
1325 775 1444 826 sua
1485 770 1721 850 sponte
1751 783 1832 826 ex
1861 759 2111 853 oppido
2153 763 2425 830 Cottam

271 864 560 956 ejiciunt.
604 861 728 932 Ille
775 863 1200 957 perterritus,
1243 863 1424 956 quod
1473 889 1746 933 omnem,
1787 867 2203 958 provinciam
2258 894 2427 938 con-

273 972 520 1038 sentire
561 967 992 1064 intelligeret,
1024 995 1108 1038 ex
1133 969 1439 1042 Sardinia
1469 973 1538 1038 in
1569 969 1863 1040 Africam
1903 973 2217 1068 profugit.
2258 979 2430 1044 Cato

275 1078 341 1144 in
386 1075 614 1145 Sicilia
655 1101 856 1146 naves
899 1075 1132 1171 longas
1169 1092 1427 1146 veteres
1467 1077 1847 1166 reficiebat,
1892 1104 2101 1148 novas
2140 1081 2433 1174 civitati-

273 1183 394 1252 bus
455 1181 852 1277 imperabat.
901 1187 1062 1254 Haec
1113 1209 1361 1278 magno
1422 1185 1641 1254 studio
1700 1186 1959 1279 agebat.
2012 1188 2095 1254 In
2144 1189 2435 1258 Lucanis

279 1291 684 1384 Bruttiisque
720 1315 842 1385 per
884 1289 1134 1384 legatos
1177 1316 1332 1360 suos
1381 1291 1629 1360 civium
1667 1317 2099 1360 romanorum
2156 1292 2437 1363 dilectus

279 1395 571 1464 habebat
610 1422 628 1464 ε
685 1399 982 1491 equitum
1047 1397 1478 1493 peditumque
1542 1413 1802 1468 certum
1854 1423 2210 1468 numerum
2264 1425 2307 1468 a
2346 1403 2436 1470 ci·

279 1503 596 1572 vitatibus
643 1502 881 1574 Siciliae
935 1505 1256 1599 exigebat.
1317 1504 1583 1593 Quibus
1620 1505 1819 1575 rebus
1858 1529 2049 1599 paene
2092 1505 2438 1600 perfectiS‚

281 1609 573 1678 adventu
615 1611 925 1680 Curionis
973 1610 1280 1705 cognito⁷
1299 1664 1319 1698 ‚
1355 1613 1660 1705 queritur
1708 1613 1778 1680 in
1822 1613 2145 1682 concione
2165 1666 2186 1700 ‚
2218 1641 2252 1676 t<
2298 1637 2439 1682 sese

281 1721 655 1811 projectum
712 1741 792 1786 ac
845 1717 1188 1812 proditum
1241 1741 1282 1786 a
1335 1720 1460 1786 Cn.
1514 1720 1835 1812 Pompeio
1856 1773 1877 1806 ,
1918 1720 2033 1813 qui
2052 1772 2073 1808 ‚
2130 1718 2439 1790 omnibus

283 1823 477 1892 rebus
523 1825 1073 1918 imparatissimus
1097 1878 1117 1912 ‚
1161 1849 1298 1894 non
1336 1826 1781 1894 necessarium
1826 1825 2075 1896 bellum
2120 1828 2442 1921 suscepis-

285 1944 407 2017 set3
429 1945 500 1998 et
529 1931 618 1998 ab
645 1955 718 1999 se
745 1928 1142 2024 reliquisque
1174 1933 1242 1999 in
1279 1945 1512 2000 senatu
1551 1933 2030 2026 interrogatuS‚
2065 1934 2289 2002 omnia
2322 1933 2443 2001 sibi

286 2059 421 2104 esse
489 2037 578 2106 ad
605 2035 853 2106 bellum
889 2039 1047 2131 apta
1091 2063 1172 2106 ac
1213 2052 1448 2133 parata
1491 2037 2036 2110 confirmavisset.
2084 2069 2121 2104 >2
2172 2042 2335 2108 Haec
2374 2042 2445 2108 in

292 2145 611 2240 concione
653 2158 963 2238 questus,
1008 2168 1090 2212 ex
1125 2147 1476 2238 provincia
1520 2145 1707 2238 fugit.

389 2253 651 2318 XXXI.
709 2252 910 2321 Nacti
952 2274 1196 2320 vacuas
1233 2250 1319 2320 ab
1355 2253 1648 2346 imperiis
1696 2250 2067 2322 Sardiniam
2103 2251 2447 2340 Valerius,

293 2475 343 2525 p.
376 2457 439 2506 16
452 2474 502 2506 a.
532 2453 740 2505 Eorum
771 2451 828 2503 in
858 2452 1092 2504 nummis
1123 2470 1320 2523 cogno-

291 2534 428 2586 mina
451 2546 607 2599 sunt,
634 2534 808 2585 Paetus
824 2570 840 2596 ‚
867 2530 1056 2598 Catus,
1083 2532 1316 2593 Tubero,

1410 2450 1579 2504 tarch.
1613 2450 1727 2522 ipse
1755 2451 1813 2502 in
1842 2451 2065 2503 Catonis
2088 2451 2232 2518 vita,
2262 2471 2306 2504 c.
2344 2457 2449 2522 693

1409 2533 1549 2601 App.
1576 2548 1625 2583 ιι
1641 2568 1657 2595 ,
1694 2532 1807 2600 743
1823 2568 1839 2595 ,
1870 2531 2117 2583 Asinium
2148 2532 2443 2585 Pollionem

291 2627 342 2666 et
380 2604 586 2666 Lamia.
628 2610 759 2664 Vid.
807 2612 866 2663 V
858 2612 1066 2673 aulana
1109 2612 1321 2679 Quintus

291 2708 463 2747 autem
503 2692 724 2753 Tubero,
758 2694 910 2761 cujus
946 2690 1003 2743 h.
1040 2691 1076 2743 l.
1118 2691 1321 2743 mentio

291 2773 378 2839 fit,
403 2775 450 2827 is
483 2786 564 2825 est
594 2772 688 2842 qui
718 2770 994 2841 Ligarium
1025 2770 1320 2836 accusavit,

291 2867 341 2906 et
355 2858 507 2923 eujus
523 2853 734 2904 nullum
753 2850 1008 2903 habemus
1027 2851 1292 2903 numisma
1303 2888 1318 2917 ,

291 2930 378 2986 sed
395 2933 498 2985 filii
523 2924 638 3002 ejus
655 2931 749 3003 qui
767 2930 868 2983 fuit
884 2930 1006 2983 Cos.
1033 2930 1132 2983 sub
1153 2932 1314 3000 Aug„

291 3030 372 3066 an.
396 3019 471 3085 74
483 3014 535 3065 3.
565 3012 619 3064 Is
649 3030 777 3064 vero
793 3008 1045 3063 denarius
1063 3009 1222 3063 offert
1239 3028 1322 3063 ca-

290 3105 385 3164 put
430 3091 675 3163 Neptuni
723 3091 1050 3154 laureatum,
1083 3102 1136 3141 et
1177 3108 1321 3161 pone

291 3171 580 3225 tridentem
610 3190 624 3224 ;
654 3171 712 3223 in
753 3170 958 3241 postica
977 3208 991 3236 ‚
1037 3168 1320 3241 Neptunus

292 3252 401 3322 ipse
431 3254 490 3305 in
523 3248 795 3323 quadrigis
825 3268 1087 3321 equorum
1115 3249 1320 3301 mariti-

294 3351 503 3384 morum
513 3370 530 3394 ,
550 3351 674 3383 cum
691 3330 978 3401 epigraphe
992 3330 1060 3395 Q.
1075 3329 1320 3393 Tv1³131103

293 3424 343 3464 et
367 3410 562 3465 alludit
589 3409 657 3464 ad
679 3412 1002 3481 Augustum,
1035 3410 1128 3482 qui
1141 3448 1158 3475 ‚
1189 3408 1322 3461 dum

293 3491 510 3544 Tubero
528 3491 862 3545 consulatum
876 3503 1083 3561 gereret
1099 3528 1114 3555 ,
1146 3501 1198 3541 et
1213 3490 1324 3560 pri-

295 3590 407 3625 mus
438 3572 626 3625 fuisset
667 3588 926 3643 aquarum
970 3583 1184 3623 curator
1213 3570 1322 3623 fac-

296 3666 400 3717 tus,
423 3654 752 3723 Augustum,
771 3650 921 3721 quasi
937 3651 1164 3713 alterum
1183 3650 1324 3721 Nep-

299 3743 486 3785 tunum
503 3771 521 3798 ,
547 3723 645 3803 qui
673 3731 823 3803 aquis
853 3730 1208 3801 imperitaret,
1240 3731 1322 3781 of-

299 3812 432 3866 ferre
494 3812 654 3865 nobis
715 3807 944 3864 videtur.
1014 3810 1323 3881 Cognomen

302 3903 472 3945 autem
517 3892 708 3943 Tubero
736 3889 882 3942 idem
917 3903 1070 3943 sonat
1099 3908 1159 3943 ac
1203 3888 1325 3943 Gib-

304 3970 398 4025 bus.
441 3972 656 4024 Primus
701 3984 878 4023 autem
925 3971 1186 4023 AEliorum
1219 3970 1324 4023 hoc

303 4052 419 4104 tulit
435 4070 732 4123 cognomen
749 4090 764 4117 ,
786 4050 848 4103 L.
874 4051 1044 4103 AElius
1067 4068 1150 4121 ap.
1173 4050 1292 4103 Liv.
1307 4088 1324 4115 ,

304 4132 544 4185 tribunus
575 4132 777 4203 plebis,
808 4150 892 4183 an.
922 4131 1052 4185 528.

382 4230 433 4281 7.
463 4211 693 4267 Adventu
717 4210 941 4265 Curionis
967 4213 1177 4282 cognito,
1207 4210 1331 4265 Plu-

1408 2612 1615 2663 venisse
1637 2628 1761 2663 cum
1789 2610 2087 2662 Caesariano
2110 2613 2345 2665 exercitu
2368 2612 2447 2665 di-

1408 2702 1563 2741 cunt:
1576 2701 1631 2741 at
1644 2689 1818 2750 Caesar
1832 2689 1885 2741 h.
1902 2689 1938 2741 l.
1952 2725 1969 2754 ,
1990 2702 2044 2741 et
2058 2690 2161 2741 Dio
2176 2691 2318 2759 Cass,
2330 2709 2442 2758 xm,

1411 2768 1705 2831 Curionem
1734 2769 2028 2821 nominant.
2048 2768 2289 2823 Fortasse
2320 2773 2444 2825 Pol·

1407 2849 1482 2900 lio
1493 2866 1617 2901 cum
1624 2848 1807 2919 paucis
1814 2850 2132 2919 praemissuS,
2144 2850 2311 2904 Curio
2319 2870 2445 2905 cum

1407 2928 1653 2998 pluribus
1681 2940 1891 2981 secutus
1918 2942 2015 2982 est.
2044 2929 2255 2985 Onam..
2282 2933 2445 2985 Tanti

1409 3021 1587 3061 autem
1626 3021 1739 3061 erat
1765 3009 2024 3062 momenti
2058 3009 2250 3063 Siciliae
2282 3031 2442 3065 occu-

1407 3090 1587 3159 patiO,
1614 3088 1739 3159 quia
1782 3089 2131 3144 frumentaria
2171 3105 2283 3145 erat
2312 3111 2441 3163 pro-

1408 3168 1609 3233 vincia,
1630 3180 1692 3221 ut
1714 3166 1887 3221 Caesar
1904 3167 2199 3241 prudenter
2221 3191 2339 3225 eam
2355 3192 2443 3227 oo-

1407 3268 1604 3319 cupare
1634 3248 1907 3303 festinaret
1929 3268 1942 3303 ε
1968 3269 2093 3303 nam
2118 3270 2293 3323 neque
2323 3266 2441 3305 tuto

1408 3328 1466 3381 in
1490 3329 1681 3381 urbem
1704 3326 1911 3399 ingredi
1940 3341 2151 3401 poterat
2165 3369 2181 3396 ‚
2210 3333 2315 3385 nisi
2336 3333 2439 3385 hoc

1409 3421 1543 3461 esset
1572 3421 1695 3461 ante
1721 3410 2044 3479 perfectum,
2070 3424 2131 3463 ut
2162 3412 2337 3463 visum
2363 3425 2441 3465 est

1408 3489 1753 3560 sequentihus
1780 3490 2148 3543 annis.-Sese
2158 3495 2439 3561 projectum.
2484 3537 2488 3545 .

1411 3568 1452 3620 F
1455 3570 1623 3621 ictum
1637 3569 1741 3621 hoc
1748 3568 1991 3634 videtur;
2002 3588 2127 3621 nam
2142 3569 2275 3623 Cato
2284 3608 2300 3636 ,
2314 3572 2359 3623 si
2368 3573 2441 3625 ita

1409 3649 1604 3701 tulerat
1614 3650 1821 3701 animus
1831 3686 1847 3713 ‚
1863 3648 2097 3703 Siciliam
2104 3661 2285 3703 tenere
2292 3652 2443 3704 n'ullo

1409 3730 1625 3799 negotio
1650 3716 1889 3801 poterat,
1904 3742 1964 3781 ut
1977 3740 2195 3783 testatus
2220 3742 2299 3783 est
2325 3732 2439 3787 Cic.

1411 3806 1479 3861 ad
1496 3810 1606 3863 Att.
1639 3809 1733 3861 lib.
1754 3828 1815 3871 x,
1837 3827 1921 3878 ep.
1949 3813 2017 3861 16
2032 3846 2048 3873 ,
2081 3808 2227 3879 quod
2250 3824 2304 3863 et
2328 3813 2441 3883 ipse

1409 3890 1603 3953 sensit,
1630 3889 1675 3941 si
1702 3888 1989 3941 Plutarcho
2015 3887 2167 3943 fides,
2184 3890 2289 3945 Adi
2310 3893 2440 3945 Plu-

1411 3969 1578 4021 tarch.
1608 3968 1705 4022 vit.
1740 3966 1856 4019 Cat.
1889 3986 1937 4021 c.
1970 3973 2065 4037 69.
2097 3972 2283 4026 Dum.
2312 3974 2442 4023 Pro-

1402 4051 1560 4118 jectas
1602 4066 1662 4101 ac
1712 4048 1936 4117 proditas
1978 4047 2045 4103 ad
2088 4050 2441 4105 inconsultam

1415 4140 1573 4199 atque
1588 4126 1947 4199 improvidam
1961 4148 2197 4203 pugnam
2212 4132 2445 4203 legiones

1417 4208 1552 4263 dixit
1582 4209 1783 4265 Livi-m.

1986 4294 2033 4376 4
2053 4288 2074 4314 2
