3025 5025
1004 478 1594 553 AFRICAN‘O.

2219 476 2372 572 489

230 608 503 702 Leptim
538 610 850 679 universa
890 608 1099 679 classe
1122 624 1391 699 vectus,
1424 634 1630 679 naves
1665 610 2000 677 onerarias
2019 662 2038 696 ,
2061 634 2208 702 quae
2238 606 2376 676 lon-

174 739 183 751 *
230 715 379 807 gius
421 738 462 781 a
504 729 705 809 portu
748 718 819 785 in
854 714 993 786 salo
1014 717 1305 785 stabant
1324 770 1343 804 ,
1381 716 1708 803 incendit,
1749 730 1823 784 et
1859 729 2170 809 penteres
2209 715 2378 783 duas

232 844 482 889 vacuas
506 846 543 889 a
585 821 1069 910 defensoribus,
1096 822 1282 891 nullo
1323 838 1772 919 repugnante,
1807 824 2012 916 cepit.

343 929 599 997 LXIII.
656 930 878 997 Caesar
913 930 1179 999 interim
1222 928 1526 998 celeriter
1559 954 1680 1024 per
1712 930 1979 997 nuntios
2014 930 2084 996 in
2117 927 2378 1013 castriS,

233 1057 446 1125 quum
476 1058 681 1127 opera
714 1036 1059 1123 circuiret,
1082 1038 1325 1107 certior
1354 1035 1604 1122 factus,
1627 1062 1784 1129 quae⁴
1801 1036 2084 1103 aberant
2107 1058 2144 1101 a
2177 1046 2376 1127 portu

232 1138 453 1206 millia·
472 1164 791 1233 passuum
808 1144 942 1227 Vl,
970 1166 1143 1235 equo
1170 1142 1459 1212 admisso
1475 1196 1496 1230 ,
1523 1144 1781 1211 omissis
1808 1142 2116 1210 omnibus
2148 1140 2378 1225 rebuS,

206 1242 542 1359 celeriter
582 1249 887 1341 pervenit
927 1250 1235 1343 Leptim:
1264 1250 1484 1343 ibique
1523 1250 1827 1318 hortatus
1843 1247 1887 1338 ¹,
1926 1272 2158 1317 omnes
2191 1260 2268 1314 ut
2309 1269 2382 1313 se

234 1463 283 1497 c.
328 1446 404 1499 63
426 1485 440 1514 ,
474 1446 720 1501 occurrit.
766 1446 822 1501 Si
871 1447 1117 1501 Servium
1164 1444 1267 1509 (ad

236 1524 397 1596 Virg.
428 1528 551 1579 AEn.
585 1544 639 1594 1,
673 1526 817 1589 425,
850 1540 903 1579 et
928 1526 1142 1580 Festum
1174 1523 1266 1589 (in

240 1604 486 1657 Cothones
504 1644 521 1670 ‚
576 1624 670 1659 seu
686 1644 703 1671 ,
763 1618 825 1658 ut
842 1606 1085 1679 quasdam
1140 1605 1263 1659 edd.

236 1684 431 1737 vitiose
478 1685 731 1739 exhibent
744 1724 763 1751 ‚
796 1684 1035 1751 Catones)
1082 1684 1265 1739 audia-

237 1782 391 1831 mus,
430 1784 506 1817 ex-
547 1766 703 1817 Festo
742 1820 752 1829 ‚
782 1779 969 1837 portus
1023 1766 1080 1818 in
1131 1767 1267 1820 mari

238 1842 521 1897 interiores
536 1882 553 1911 ‚
584 1856 696 1897 arte
724 1856 778 1897 et
806 1864 972 1897 manu
999 1846 1123 1899 facti
1139 1886 1155 1913 ‚
1179 1864 1269 1919 ap-

238 1924 509 1995 pellantur
546 1925 847 1990 Cothones;
882 1938 937 1978 et
960 1945 1039 1978 ·ex
1060 1925 1265 1979 'Servio

239 2004 516 2059 Cothonea
556 2016 680 2057 sunt
722 2017 911 2077 portus
955 2024 1066 2058 non
1110 2018 1266 2059 natu·

240 2083 407 2149 rales,
436 2082 529 2137 sed
558 2097 669 2136 arte
703 2098 756 2137 et
786 2103 950 2137 manu
978 2086 1103 2139 facti
1132 2104 1147 2137 :
1172 2105 1266 2139 cu-

237 2158 475 2233 jusmodi
513 2163 741 2216 fossitios
772 2176 959 2235 portus
986 2164 1267 2217 Salmasius

243 2239 266 2307 (
279 2242 349 2296 ad
359 2242 525 2295 Solin.
540 2244 719 2314 pagin.
742 2250 855 2313 794
870 2241 892 2307 )
908 2262 937 2295 a
950 2244 1153 2297 Latinis
1166 2243 1269 2297 fos-

240 2343 349 2389 sae,
382 2342 413 2375 a
445 2323 643 2375 Graecis
672 2318 927 2395 καράὸρας
962 2323 1133 2376 dictos
1157 2342 1268 2377 esse

241 2403 472 2455 monuit.
529 2402 622 2455 Sin
663 2403 887 2461 ulterius
933 2422 1230 2474 quaeramus
1254 2443 1270 2472 ,

197 2517 204 2522 -
242 2501 355 2536 non
384 2539 389 2542 ,
416 2482 670 2535 abhorret
712 2501 742 2534 a
788 2501 917 2536 vero
964 2486 1267 2556 conjectura

242 2562 461 2616 Cellarii
492 2557 600 2625 (ad
628 2581 788 2634 quam
820 2564 987 2635 ipsam
1012 2565 1267 2624 fere,Sal·

240 2642 439 2695 masius
451 2638 697 2706 inclinat)
719 2643 1083 2709 existimantis,
1096 2643 1268 2696 Adru-

240 2723 471 2775 metinos
513 2740 669 2774 suum
710 2723 815 2774 hoc
855 2724 1039 2776 navale
1064 2723 1266 2778 Cotho-

240 2821 365 2854 nem
396 2799 621 2867 dixisse,
648 2801 715 2854 ad
740 2801 1143 2855 similitudinem
1168 2804 1269 2857 Co·

239 2882 425 2934 thonis
470 2881 934 2954 Carthaginiensis.
984 2881 1194 2936 Scilicet
1238 2902 1269 2936 e
1304 2911 1309 2914 ·

241 2961 416 3014 Strab.
452 2955 623 3023 (xvn,
651 2981 709 3033 p.
748 2963 861 3015 832
904 2958 1021 3033 sq.)
1046 2961 1269 3027 scimuS,

237 3041 480 3095 vicinum
507 3041 667 3094 fuisse
699 3041 1006 3112 Carthagini
1030 3043 1113 3094 τὸν
1147 3045 1268 3095 Κώ-

237 3126 407 3184 θωνα,
433 3139 594 3190 quam
624 3119 757 3172 dicit
783 3121 895 3173 ess'e
922 3121 1147 3174 insulam
1176 3142 1267 3174 ro-

236 3197 469 3254 tundam
486 3237 504 3263 ,
526 3200 697 3252 canali
720 3201 943 3252 cinctam
962 3239 979 3265 ‚
1000 3213 1053 3253 et
1075 3202 1265 3254 utrim-
1290 3227 1297 3232 ·

234 3298 349 3352 que
379 3280 583 3332 navalia
609 3279 909 3332 habentem.
944 3281 1119 3344 Quem
1145 3283 1268 3352 qui·

235 3359 369 3412 dem
387 3359 567 3411 locum
581 3360 855 3430 Appianas
869 3354 1076 3422 (Punic.
1092 3381 1147 3432 p.
1173 3362 1243 3432 57
1253 3400 1270 3427 ‚

235 3438 328 3492 ed.
341 3435 650 3508 Steph.),sic
659 3437 936 3491 describit:
950 3441 1088 3492 intra
1097 3459 1267 3493 unum

168 3547 189 3552 ·-
230 3530 501 3592 portuum
542 3518 1057 3590 Carthaginiensium
1107 3521 1269 3574 fuisse

231 3599 471 3652 insulam
486 3635 501 3655 ,
529 3609 685 3669 atque
711 3616 879 3669 quum
908 3613 1129 3671 portum
1152 3613 1268 3653 tum

231 3678 473 3731 insulam
522 3677 767 3731 habuisse
826 3677 1125 3750 crepidines
1147 3718 1164 3745 ,
1210 3681 1267 3732 in

236 3758 441 3828 quibus
489 3757 689 3810 fuerint
737 3759 959 3812 navalia.
1014 3759 1149 3812 Satis
1184 3778 1267 3812 ex

236 3838 329 3890 his
354 3837 581 3908 intelligi
608 3849 784 3908 potest
797 3875 814 3904 ‚
844 3839 939 3909 qui
968 3838 1129 3892 fuerit
1160 3839 1267 3891 Co-

236 3917 382 3969 thon
424 3916 871 3988 Carthaginiensis
884 3957 901 3984 ,
944 3917 1053 3970 sive
1093 3930 1266 3971 totum

234 3994 385 4050 illud
426 4015 561 4066 opus
604 3998 855 4072 omnino}
900 3997 1011 4050 sive
1051 3999 1264 4066 navale,

237 4073 398 4147 quod
435 4076 512 4127 ibi
530 4076 664 4142 fuit3
702 4078 813 4131 sive
834 4077 1043 4130 canalis
1090 4077 1267 4132 dictus

235 4157 311 4208 sit
334 4155 555 4220 Cothon
578 4173 594 4209 ε
618 4156 795 4228 potuit
809 4157 953 4210 enim
963 4176 1093 4222 ⁸usus
1112 4159 1262 4210 verbi

231 4235 463 4289 variari:
478 4254 578 4290 nec
595 4237 792 4289 mirum
815 4250 915 4304 est,
932 4238 1059 4291 alios
1076 4238 1230 4292 etiam
1247 4277 1261 4304 ,

1354 1449 1425 1499 ob
1456 1448 1906 1519 Carthaginiensis
1931 1448 2108 1519 operis
2133 1448 2380 1509 similitu-

1354 1525 1564 1593 dinem,
1622 1548 1778 1580 suum
1839 1529 2025 1581 navale
2079 1528 2378 1579 Cothonem

1352 1608 1668 1661 nominasse.
1695 1608 1792 1660 His
1817 1608 2040 1660 certiora
2068 1606 2136 1659 de
2155 1607 2382 1659 nomine

1352 1704 1465 1738 non
1490 1687 1663 1741 habeo
1680 1707 1696 1753 3
1714 1700 1767 1740 et
1790 1686 2004 1752 sufficit,
2017 1706 2132 1739 rem
2153 1687 2380 1739 omnino

1352 1766 1690 1820 intellexisse.
1719 1768 2046 1839 Interpretes
2072 1766 2243 1819 nostri
2273 1767 2380 1819 loci

1351 1844 1483 1899 locis
1546 1847 1715 1899 Servii
1739 1886 1755 1913 ,
1794 1847 1944 1899 'Festi
1993 1860 2046 1899 et
2105 1846 2379 1899 Strabonis

1347 1927 1457 1996 jam
1481 1926 1566 1979 usi
1593 1940 1761 1979 erant.
1792 1926 1936 1979 Illud
1965 1946 2076 1979 non
2101 1928 2236 1979 bene
2261 1927 2380 1978 fleri

1350 2018 1537 2076 putem
1556 2046 1571 2075 ,
1611 2007 1656 2059 si
1692 2008 1810 2078 quis
1859 2008 2106 2061 Graecum
2154 2007 2378 2073 verbum

1352 2086 1518 2138 κώθων
1556 2100 1826 2157 comparet
1844 2125 1861 2151 ‚
1888 2099 1942 2140 et
1973 2084 2380 2139 similitudinem

1352 2165 1535 2236 flguroe
1579 2167 1788 2237 poculi·
1811 2167 2107 2238 suspicetur
2145 2166 2378 2219 nominis

1353 2262 1565 2297 causam
1589 2265 1734 2298 esse:
1763 2245 1954 2317 quidni
1983 2248 2127 2299 enim
2154 2246 2377 2298 Cartha-

1352 2324 1604 2394 giniensis
1625 2324 1844 2377 Cothon
1861 2327 2118 2396 punicum
2136 2364 2153 2391 ‚
2164 2338 2258 2377 aut
2267 2344 2384 2389 om-

1352 2404 1483 2455 nino
1529 2404 1750 2459 orientis
1799 2407 2023 2457 verbum
2069 2404 2232 2455 fuerit
2253 2404 2277 2455 Ρ
2319 2404 2376 2457 id

1352 2483 1498 2554 quod
1543 2484 1926 2556 interpretibus
1965 2484 2218 2555 Stephani
2244 2485 2376 2556 Byz.

1352 2563 1411 2615 in
1438 2559 1723 2634 Καρχηδὼν
1749 2567 1857 2636 jam
1888 2567 1944 2617 in
1967 2576 2200 2617 mentem
2223 2585 2378 2617 vene-

1351 2655 1451 2697 rat.
1496 2646 1579 2696 De
1615 2643 1722 2696 situ
1756 2645 1862 2696 loci
1905 2644 2240 2699 Shawianum
2276 2645 2378 2696 iter

1352 2721 1738 2776 conferendum
1761 2737 1862 2789 est,
1880 2725 1945 2777 T.
1975 2743 2032 2790 1⁴,
2055 2742 2108 2794 p.
2141 2725 2270 2794 ²37·
2296 2725 2374 2788 M.

1352 2802 1453 2857 Ed.
1474 2804 1628 2874 Angl.
1649 2823 1704 2875 p.
1733 2823 1754 2856 1
1769 2823 1822 2872 9.
1837 2805 1920 2856 lbi
1935 2822 2131 2855 nomen
2161 2802 2380 2870 ducitun

1354 2901 1383 2935 e
1416 2883 1692 2935 Phoenicio
1731 2884 1952 2944 leucham,
1985 2882 2206 2934 incidere.
2244 2883 2374 2936 Vid.

1352 2962 1406 3015 et
1430 2963 1594 3016 Boch.
1621 2963 1815 3032 Geogr.
1837 2963 1888 3016 S.
1915 2964 1978 3016 P.
1998 2981 2141 3028 11,1,
2170 2969 2263 3026 24.
2304 2995 2376 3008 —-

1358 3042 1480 3094 Cum
1504 3062 1588 3113 pr.
1620 3063 1773 3094 mane.
1805 3042 1891 3096 Sic
1927 3043 2058 3096 honi
2104 3041 2261 3104 codd.
2293 3075 2379 3086 —-

1358 3121 1600 3174 Penteres.
1634 3123 1741 3175 Alii
1768 3140 1782 3174 z
1811 3124 2116 3192 pentir-emes,
2153 3134 2374 3194 pentere-

1356 3219 1466 3254 mes.

1432 3281 1564 3336 Cu».
1619 3283 1821 3334 LXIII.
1874 3299 1923 3334 1.
1967 3283 2227 3335 Hor-tatus.
2267 3283 2378 3334 Alii

1354 3374 1595 3424 moratum
1627 3361 1750 3428 sed,
1781 3373 1843 3414 ut
1865 3363 2074 3414 monuit
2102 3361 2378 3423 Oudend.‚

1353 3441 1481 3494 huic
1532 3443 1788 3496 celeritati
1824 3442 2042 3494 Caesaris
2085 3461 2234 3494 mora
2263 3460 2376 3493 non

1354 3522 1884 3592 convenit.M.Vulgo
1900 3534 2126 3582 moratus,
2149 3521 2206 3573 in
2215 3519 2372 3574 codd.

1354 3612 1409 3653 et
1428 3599 1553 3654 edd.
1586 3614 1712 3654 vett.
1745 3600 1850 3654 Sed
1873 3599 2088 3653 Norvic.
2117 3599 2236 3652 cod.
2259 3601 2378 3660 hot·-

1356 3692 1489 3732 tatur
1507 3720 1524 3742 ‚
1568 3678 1713 3734 unde
1746 3681 1926 3732 Clark.
1961 3680 2098 3732 bene
2137 3681 2371 3732 hortatus.

1351 3761 1384 3818 J
1388 3761 1530 3814 urin.
1553 3760 1708 3812 malit
1724 3779 1870 3831 neque
1896 3771 2106 3811 moratus
2121 3780 2142 3822 ,·
2159 3779 2270 3811 non
2298 3761 2373 3812 ita

1352 3840 1517 3892 male:
1531 3851 1647 3892 tum
1663 3840 1834 3891 Bentl.
1854 3851 1975 3910 post
1987 3852 2381 3911 conseque-rentur

1354 3917 1482 3972 addi
1498 3919 1921 3989 Jubet‚c'rnperat.·
1935 3922 2034 3989 ipse
2048 3939 2067 3971 .·
2088 3938 2198 3972 non
2221 3939 2375 3990 opus.

1353 3998 1455 4050 On.
1478 3999 1672 4051 Noster
1687 4017 1900 4070 quoque
1915 3997 2035 4052 cod‘⁹
2055 4011 2168 4070 opt.
2193 4001 2344 4069 5764
2361 4040 2378 4066 ‚

1353 4079 1509 4150 ibique
1528 4079 1749 4130 hor-tatur
1764 4097 1783 4130 .·
1805 4077 1950 4135 unde
1971 4078 2190 4131 minime
2211 4079 2376 4132 dubia

1352 4171 1431 4212 est
1453 4159 1628 4216 lectio.
1643 4171 1844 4214 nostra.
1867 4191 1948 4204 —-
1975 4159 2249 4213 Contendit.
2273 4160 2378 4226 AB}

1353 4243 1508 4308 capit.
