3025 5025
581 485 720 551 DE
775 484 1126 551 BELLO
1183 483 1554 553 CIVILI.
1613 487 1801 553 LIB.
1859 489 2007 556 ΙΙΙ.
2242 491 2386 588 257

258 617 476 684 castris
504 614 894 710 praefecerat
918 617 1176 702 Caesar,
1215 614 1462 684 auxilio
1495 617 1761 686 cohorti
1790 621 1974 688 venit
2002 645 2157 690 cum
2188 621 2391 718 legio·

257 723 440 790 nibus
486 746 536 790 11
569 748 588 810 ;
642 723 833 815 cujus
880 721 1173 790 adventu
1237 721 1428 826 facile
1477 737 1635 791 sunt
1690 723 1937 818 repulsi
1979 729 2388 823 Pompeiani.

255 830 477 922 Neque
496 853 655 896 vero
676 842 1111 921 conspectum
1125 881 1144 914 ‚
1163 842 1281 896 aut
1307 831 1630 923 impetum
1653 845 2037 900 nostrorum
2064 833 2393 928 tulerunt;

255 937 599 1028 primisque
635 934 943 1028 dejectiS‚
975 933 1210 1028 reliqui
1239 959 1306 1002 se
1347 951 1728 1024 verterunt,
1756 951 1824 1005 et
1851 937 2001 1008 loco
2030 960 2391 1014 cesserunt.

257 1041 378 1108 Sed
405 1043 823 1134 insequentes
843 1055 1106 1110 nostros
1127 1093 1146 1127 ‚
1171 1066 1255 1109 ne
1279 1040 1541 1135 longius
1578 1060 2141 1138 prosequerentur
2162 1101 2181 1136 ,
2214 1049 2393 1118 Sulla

252 1150 593 1216 revocavit.
609 1151 700 1216 At
722 1146 1019 1264 plerique
1033 1147 1440 1234 existimant,
1460 1151 1512 1216 si
1531 1150 1747 1219 acrius
1770 1151 2027 1244 insequi
2044 1151 2362 1232 voluisset
2374 1212 2394 1243 ‚

250 1251 481 1322 bellum
525 1279 610 1323 eo
647 1253 754 1322 die
789 1254 1082 1347 potuisse
1119 1251 1354 1322 finiri².
1395 1254 1605 1348 Cujus
1636 1255 1983 1326 consilium
2023 1261 2392 1353 reprehen-

249 1356 526 1428 dencfflm
564 1386 704 1428 non
740 1359 1042 1428 videtur:
1083 1357 1224 1427 aliae
1261 1361 1438 1428 enim
1473 1375 1629 1430 sunt
1668 1361 1868 1458 legati
1899 1379 2161 1482 parteS‚
2189 1381 2393 1460 atque

247 1453 690 1560 imperatoris³
707 1493 728 1556 3
773 1466 942 1535 alter
991 1468 1215 1538 omnia
1263 1477 1462 1560 agere
1509 1467 1599 1536 ad
1653 1471 2113 1564 praescriptum
2152 1525 2171 1559 ‚
2224 1471 2393 1544 alter

247 1567 434 1642 libere
461 1573 548 1642 ad
577 1597 907 1643 summam
938 1597 1164 1641 rerum
1202 1571 1548 1644 consulere
1570 1573 1785 1644 debet.
1816 1575 2030 1663 Sulla,
2058 1602 2099 1645 a
2126 1580 2390 1650 Coesare

248 1683 460 1748 castris
499 1679 770 1748 relictus
792 1734 811 1768 ‚
853 1678 1150 1748 liberatis
1187 1681 1360 1768 suiS‚
1401 1679 1535 1748 hoc
1580 1680 1705 1749 fuit
1742 1696 2097 1752 contentus
2116 1705 2423 1780 ‚neque'

244 1786 456 1879 praelio
483 1787 829 1855 decertare
857 1785 1067 1855 voluit
1103 1779 1130 1876 (
1157 1812 1304 1880 quae
1337 1810 1442 1855 res
1482 1801 1707 1856 tamen
1737 1789 2017 1858 fortasse
2056 1789 2391 1885 aliquem

245 1987 369 2038 veris
389 1987 534 2038 nube
557 1984 799 2056 decepti,
823 2003 992 2056 quum
1014 2003 1267 2056 magnum

243 2067 524 2136 equitatum
542 2065 823 2118 crederent
838 2065 1016 2118 hostes
1028 2103 1044 2128 ‚
1068 2077 1268 2134 perter-

242 2144 323 2198 riti
341 2147 713 2216 profugerunt.
733 2146 831 2198 Ille
851 2163 982 2197 vero
995 2144 1140 2215 Sylla
1155 2163 1265 2197 cas-

243 2225 328 2278 tris
361 2245 388 2278 a
425 2228 639 2280 Caesare
673 2227 952 2296 praefectus
995 2236 1132 2289 erat,
1158 2243 1266 2294 quo

241 2315 466 2376 tempore
477 2307 594 2376 ipse
610 2305 1008 2378 Dyrrhachium
1022 2316 1135 2356 erat
1145 2323 1268 2376 pro·

241 2379 413 2438 fectus.
448 2387 653 2451 Porro,
687 2405 854 2456 quum
877 2384 1148 2436 castellum
1177 2385 1268 2436 ali-

242 2465 374 2536 quod
392 2487 423 2519 a
441 2466 704 2538 Pompeio
727 2478 860 2519 esset
877 2477 1236 2536 expugnatum
1247 2502 1263 2530 ,

240 2545 374 2615 quod
395 2548 463 2599 ab
481 2566 591 2599 una
613 2546 835 2600 cohorte
862 2558 1017 2598 sextae
1041 2545 1264 2616 legionis

237 2624 642 2690 defendebatur,
667 2626 864 2678 auxilio
887 2626 1098 2678 cohorti
1115 2625 1265 2677 venit

239 2705 539 2777 sylla—P.
549 2706 712 2759 Sulla.
728 2707 808 2759 De
823 2725 886 2757 eo
901 2704 1074 2757 videl.
1088 2723 1129 2757 1.
1143 2723 1192 2757 c.
1207 2708 1262 2758 6.

316 2807 362 2839 2.
389 2788 471 2839 At
489 2788 708 2857 plerique
711 2824 849 2839 .....
865 2784 1028 2855 finiri.
1062 2785 1264 2837 Totum

236 2865 331 2917 hoc
375 2868 684 2920 membrum
729 2867 1263 2935 interpretamentum

236 2946 532 3016 glossatoris
563 2958 717 3017 putat
752 2946 969 3010 Morus3
997 2963 1101 3015 qua
1131 2963 1262 2997 vero

237 3024 298 3078 de
325 3046 482 3081 causa
497 3065 514 3092 ‚
540 3045 706 3097 quum
739 3037 882 3077 recte
911 3022 1263 3095 praecedenti-

237 3106 328 3159 bus
355 3120 410 3159 et
437 3107 785 3177 sequentibus
813 3102 1062 3175 aptetur?

313 3187 362 3239 3.
415 3187 588 3258 Atque
635 3188 948 3255 imperatoris.
1005 3185 1072 3235 Τὸ
1121 3195 1264 3254 atque

237 3267 434 3321 restitui
474 3286 541 3319 ex
580 3266 830 3317 omnibus
867 3261 1025 3317 codd.
1057 3264 1262 3316 Recen-

239 3346 390 3399 tiores
415 3358 775 3417 reposuerunt
803 3345 944 3405 aliae,
976 3344 1264 3414 elegantius

237 3440 400 3480 certe:
420 3424 517 3478 sed
548 3427 606 3477 in
629 3426 722 3477 tali
744 3444 802 3477 re
830 3424 1112 3475 auctoritas
1139 3442 1260 3477 mss.

237 3504 610 3577 praeponenda.
651 3506 942 3569 Caeterum,
967 3504 1078 3557 hoc
1112 3503 1264 3568 loco,

237 3598 560 3657 praeceptum
605 3584 822 3638 Caesaris
862 3602 964 3655 pro
1002 3584 1116 3654 lege
1155 3600 1266 3635 esse

239 3663 390 3719 debet
401 3665 728 3717 militaribus
735 3664 1134 3716 omnibusviriS.
1152 3662 1204 3715 N
1203 3681 1266 3715 ec

239 3763 450 3814 prorsus
471 3758 660 3799 contra
685 3744 1038 3797 Caesarianam
1061 3755 1268 3797 sentcn-

241 3825 361 3877 tiam
383 3824 686 3879 audiendus
705 3837 784 3877 est
805 3825 987 3893 Tur-pin
1001 3824 1062 3874 de
1079 3815 1260 3883 Crisse'‚

239 3906 330 3974 qui
355 3907 458 3970 ait,
475 3905 540 3957 T.
571 3923 668 3969 111,
693 3924 746 3975 p.
775 3904 880 3971 93:
908 3902 1102 3955 Comme
1123 3902 1268 3971 Sylla

242 3985 563 4037 commandait
591 3985 787 4035 l’arme'e
813 4002 872 4033 en
903 3983 1030 4050 chef,
1066 3985 1267 4055 quoique

234 4082 331 4131 par
358 4068 548 4116 interim
559 4101 578 4125 ,
611 4065 654 4115 il
677 4068 799 4115 e'tait
819 4065 886 4113 eti
907 4063 1050 4114 droit·
1065 4062 1125 4112 de
1147 4081 1267 4132 pro-

233 4141 344 4208 fiter
371 4145 433 4197 de
462 4165 536 4197 ses
569 4146 796 4215 premier-s
825 4147 982 4197 succes
1014 4160 1142 4213 pour
1172 4153 1267 4193 ter·

339 4255 443 4322 ΙῙ.

2366 1779 2391 1824 4

1355 1988 1506 2036 minet·
1540 1986 1592 2036 la
1618 2005 1809 2056 guerre.
1854 1987 1979 2040 Non
2012 2007 2249 2043 summus
2280 1990 2389 2046 dux

1353 2078 1467 2116 erat
1482 2064 1653 2135 Sylla,
1670 2065 1765 2118 sed
1785 2079 1994 2120 tantum
2008 2107 2023 2135 ‚
2044 2070 2259 2123 absente
2278 2072 2389 2124 Coe-

1352 2161 1497 2209 sare,
1528 2157 1825 2199 castrorum
1854 2146 2111 2202 custodiae
2140 2153 2391 2222 praeposi-

1353 2236 1438 2276 tus
1453 2261 1470 2290 ,
1489 2225 1578 2277 cui
1596 2243 1697 2278 nec
1715 2245 1923 2280 summa
1944 2227 2099 2294 belli,
2118 2247 2218 2282 nec
2240 2250 2386 2284 sum-

1352 2322 1440 2356 ma
1483 2303 1699 2376 imperii
1740 2307 1923 2359 relicta
1966 2320 2096 2360 erat.
2141 2310 2263 2362 Una
2304 2312 2387 2364 illi

1352 2395 1466 2436 erat
1503 2381 1821 2437 demandata
1852 2388 2153 2457 provincia,
2186 2391 2387 2444 scilicet
2459 2419 2465 2422 ·

1351 2475 1414 2515 ut
1441 2476 1611 2517 castra
1640 2461 1977 2532 defenderet;
2006 2477 2059 2519 et
2086 2467 2385 2538 quodcum-

1351 2562 1456 2615 que
1497 2546 1636 2597 ultra
1675 2546 1881 2598 fecisset
1898 2585 1911 2611 ‚
1950 2546 2084 2599 vitio
2125 2549 2205 2601 illi
2245 2550 2385 2603 verti

1349 2623 1608 2694 potuisset
1624 2662 1640 2689 ,
1681 2643 1775 2677 seu
1830 2625 2053 2690 victori,
2084 2646 2178 2679 seu
2220 2629 2382 2683 victo.

1349 2704 1426 2755 Ea
1454 2717 1568 2755 erat
1594 2701 1889 2775 disciplinae
1906 2724 2141 2757 romanae
2168 2710 2385 2761 austeri·

1349 2795 1454 2849 tar»,
1491 2786 1643 2853 cujus
1690 2785 1931 2855 exempla
1978 2784 2122 2856 apud
2167 2787 2384 2841 Livium

1347 2861 1534 2915 videre
1557 2876 1652 2915 est.
1682 2864 1852 2916 Porro
1875 2866 1975 2917 sub
1998 2865 2031 2915 J
2034 2866 2146 2918 ulio
2177 2868 2384 2921 Caesare

1347 2944 1558 3014 vigebat
1578 2942 1859 3014 disciplina
1880 2964 2121 3012 romana,
2138 2965 2205 2999 ne
2227 2949 2384 3001 mini-

1348 3042 1498 3075 mum
1517 3022 1735 3093 quidem
1750 3024 2078 3078 labefactata.
2088 3057 2169 3068 —-·
2183 3028 2381 3083 Omnia.

1348 3102 1443 3155 Est
1465 3103 1521 3153 in
1544 3104 1793 3155 omnibus
1816 3102 1975 3157 codd.
1993 3142 2011 3170 ‚
2035 3124 2134 3158 nec
2161 3108 2284 3160 satis
2305 3110 2382 3162 vi-

1349 3181 1450 3234 deo
1460 3200 1557 3235 cur
1565 3182 1837 3235 abundare
1846 3184 2109 3255 Scaligero
2116 3185 2381 3243 videatur.

1347 3294 1430 3305 -—
1449 3261 1726 3315 Consulem.
1772 3262 1855 3315 Ad
1890 3282 2153 3317 summam
2198 3287 2383 3321 rerum

1349 3342 1629 3394 consulere
1643 3381 1660 3409 ,
1693 3354 1771 3395 est
1786 3345 2041 3407 consulere,
2066 3345 2382 3417 providere,

1349 3434 1404 3474 et
1445 3423 1588 3474 solus
1630 3421 1848 3493 quidem
1864 3462 1881 3489 ‚
1910 3425 2047 3475 rebus
2086 3425 2383 3479 secundum

1349 3500 1443 3561 τὰς
1484 3503 1831 3573 περιστάσεις,
1866 3501 2012 3574 quod
2050 3504 2385 3575 imperatoris

1351 3592 1445 3634 est.
1476 3582 1631 3633 Falso
1656 3582 1822 3653 igitur
1853 3583 2121 3649 Ciaccon.,
2141 3587 2384 3639 consulere

1352 3673 1431 3713 est
1471 3680 1595 3716 cum
1635 3662 1751 3713 aliis
1780 3662 2176 3715 communicare
2206 3668 2381 3718 consi-

1351 3737 1488 3792 lium
1505 3740 1574 3793 de
1597 3760 1801 3793 summa
1817 3761 2016 3794 rerum.
2043 3741 2207 3807 Quod
2225 3745 2269 3797 si
2286 3746 2384 3797 im-

1352 3834 1569 3891 perator
1592 3819 1661 3872 de
1686 3840 1893 3873 summa
1912 3840 2097 3873 rerum
2121 3841 2243 3875 cum
2266 3826 2382 3879 aliis

1354 3901 1631 3953 consulere
1645 3901 1871 3971 cogitur,
1882 3903 1991 3972 jam
2006 3920 2116 3954 non
2134 3901 2201 3955 ad
2215 3923 2383 3957 unum

1353 3980 1627 4050 pertinent
1652 3998 1765 4050 res
1786 3978 1881 4031 sed
1909 3980 1977 4033 ad
2006 3983 2216 4053 plures;
2240 3984 2387 4038 unde

1355 4059 1588 4131 sibiipsi
1616 4058 2003 4113 contradiceret
2033 4062 2223 4115 Caesar.

1439 4145 1493 4204 4.
1524 4139 1651 4211 Quoe
1669 4160 1743 4194 res
1766 4151 1923 4193 tamen
1932 4142 2149 4209 sortasse
2184 4144 2387 4217 aliquem
2478 4218 2481 4221 ἢ

1940 4274 2025 4345 17
