3025 5025
857 494 933 562 C.
991 493 1276 561 JULII
1333 490 1801 563 CAESARIS
1857 480 2413 563 COMMENT.

543 627 806 722 expiata
865 626 1210 695 'Saturnini
1263 638 1462 718 atque
1530 620 1998 693 Gracchorum
2031 622 2081 647 ¹⁰
2140 624 2400 705 casibus
2460 625 2697 695 docet:

544 757 828 827 quarum
873 757 1097 801 rerum
1153 730 1266 800 illo
1320 746 1623 825 tempore
1666 729 1830 798 nihil
1874 731 2159 818 factum,
2195 755 2280 799 ne
2330 733 2698 827 cogitatum

541 840 854 934 quidem;
884 837 1206 907 nullalex
1235 837 1694 933 promulgata,
1738 845 1874 906 non
1912 862 2066 905 cum
2092 837 2344 932 populo
2380 841 2489 933 agi
2516 862 2699 933 coep-

539 962 719 1033 tum,
743 943 924 1014 nulla
949 946 1228 1015 secessio
1253 944 1444 1013 facta.
1466 948 1817 1032 Hortatur,
1835 945 2025 1037 cujus
2049 945 2465 1039 imperatoris
2490 945 2702 1014 ductu

539 1078 784 1122 novem
838 1054 1028 1121 annis
1084 1050 1563 1146 rempublicam
1610 1050 1979 1125 felicissime
2031 1054 2353 1146 gesserint
2372 1050 2417 1075 ¹¹
2434 1106 2453 1140 ,
2482 1051 2701 1146 pluri-

540 1184 782 1253 maque
829 1157 1056 1252 praelia
1103 1158 1393 1227 secunda
1433 1158 1741 1245 fecerint,
1778 1181 2046 1226 omnem
2090 1157 2377 1226 Galliam
2420 1162 2702 1227 Germa·

539 1268 854 1359 uiamque
876 1262 920 1287 ¹²
954 1265 1371 1360 pacaverint,
1401 1278 1478 1333 ut
1518 1266 1657 1358 ejus
1695 1266 2247 1333 existimationem
2276 1266 2701 1360 dignitatem-

539 1397 672 1467 que
700 1372 784 1439 ab
809 1373 1088 1440 inimicis
1114 1370 1492 1440 defendant.
1522 1401 1557 1435 ³>
1592 1370 2039 1440 Conclamant
2059 1370 2337 1465 legionis
2359 1396 2524 1460 xm,
2550 1396 2701 1465 quae

542 1480 814 1566 aderat,
843 1476 1119 1565 militeS,
1147 1470 1364 1565 (hane
1395 1479 1573 1546 enim
1607 1478 1794 1545 initio
1827 1477 2151 1547 tumultus
2185 1492 2583 1547 evocaverat
2609 1464 2701 1566 13;

539 1585 810 1679 reliquae
841 1584 1145 1653 nondum
1187 1599 1643 1653 convenerant
1662 1576 1732 1672 ς)
1770 1614 1807 1649 <c
1838 1610 1979 1655 sese.
2011 1600 2279 1680 paratos
2310 1610 2455 1654 esse
2486 1587 2698 1681 impe·

551 520 647 565 20

541 1694 782 1762 ratoris
820 1693 918 1759 sui
957 1690 1514 1784 tribunorumque
1548 1689 1762 1785 plebis
1809 1693 2083 1785 injurias
2122 1692 2496 1761 defendere.
2518 1722 2553 1757 ³>

646 1801 838 1868 VIII.
900 1799 1188 1891 Cognita
1229 1797 1513 1883 militum
1574 1796 1917 1866 voluntate
1939 1852 1957 1886 ,
2000 1801 2375 1868 Ariminum
2422 1810 2581 1868 cum'
2620 1824 2705 1868 ea

538 1904 798 1999 legione
828 1904 1272 1999 proficiscitur
1301 1904 1346 1993 ¹,
1381 1904 1603 1997 ibique
1631 1904 1936 1974 tribunos
1967 1904 2179 2000 plebis
2206 1905 2253 1995 ²,
2282 1908 2397 2000 qui
2425 1907 2510 1975 ad
2542 1931 2699 1975 eum

631 2109 654 2142 1
666 2108 717 2141 0.
733 2084 933 2141 Satur-n.
946 2099 1088 2157 atque
1105 2087 1285 2141 Gracc.
1300 2086 1575 2159 Hi‚'quum

543 2181 716 2223 essent
738 2168 943 2219 tribuni
966 2164 1166 2237 plebis,
1191 2168 1261 2219 ob
1289 2166 1575 2220 seditiones

539 2250 600 2301 in
626 2246 944 2300 reducendis
966 2247 1170 2317 legibus
1199 2248 1416 2317 agrariis
1443 2266 1573 2300 con-

541 2329 750 2390 citatas»,
769 2327 1035 2379 interfecti
1052 2340 1192 2381 sunt.
1218 2329 1417 2380 DavieS.
1442 2325 1570 2380 Vid.

542 2409 764 2461 Florum
779 2424 878 2471 111,
901 2412 1000 2471 14,
1029 2424 1052 2457 1
1069 2406 1120 2472 5,
1146 2411 1246 2472 16,
1269 2418 1322 2459 et
1344 2408 1569 2477 17.Liv.

543 2489 672 2559 epit.
707 2486 806 2548 58,
843 2486 941 2554 59,
973 2489 1066 2555 69.

633 2587 656 2620 1
674 2585 721 2620 1.
767 2566 1016 2636 Rempubl.
1053 2570 1301 2636 gesserint.
1348 2567 1574 2636 Elegans

540 2647 761 2700 locutio.
784 2646 982 2698 Milites
1001 2647 1137 2697 bene
1157 2665 1325 2716 remp.
1355 2660 1574 2716 gerunt,

539 2745 714 2798 quum
742 2725 875 2778 fines
914 2725 1056 2777 illius
1086 2738 1433 2796 promovent,
1461 2727 1575 2778 vic-

543 2807 697 2859 toriis
735 2803 1092 2875 amplificant,
1121 2803 1402 2875 ditantque
1449 2807 1576 2858 hos-

541 2886 681 2938 tium
709 2885 907 2956 spoliis.

589 3019 594 3022 ,
633 2984 657 3017 1
673 2984 722 3016 2.
757 2964 958 3016 Omnem
987 2963 1206 3016 Galliam
1235 2965 1575 3018 Germaniam-

545 3065 652 3117 que.
675 3044 727 3097 N
729 3063 800 3095 on
823 3061 1038 3094 omnem
1057 3044 1425 3110 Germaniam,
1450 3063 1578 3096 nam

543 3144 665 3178 oras
685 3125 845 3193 hujus
876 3134 1084 3174 tantum
1109 3125 1310 3194 attigit,
1343 3121 1438 3176 sed
1471 3143 1576 3175 om-

543 3223 654 3256 nem
689 3203 924 3256 Galliam.
970 3203 1172 3255 Omnem
1203 3201 1336 3256 dicit
1369 3203 1577 3258 Germa-

547 3288 678 3336 niam
707 3285 817 3335 sive
841 3283 1255 3353 amplificatione
1286 3285 1575 3337 verborum

545 3362 692 3435 apud
719 3362 965 3432 antiquos
989 3363 1253 3434 frequenti
1269 3401 1284 3429 ,
1317 3365 1427 3415 sive
1451 3367 1576 3434 quia

543 3443 905 3514 complurium
959 3443 1237 3496 civitatum
1291 3444 1575 3514 legationes

545 3543 672 3577 eum
703 3521 908 3588 adiere,
939 3541 1058 3593 quae
1086 3542 1271 3594 paoem
1307 3536 1360 3575 et
1395 3525 1576 3576 amici-

544 3605 676 3656 tiam
694 3603 980 3674 petierunt.
1007 3604 1092 3653 De
1105 3605 1166 3656 B.
1188 3603 1327 3655 Gall.
1352 3604 1452 3668 IV,
1483 3605 1573 3656 18.

545 3681 828 3735 Notandus
851 3695 1028 3735 autem
1051 3696 1128 3734 est
1154 3684 1309 3734 locus
1323 3681 1466 3753 apud
1491 3683 1575 3734 in-

545 3776 756 3816 certum
771 3774 1042 3815 auctorem
1059 3762 1386 3833 epithalamii
1404 3761 1576 3813 Maxi-

545 3845 788 3896 miniano
811 3840 972 3904 dicti,
998 3862 1045 3894 c.
1072 3845 1133 3896 8:
1167 3843 1244 3892 hic
1265 3837 1285 3902 (
1305 3842 1577 3894 Maximia-

546 3921 686 3984 nus)
708 3923 839 3994 quod
853 3925 962 3988 jam
979 3919 1132 3986 saLeo¹
1147 3922 1374 3972 traditum
1401 3921 1460 3972 de
1483 3943 1574 3973 an-

548 4007 694 4074 tiquis
706 4000 1066 4071 imperatoribus
1076 4000 1355 4070 putabatur,
1374 4021 1577 4056 romana

547 4095 682 4134 trans
719 4083 936 4136 Rhenum
970 4083 1111 4147 signa
1136 4085 1319 4149 primus
1355 4082 1575 4136 barbaris

541 4163 765 4233 gentibus
781 4160 957 4220 inridit.
981 4185 1006 4209 ι
1029 4160 1205 4226 Quam
1222 4181 1350 4222 vero
1365 4163 1436 4220 ob
1454 4183 1575 4220 cau·

1664 2108 1800 2154 sam,
1831 2089 2009 2161 inquit
2034 2090 2279 2144 Davisius
2294 2129 2311 2155 ,
2338 2091 2586 2145 historias
2607 2092 2701 2144 ha-

1663 2170 1829 2221 buere
1879 2182 2143 2241 suspectas
2158 2208 2174 2236 ‚
2206 2172 2345 2224 ratio
2398 2169 2554 2225 reddi
2583 2192 2697 2224 non

1662 2258 1854 2321 p'otest.
1890 2276 1912 2297 n
1952 2250 2112 2303 Nulla
2158 2252 2354 2322 opinor
2402 2252 2557 2304 ratio'
2585 2264 2700 2325 est,

1661 2329 1789 2396 nisi,
1806 2348 1974 2401 quum
1991 2328 2276 2403 impudens
2291 2344 2343 2384 et
2356 2330 2581 2385 mendax
2598 2332 2699 2385 iste

1661 2410 1893 2479 scriptor
1918 2410 2077 2463 vellet
2103 2430 2259 2463 suum
2289 2412 2509 2464 heroem
2535 2431 2698 2484 supra

1661 2501 1877 2542 caeteros
1897 2490 2178 2557 extollere,
2206 2483 2261 2543 in
2282 2490 2510 2545 dubium
2538 2512 2696 2546 revo-

1663 2589 1783 2622 care
1815 2571 2014 2622 factum
2044 2590 2154 2624 non
2183 2573 2458 2625 erubuerit
2484 2571 2552 2626 de
2588 2593 2697 2645 quo

1662 2669 1821 2702 nemo
1832 2669 1931 2702 nec
1946 2663 2066 2704 ante
2077 2669 2176 2705 nec
2188 2665 2309 2723 post
2318 2673 2440 2706 eum
2455 2654 2695 2725 ambigit.

1751 2749 1774 2782 1
1790 2731 1839 2782 3.
1866 2732 2014 2782 Hanc
2031 2736 2154 2783 enim
2182 2737 2320 2785 initio
2345 2734 2571 2785 tumultus
2594 2755 2701 2788 evo-

1663 2823 1867 2862 caverat.
1904 2810 2028 2862 Non
2061 2815 2318 2882 majorem
2358 2814 2545 2866 habuit
2580 2833 2695 2867 ma-

1662 2908 1795 2941 num
1832 2889 2142 2956 militarem3
2182 2892 2292 2944 scil.
2334 2911 2496 2944 unam
2526 2895 2626 2966 leg.
2658 2913 2697 2947 v

1664 2969 1794 3021 mill.
1816 2983 2143 3023 constantem
2161 2989 2279 3041 quae
2300 2972 2579 3026 transierat
2596 2995 2697 3046 per

1662 3050 1823 3119 Alpes
1860 3049 2078 3115 Graias,
2113 3062 2173 3101 ut
2206 3051 2279 3102 ait
2309 3052 2525 3106 Petron.
2557 3055 2691 3109 Arb.

1663 3141 1756 3180 sat.
1790 3145 1905 3199 cap.
1944 3147 2048 3182 122
2080 3147 2095 3180 ε

2152 3253 2162 3262 .
2179 3253 2187 3262 .
2205 3253 2215 3263 .
2231 3254 2241 3263 .
2258 3255 2268 3263 .
2290 3225 2408 3266 Exuit
2428 3242 2563 3270 omnes

1662 3291 1825 3344 Quippe
1842 3305 1969 3332 moras
1982 3292 2132 3339 caes-r,
2142 3295 2407 3349 vindictaque
2420 3307 2526 3337 nctus
2536 3313 2691 3348 umore,

1662 3362 1815 3402 Gallica
1830 3365 1996 3415 projecit
2006 3393 2017 3410 ,
2034 3363 2164 3402 civilia
2177 3367 2341 3405 sustulit
2356 3383 2465 3407 arma

1661 3433 1825 3485 Alpibus
1840 3436 1950 3472 aeriis
1962 3460 1974 3480 ,
1992 3434 2062 3472 ubi
2080 3437 2189 3485 graio
2206 3439 2365 3476 nomine
2382 3438 2509 3491 pulsa

1662 3503 1914 3542 Descendunt
1930 3497 2047 3556 rup‘es
2058 3531 2072 3552 ,
2093 3515 2131 3544 et
2148 3520 2188 3544 se
2207 3508 2411 3558 patiuntur
2433 3511 2550 3550 adiri.

1743 3601 1872 3654 CAP.
1896 3595 2049 3654 VHI'.
2083 3621 2103 3654 1
2117 3643 2130 3655 .
2163 3603 2439 3657 Ariminum
2469 3607 2694 3678 proficis-

1662 3685 1801 3734 citur.
1845 3680 2079 3734 Consule
2120 3682 2263 3737 Suet.
2310 3687 2418 3739 Jul.
2456 3688 2523 3741 31
2547 3727 2563 3752 ,
2598 3692 2688 3744 32.

1662 3759 1803 3812 Plut.
1832 3762 1961 3815 Caes.
1993 3769 2086 3826 41.
2122 3764 2280 3818 Nunc
2309 3767 2473 3837 igitur
2492 3769 2692 3822 factum

1661 3853 1739 3892 est
1767 3842 1985 3894 initium
2013 3843 2147 3897 Belli
2178 3846 2387 3911 Civilis3
2414 3865 2537 3898 nam
2568 3849 2690 3901 Ari-

1662 3921 1869 3973 minum
1888 3935 1999 3976 erat
2016 3936 2163 3976 extra
2189 3926 2537 3996 provinciam.
2557 3929 2689 3982 Luc.

1662 4001 1846 4055 Phars.
1874 4004 1908 4056 l.
1946 4023 1992 4064 1,
2022 4023 2072 4056 v,
2104 4005 2248 4058 231:

1664 4082 1977 4143 Vicinumque
1996 4083 2154 4128 minax
2174 4081 2353 4127 invadit
2370 4084 2701 4136 Ariminum...-

1746 4184 1796 4217 ι.
1834 4165 2073 4218 Tribunos
2092 4165 2247 4235 plebis
2270 4184 2289 4220 .·
2318 4185 2434 4239 sup.
2463 4188 2510 4223 c.
2547 4171 2597 4225 5.
