3025 5025
678 484 824 558 106
957 487 1035 555 C.
1083 486 1379 555 JULII
1437 485 1911 556 CAESARIS
1968 484 2533 558 COMMENT.
2588 568 2593 571 ,

729 669 736 676 ·
772 620 1127 688 LXXVII.
1166 620 1391 687 Caesar
1417 672 1438 707 ‚
1479 620 1595 712 qui
1634 616 1877 690 milites
1924 617 2459 688 adversariorum
2498 621 2569 688 in
2612 633 2845 690 castra

666 749 788 820 per
817 738 1083 819 tempus
1109 723 1421 819 colloquii
1459 739 1783 794 venerant
1802 778 1822 811 ‚
1853 749 2109 793 summa
2142 723 2482 819 diligentia
2520 727 2845 821 conquiri

665 846 734 899 et
761 833 1010 900 remitti
1035 831 1227 925 jubet
1248 830 1266 855 ¹
1296 857 1310 900 :
1341 831 1456 900 sed
1479 857 1565 900 ex
1592 856 1873 900 numero
1908 831 2335 900 tribunorum
2368 831 2655 902 militum
2686 858 2849 902 cen·

665 939 1140 1032 turionumque
1183 937 1486 1006 nonnulli
1532 963 1651 1007 sua
1704 937 2049 1007 voluntate
2101 938 2287 1033 ‚apud
2340 963 2493 1008 eum
2552 964 2843 1008 remmi-

667 1059 932 1132 serunt,
968 1070 1136 1138 quos
1179 1044 1288 1114 ille
1323 1059 1557 1139 postea
1593 1069 1839 1140 magno
1870 1046 1938 1112 in
1976 1043 2269 1113 honore'
2298 1045 2577 1134 habuit3
2608 1061 2847 1116 centu-

671 1151 889 1220 riones
933 1153 1004 1218 in
1043 1150 1398 1246 ampliores
1441 1151 1709 1220 ordines
1728 1152 2035 1246 ,equites
2076 1176 2391 1220 romanos
2441 1154 2513 1220 in
2546 1153 2844 1221 tribuni-

666 1257 838 1325 tium
875 1260 1164 1326 restituit
1197 1257 1527 1327 honorem
1547 1243 1589 1326 ³.
2866 1335 2873 1340 ,

774 1366 1166 1434 LXXVIII.
1182 1365 1667 1434 Premebantur
1676 1363 2019 1432 Afraniani
2033 1361 2482 1459 pabulatione,
2502 1365 2846 1458 aquaban-

665 1483 776 1538 tur
803 1495 1010 1564 aegre,
1033 1471 1350 1540 frumenti
1382 1474 1645 1567 copiam
1675 1469 2019 1565 legionarii
2036 1469 2429 1540 nonnullam
2454 1471 2845 1561 habebant,

663 1575 847 1669 quod
885 1575 1148 1646 dierum
1176 1580 1383 1648 XXII
1411 1579 1498 1648 ab
1528 1576 1751 1649 Ilerda
1780 1577 2189 1646 frumentum
2214 1578 2380 1670 jussi
2418 1591 2613 1646 erant
2644 1578 2846 1648 effer-

667 1707 740 1750 re
754 1681 771 1705 ¹
787 1709 808 1770 ;
830 1686 1064 1752 cetrati
1083 1682 1567 1779 auxiliaresque
1585 1683 1836 1754 nullam
1852 1736 1873 1771 ,
1888 1709 2175 1779 quorum
2194 1698 2387 1753 erant
2400 1699 2468 1752 et
2480 1682 2845 1754 facultates

745 1909 876 1964 CAP.
922 1910 1202 1962 LXXVII.
1251 1928 1300 1963 1.
1342 1910 1540 1962 Summa
1580 1910 1700 1962 dili-

661 1992 828 2058 gentia
843 1992 1061 2060 conquiri
1069 2001 1121 2040 et
1131 1993 1311 2041 remitti
1306 1990 1463 2060 jubet.
1475 1990 1701 2060 Egregie

666 2068 886 2122 Caesaris
899 2069 1100 2121 factum
1114 2087 1177 2122 eo
1191 2070 1358 2140 magis
1371 2067 1702 2122 laudandum

666 2147 822 2202 nobis
860 2146 1099 2214 videtur,
1140 2168 1248 2220 quo
1285 2148 1556 2202 crudelius
1596 2161 1701 2216 est,

667 2239 720 2281 et
765 2227 832 2280 ab
872 2228 1021 2280 omni
1065 2229 1396 2282 humanitate
1443 2229 1701 2282 remotius

667 2308 865 2360 Petreii
891 2307 1124 2374 facinus3
1159 2310 1310 2380 cujus
1336 2310 1529 2364 merito
1553 2309 1701 2362 nefa·

663 2387 803 2440 riam
835 2385 1204 2442 crudelitatem
1241 2389 1487 2442 incusam
1530 2391 1703 2442 Luca-

667 2486 794 2533 nuS,
827 2467 1112 2535 exclamat,
1139 2469 1234 2524 lib.
1270 2488 1357 2537 1v,
1384 2487 1435 2524 v.
1474 2469 1618 2535 254:

665 2564 726 2603 Tu
737 2595 749 2611 ,
763 2564 894 2604 Gau·
903 2594 914 2612 ,
933 2568 1110 2619 qumvis
1124 2566 1312 2620 spoliatus
1326 2566 1454 2607 milite
1469 2567 1596 2607 multo

665 2638 854 2689 Agnoocia
870 2652 1053 2691 ευριπ-οε.
1069 2666 1078 2677 .
1096 2666 1106 2677 .
1122 2665 1133 2676 .
1149 2665 1160 2676 .

665 2710 754 2749 Hoc
773 2711 967 2765 siquidem
991 2710 1076 2750 solo
1098 2710 1222 2751 civilis
1241 2713 1406 2753 crimine
1423 2710 1525 2753 belli

665 2780 756 2819 Dux
772 2794 898 2821 cansa
915 2781 1092 2821 meliori·
1112 2783 1204 2821 eris.

754 2891 806 2923 2.
854 2872 1045 2941 Magno
1081 2876 1133 2924 in
1174 2873 1366 2925 honore.
1404 2873 1487 2925 Al.
1530 2890 1705 2941 magno

670 2952 846 3002 honore
855 2972 876 3013 ;
896 2964 1186 3023 utrumque
1211 2951 1355 3025 apud
1381 2954 1661 3007 Caesarem.

754 3031 805 3083 3.
845 3029 1157 3083 Centuriones
1195 3037 1245 3084 in
1282 3034 1536 3103 ampliores
1570 3031 1705 3083 ordi·

671 3130 776 3173 nes,
801 3113 982 3182 equites
1013 3131 1132 3165 mm.
1159 3115 1207 3163 ἰη
1237 3112 1531 3165 tribunitium
1564 3114 1705 3163 resti-

671 3196 766 3242 tuit
805 3191 1042 3245 honorem.
1093 3192 1312 3264 Optime
1353 3193 1428 3244 ita
1473 3210 1539 3245 ex
1582 3188 1703 3244 eod.

669 3282 855 3325 nostro
881 3272 945 3324 R.
983 3272 1169 3343 5768,
1203 3290 1438 3343 quocum
1481 3268 1735 3347 Oudenffi

667 3350 920 3423 dor-pinni
947 3365 1082 3424 optt.
1105 3352 1474 3416 consentiunt;
1502 3370 1601 3403 nec
1626 3364 1705 3404 est

669 3430 1049 3485 adhaerendum
1059 3431 1706 3503 difficultatibusquasop-

669 3512 826 3583 ponit
841 3525 1037 3565 nostrae
1057 3511 1276 3565 lectioni
1292 3510 1534 3565 Vossius.
1554 3511 1705 3565 Nihil

669 3592 846 3645 Caesar
865 3590 998 3645 dicit
1012 3630 1028 3657 ,
1060 3591 1164 3645 nisi
1195 3589 1344 3663 quod
1365 3592 1705 3645 centuriones

669 3671 739 3725 ad
771 3672 1086 3744 ampliorem
1117 3670 1363 3747 ordinem
1397 3671 1702 3743 promovit3

669 3754 876 3824 equites
909 3752 1156 3805 tribunos
1187 3752 1420 3805 militum
1459 3752 1613 3818 fecit,
1652 3764 1707 3804 et

667 3834 799 3886 alios
819 3833 1015 3887 milites
1039 3830 1211 3904 gradu
1232 3831 1580 3885 honoratiore
1604 3828 1704 3885 do-

668 3927 837 3967 navit.

750 3994 882 4047 Cn».
902 3992 1210 4047 LXXVIII.
1240 4011 1263 4045 1
1275 4035 1288 4047 .
1307 3994 1508 4046 Diei-um
1518 4010 1631 4045 χιιι
1644 3992 1709 4044 ab

667 4074 836 4127 Ilerda
875 4074 1108 4141 flumem.
1152 4076 1286 4144 jussi
1329 4086 1471 4126 erant
1513 4075 1705 4141 effem-

659 4155 814 4225 ,ΕΙ-30
845 4153 1008 4207 falsus
1044 4153 1182 4221 Dio,
1214 4153 1311 4225 qui
1340 4154 1416 4208 ait
1442 4154 1539 4213 lib.
1569 4170 1704 4207 ηις

1788 1905 1871 1962 καὶ
1906 1911 2111 1980 προσέτι
2141 1911 2251 1962 οὔτε
2280 1911 2455 1980 τροφὴν
2483 1904 2610 1978 εἶχεν
2633 1905 2661 1973 (
2684 1915 2844 1968 αὕτη·

1788 1991 1931 2060 ,apem
1972 1987 2067 2059 γὰρ
2112 1991 2195 2042 τὸν
2247 1992 2464 2060 σταθμὸν
2520 1987 2842 2044 διατελέσειν

1785 2064 2251 2139 προσδοκήσαντες,
2284 2065 2424 2122 οὐδὲν
2445 2067 2841 2141 ὑπενέγκαντο)

1788 2149 1898 2202 οὔτε
1932 2144 2119 2209 ὕδατος
2148 2150 2407 2218 εὐπόρουν.
2446 2168 2495 2202 κ.
2529 2170 2581 2204 τ.
2616 2157 2670 2206 λ.
2708 2177 2735 2199 «ι
2756 2150 2841 2204 Ad

1788 2228 1903 2281 haec
1927 2247 2102 2300 neque
2130 2229 2312 2281 cibum
2338 2229 2575 2282 habuere
2602 2223 2625 2291 (
2662 2249 2843 2303 neque

1786 2308 1934 2360 enim
1986 2327 2165 2361 secum
2215 2309 2504 2381 quicquam
2554 2310 2802 2364 tulerant
2821 2350 2838 2378 ,

1786 2388 1915 2459 quia
1944 2389 2117 2441 unicis
2154 2389 2338 2443 castris
2378 2409 2435 2442 se
2478 2407 2591 2459 quo
2632 2403 2837 2445 statue-

1788 2481 1937 2535 rant,
1972 2481 2325 2541 perventuros
2363 2468 2750 2541 speraverant)
2787 2484 2840 2525 et

1790 2550 1857 2601 ab
1884 2568 2019 2620 aqua
2049 2550 2385 2614 laborabant,
2412 2562 2512 2603 etc.
2538 2576 2561 2597 ι
2598 2552 2740 2605 Vos.
2764 2552 2835 2605 H.

1788 2628 1825 2681 l.
1870 2630 2055 2700 Tur-pitz
2086 2630 2149 2681 de
2192 2630 2357 2683 Crissd
2390 2629 2680 2684 contendit
2719 2632 2839 2685 fieri

1790 2709 2119 2779 nequivisse,
2148 2722 2209 2762 ut
2236 2709 2431 2762 milites
2461 2711 2679 2763 romani
2706 2731 2839 2783 por·

1788 2800 1966 2841 tarent
1996 2808 2175 2842 secum
2206 2790 2537 2842 frumentum
2568 2810 2677 2863 pro
2718 2810 2837 2845 1111

1789 2866 1980 2921 >diebus
2002 2888 2016 2922 τ
2041 2888 2103 2922 ex
2131 2872 2243 2941 ejus
2268 2870 2676 2941 computatione
2704 2892 2838 2927 oon·

1790 2961 1952 3002 staret
1978 2950 2269 3022 unicuique
2290 2950 2449 3003 militi
2476 2949 2835 3023 quadraginta

1789 3042 2020 3099 ‚quatuor
2049 3029 2213 3083 libras
2242 3030 2451 3102 gallicas
2496 3030 2663 3083 fuisse
2702 3052 2836 3105 por-

1792 3106 2007 3174 tandas,
2056 3110 2252 3180 quibus
2302 3110 2347 3163 si
2386 3110 2690 3181 sexaginta,
2733 3131 2837 3183 pro

1790 3208 2064 3241 umorum
2096 3188 2363 3262 pondere,
2394 3188 2673 3244 addideris
2686 3230 2703 3257 ,
2738 3192 2835 3245 ha-

1786 3270 1941 3323 bebis
1984 3288 2090 3323 civ.
2139 3270 2310 3323 Porro
2352 3270 2595 3341 quinque
2646 3272 2837 3325 saltem

1790 3349 1951 3402 leucae
1980 3369 2299 3422 quacunque
2326 3348 2416 3402 die
2430 3390 2447 3417 ,
2480 3350 2837 3405 conficienda

1790 3440 1969 3494 erant3
2016 3429 2161 3484 unde
2204 3430 2425 3502 conjicit
2464 3431 2562 3483 has
2598 3431 2836 3485 sarcinas

1792 3509 1951 3563 fuisse
1983 3529 2014 3561 a
2045 3511 2205 3563 mulis
2234 3523 2327 3563 aut
2362 3506 2622 3583 jumentis
2658 3524 2836 3567 vectas

1792 3590 1851 3641 in
1868 3591 2105 3660 agmine:
2128 3609 2438 3662 perperam3
2455 3590 2667 3643 nullam
2688 3592 2834 3644 enim

1792 3670 2169 3723 obscuritatem
2190 3672 2370 3725 ferunt
2386 3670 2617 3724 casaris
2642 3672 2832 3725 verba:

1794 3748 1941 3815 Quid
1972 3750 2135 3823 igitur
2160 3751 2265 3804 hoc
2290 3751 2411 3805 loco
2440 3750 2680 3803 mirum?
2709 3769 2833 3822 age,

1791 3842 2010 3882 centum
2051 3830 2213 3885 libras
2250 3830 2430 3902 primo
2458 3843 2681 3884 tantum
2706 3828 2833 3895 die3

1792 3908 1888 3963 sed
1924 3908 2185 3976 secundo,
2226 3911 2413 3977 tertio,
2454 3923 2678 3983 quarto,
2718 3910 2834 3963 hnc

1794 3988 2179 4062 impedimenta
2238 3992 2435 4045 sensim
2500 3988 2835 4044 absumendo

1795 4070 2191 4125 minuebantur.
2217 4072 2480 4128 Praeterea
2506 4070 2661 4126 unde
2686 4089 2839 4125 oom-

1794 4151 1937 4223 perit
1949 4192 1968 4222 ‚
1996 4152 2157 4205 militi
2184 4153 2379 4225 cuique
2399 4152 2701 4225 legionario
2724 4170 2833 4223 aar
