3025 5025
691 470 839 562 452
1476 480 1620 549 DE
1671 480 2036 549 BELLO

686 610 862 703 regis
909 609 947 677 J
951 607 1097 677 ubae
1162 633 1430 703 egressu
1450 664 1471 697 ‚
1520 611 1796 704 propius
1859 609 2002 702 ejus
2057 633 2341 705 regnum
2405 610 2630 703 copias
2669 634 2805 678 suas

684 714 1043 785 admovere
1062 767 1082 801 ‚
1128 717 1518 810 Cirtamque
1539 769 1562 803 ‚
1603 715 1925 811 oppidum
1967 715 2111 808 ejus
2165 716 2354 810 regni
2395 713 2805 810 opulentissi-

683 846 871 889 mum
888 873 911 907 ‚
944 820 1159 891 adorti
1173 874 1193 905 ‚
1228 824 1459 915 paucis
1500 821 1734 891 diebus
1767 820 2134 917 pugnando
2187 823 2460 916 capiunt
2473 846 2520 908 ‚‘-
2538 836 2608 890 et
2645 844 2805 915 prae-
2847 846 2854 853 ·

680 940 863 997 terea
898 926 1037 996 duo
1079 927 1325 1023 oppida
1364 927 1780 997 Gaetulorum
1807 927 2089 1021 :quibus
2125 952 2334 1021 quum
2371 926 2805 997 conditionem

678 1031 963 1120 ferrent,
1005 1048 1082 1104 ut
1108 1033 1371 1129 oppido
1407 1032 1801 1103 excederent
1817 1088 1836 1119 ‚
1865 1026 2064 1127 idque
2109 1034 2231 1103 sihi
2266 1057 2560 1103 vacuum
2599 1049 2804 1102 trans·

677 1138 940 1226 derent‚·
970 1138 1552 1235 conditionemque
1591 1137 2084 1235 repudiassent,
2120 1153 2352 1234 postea
2387 1140 2473 1209 ab
2507 1141 2608 1209 eis
2645 1140 2806 1234 capti

670 1244 1133 1340 interfectique
1162 1261 1316 1316 sunt
1343 1271 1594 1315 omnes.
1619 1245 1790 1314 Inde
1817 1248 2184 1341 progressi,
2213 1269 2412 1339 agros
2439 1245 2804 1341 oppidaque

671 1374 915 1421 vexare
950 1377 1089 1421 non
1123 1352 1463 1423 desistunt.
1504 1352 1768 1441 Quibus
1803 1352 2002 1421 rebus
2039 1353 2322 1448 cognitis
2338 1404 2358 1438 ‚
2381 1354 2420 1421 J
2421 1352 2590 1440 uba,
2613 1376 2802 1446 quum

663 1456 805 1549 jam
850 1482 988 1527 non
1028 1458 1225 1553 longe
1260 1458 1345 1527 ab
1390 1459 1700 1553 Scipione
1757 1472 1958 1552 atque
1999 1458 2141 1552 ejus
2182 1457 2465 1527 ducibus
2509 1458 2762 1527 abesset
2773 1488 2803 1545 2,

670 1565 851 1658 capit
888 1564 1239 1635 consilium
1259 1618 1278 1652 ,
1314 1565 1524 1633 satius
1567 1586 1710 1633 esse
1722 1548 1772 1650 ³,
1811 1564 1938 1633 sihi
1981 1588 2232 1658 suoque
2276 1588 2486 1658 regno
2525 1563 2804 1633 subsidio

666 1671 765 1739 ire
788 1723 809 1757 ‚
852 1696 1055 1765 quam
1075 1724 1095 1757 ,
1138 1670 1299 1742 dum
1342 1669 1505 1739 alios
1547 1670 1848 1739 aditurus
1891 1670 2463 1765 proficisceretur,
2505 1672 2650 1764 ipse
2693 1695 2802 1739 suo

665 1786 893 1871 regno'
918 1776 1229 1872 expulsus
1246 1829 1267 1863 ‚
1311 1776 1589 1846 forsitan
1633 1774 1914 1870 utraque
1951 1801 2024 1845 re
2065 1774 2527 1871 expelleretur.
2575 1780 2802 1871 Itaque

663 1906 895 1951 rursus
932 1907 1004 1951 se
1038 1884 1333 1976 recipere
1346 1869 1395 1968 ⁴,
1430 1896 1631 1977 atque
1673 1881 1912 1951 auxilia
1955 1885 2156 1951 etiam
2179 1906 2234 1951 a·
2251 1884 2564 1977 Scipione
2585 1882 2800 1951 abdu-

664 1989 758 2057 xit
783 2040 803 2074 ‚
846 1988 973 2057 sibi
1008 1989 1272 2081 suisque
1311 1988 1509 2058 rebus
1565 1990 1854 2076 timens3
1897 1987 2396 2084 elephantisque
2440 1992 2649 2057 XXX
2697 2014 2801 2059 re-

664 2091 835 2164 lictis
852 2146 874 2178 ‚
914 2095 1047 2163 suis
1092 2093 1338 2163 finibus
1380 2094 1776 2189 oppidisque
1820 2096 2158 2190 suppetias
2203 2094 2546 2188 profectus
2581 2108 2700 2165 est.

767 2202 1025 2270 XXVI.
1066 2202 1291 2271 Caesar
1322 2202 1622 2287 interim,
1643 2225 1853 2294 quum
1883 2200 1968 2269 de
2001 2226 2123 2271 suo
2151 2200 2448 2275 adventu
2468 2200 2801 2270 'dubitatio

657 2308 728 2374 in
769 2308 1112 2401 provincia
1154 2321 1326 2377 esset
1343 2360 1364 2393 ‚
1398 2331 1614 2400 neque
1653 2306 2002 2401 quisquam
2044 2306 2379 2393 crederet,
2407 2308 2665 2401 ipsum,
2689 2308 2800 2375 sed
2893 2344 2902 2355 ·

657 2411 947 2507 aliquem
983 2411 1275 2508 legatum
1310 2437 1467 2481 cum
1510 2414 1718 2506 copiis
1753 2413 1824 2481 in
1855 2412 2152 2483 Africam
2195 2414 2487 2501 venisse,
2509 2416 2798 2482 conscri-

657 2522 789 2614 ptis
831 2518 1035 2590 literis
1086 2521 1339 2590 circum
1382 2520 1800 2616 provinciam
1823 2572 1842 2607 ,
1899 2545 2131 2590 omnes
2175 2522 2476 2589 civitates
2519 2519 2680 2589 facit
2721 2520 2800 2590 de

656 2651 779 2695 suo
830 2625 1121 2694 adventu
1182 2628 1518 2695 certiores,
1564 2625 1842 2694 Interim
1895 2625 2152 2694 nobiles
2192 2625 2499 2694 homines
2542 2651 2626 2694 ex
2671 2629 2800 2696 suis

656 2732 915 2827 oppidis
964 2731 1366 2834 profugere,
1404 2745 1473 2800 et
1517 2732 1586 2800 in
1641 2745 1858 2800 castra
1901 2733 2179 2802 Caesaris
2217 2731 2564 2819 devenire,
2607 2747 2680 2800 et
2724 2733 2800 2802 de

654 2827 1185 2908 adversariorum
1222 2841 1363 2932 ejus
1404 2835 1762 2908 acerbitate
1805 2825 2324 2932 crudelitateque
2377 2863 2798 2909 commemo-

652 2967 801 3012 rare
828 2955 1195 3039 coeperunt.
1230 2947 1540 3034 Quorum
1573 2943 1894 3073 lacrymis
1913 2942 2330 3038 querelisque
2355 2946 2582 3013 Caesar
2611 2969 2797 3014 com·

651 3065 911 3138 motUS,
936 3069 1143 3145 quum
1179 3065 1373 3120 antea
1411 3047 1844 3120 constitisset¹
1876 3051 1944 3118 in
1986 3050 2242 3119 stativis
2278 3052 2542 3137 castris,
2566 3067 2796 3120 aestate

648 3158 836 3244 inita,
859 3159 1117 3226 cunctis
1140 3158 1349 3302 copiis
1378 3155 1764 3250 auxiliisque
1797 3157 2077 3244 coactis,
2095 3155 2344 3227 bellum
2371 3181 2526 3226 cum
2555 3155 2796 3227 adver-

654 3342 1076 3416 Conditioroemwe
1122 3342 1397 3414 repudiasse
1396 3353 1468 3395 nt.
1512 3341 1680 3396 Videt
1765 3361 1858 3414 que
1874 3361 1943 3393 re.
1963 3343 2034 3394 Et
2063 3359 2228 3413 regno
2253 3361 2380 3406 suo,
2402 3354 2455 3394 et
2474 3345 2799 3413 opportuni-

652 3420 871 3494 quidem
887 3423 1281 3494 unusquisque,
1295 3422 1409 3475 haec
1425 3423 1590 3475 verba
1609 3421 1679 3475 de
1764 3433 1872 3476 tate
1901 3421 2087 3474 auxilii
2113 3423 2227 3474 aliis
2249 3419 2473 3474 ferendi.
2509 3421 2588 3474 M.

648 3501 933 3574 oppidanis
942 3500 1282 3572 intelligenda
1296 3519 1432 3566 ωας
1446 3501 1677 3572 scriptor
1845 3507 1900 3565 4.
1923 3502 2164 3571 Recipere.
2178 3500 2272 3554 sic
2295 3501 2430 3553 honi
2452 3499 2617 3554 codd.
2650 3514 2710 3555 et
2733 3521 2794 3556 ex

651 3594 829 3634 tamen
852 3601 965 3635 non
993 3594 1073 3634 est
1094 3580 1345 3652 diligens,
1368 3581 1463 3652 qui
1486 3581 1548 3633 in
1569 3599 1677 3634 una

645 3660 939 3733 eademque
964 3660 1189 3734 periodo
1213 3660 1282 3713 de
1312 3659 1538 3714 diversis
1555 3661 1677 3713 sub-

642 3741 797 3812 jectis
814 3779 832 3806 ‚
860 3753 925 3794 ut
964 3741 1159 3794 schole
1197 3741 1495 3811 loquuntur
1510 3777 1529 3804 ,
1556 3752 1674 3792 tan·

646 3839 806 3894 quam
852 3818 921 3874 de
958 3837 1069 3874 uno
1108 3819 1403 3892 eodemque
1446 3820 1633 3874 scribit
1655 3856 1673 3883 ,

643 3899 959 3958 nec-diserte
978 3899 1241 3972 significat
1254 3937 1271 3966 ,
1293 3897 1427 3970 quid
1450 3898 1520 3952 de
1545 3917 1676 3970 quo-

644 3997 749 4050 que
776 3978 935 4034 dicat.
974 3980 1051 4034 M.

728 4059 783 4113 3.
797 4058 965 4112 Satius
982 4079 1104 4120 esse,
1120 4071 1224 4112 etc.
1246 4058 1401 4112 Malit
1418 4055 1669 4110 Oudend.

643 4142 795 4192 satius
808 4158 911 4192 esse
922 4138 1017 4192 siba·
1025 4177 1041 4202 ‚
1052 4159 1141 4192 suo
1152 4157 1325 4209 προ,
1340 4149 1440 4192 etc.
1452 4167 1511 4184 -
1529 4138 1678 4190 Utra-

1763 3580 2792 3652 moi-efflrtiLV.c.71.Vulgo,recepit.

1765 3695 1775 3700 —
1843 3661 1972 3714 CAP.
2003 3660 2210 3712 XXVI.
2251 3677 2300 3712 x.
2331 3659 2667 3714 constitisset.
2693 3661 2796 3714 Alii

1759 3751 1890 3791 stam
1913 3743 2248 3791 constituisset.
2281 3737 2492 3810 Lipsiffl
2519 3743 2793 3811 conjecta·

1759 3819 1852 3872 bat
1865 3822 2081 3874 oestivm
2097 3821 2430 3871 constituisset.
2443 3847 2526 3860 --·-
2537 3817 2790 3889 δοραὶ...

1760 3902 1899 3950 actis.
1937 3897 2056 3950 Hoc
2103 3915 2134 3950 e
2173 3899 2346 3951 tribus
2389 3895 2545 3951 codd.
2579 3899 2792 3970 recepit

1761 3976 2013 4030 Oudend.
2041 3989 2096 4030 et
2113 3975 2358 4030 defendit
2385 3977 2640 4047 exemplo
2673 3997 2708 4030 e
2735 3979 2794 4030 li-

1760 4057 1873 4110 bris
1896 4055 1964 4110 de
1979 4057 2041 4110 Β.
2059 4057 2129 4112 G.
2143 4075 2279 4122 vm,
2299 4076 2351 4127 7.
2367 4056 2557 4110 Coeteri
2571 4056 2792 4110 codices

1761 4136 1962 4192 habent
1973 4140 2122 4207 agitis
2127 4175 2144 4200 ,
2155 4141 2312 4190 auctis
2319 4173 2337 4203 ,
2351 4138 2578 4208 cogitatis
2585 4173 2603 4196 ‚
2617 4157 2796 4208 aggre-
