3025 5025
864 470 1708 541 ALEXANDRINQ
2198 466 2349 563 379

225 598 542 694 paullatim
588 602 883 671 medium
923 606 1100 673 inter
1140 629 1210 673 se
1255 605 1543 699 spatium
1588 602 1999 697 relinquens,
2036 601 2349 671 diversis·-

223 710 372 775 simo
397 708 482 777 ad
513 707 698 779 littus
730 709 1080 780 intervallo
1109 713 1275 779 mari
1315 710 1763 807 conjungitur.
1792 712 1923 779 Cui
1956 709 2114 779 loco
2139 732 2349 803 quum

220 817 736 909 appropinquare
782 816 1220 886 Mithridaten
1248 842 1366 885 rex
1397 819 1857 913 cognovisset,
1892 831 1959 885 et
1992 830 2349 885 transeun-

218 920 362 989 dum
384 924 443 989 ei
471 922 722 991 flumen
759 924 996 1008 sciret,
1027 948 1302 1019 magnas
1337 923 1657 993 adversus
1694 948 1846 991 eum
1877 924 2105 1018 copias
2142 923 2350 1003 misit,

217 1028 437 1119 quihus
468 1028 574 1097 vel
613 1032 910 1124 superari
946 1031 1282 1125 delerique
1309 1030 1799 1115 -Mithridaten‚
1825 1029 1932 1099 vel
1970 1031 2111 1099 sine
2146 1027 2351 1097 dubio

217 1136 470 1204 retineri
519 1162 714 1230 posse
757 1137 1088 1207 credebat.
1153 1137 1745 1227 Quemadmodum
1794 1151 2019 1206 autem
2076 1135 2356 1230 optabat

215 1264 354 1309 eum
396 1244 612 1329 vinci,
651 1244 742 1311 sic
787 1246 942 1313 satis
979 1244 1304 1329 habebat,
1348 1244 1785 1315 interclusum
1828 1267 1865 1311 a
1902 1245 2168 1313 Caesare
2202 1266 2243 1309 a
2284 1264 2353 1309 se

215 1350 488 1417 retineri.
537 1351 706 1437 Quae
763 1352 996 1444 primae
1039 1353 1250 1445 copiae
1305 1350 1557 1419 flumen
1597 1374 1637 1419 a
1676 1350 1877 1421 Delta
1920 1350 2204 1419 transire
2222 1401 2244 1435 ,
2288 1360 2355 1415 et

215 1454 574 1525 Mithridati
615 1480 968 1527 occurrere
1031 1472 1398 1551 potuerunt
1421 1512 1440 1545 ,
1481 1457 1784 1552 praelium
1834 1458 2313 1527 commiserunt
2334 1504 2355 1538 ‚

211 1560 583 1631 festinantes
613 1565 971 1659 praeripere
999 1564 1555 1658 subsequentibus
1589 1565 1885 1633 victoriae
1928 1565 2351 1633 societatem:

211 1690 488 1760 quorum
534 1671 858 1765 impetum
921 1670 1344 1740 Mithridates
1415 1695 1661 1764 magna
1718 1696 1875 1740 cum
1935 1670 2291 1766 prudentia
2310 1665 2357 1754 ²,

210 1776 680 1845 consuetudine
718 1790 946 1846 nostra
983 1779 1214 1848 castris
1243 1775 1533 1866 vallatis,
1562 1779 1893 1847 sustinuit.
1926 1779 2156 1866 Quum
2194 1798 2355 1843 vero

207 1880 464 1951 incaute
490 1898 688 1977 atque
719 1882 1079 1954 insolenter
1115 1870 1505 1955 succedere³
1531 1910 1645 1955 cos
1674 1883 2161 1953 munitionibus
2180 1881 2355 1950 vide·

205 2002 332 2072 ret,
371 1992 728 2084 eruptione
767 1990 1060 2085 undique
1104 1992 1313 2079 facta,
1349 2016 1671 2086 magnum
1718 2016 2073 2061 numerum
2120 2012 2353 2058 eorum

207 2095 548 2165 interfecit.
589 2096 792 2184 Quod
826 2100 950 2167 nisi
993 2098 1296 2167 locorum
1339 2099 1576 2167 notitia
1618 2096 1854 2192 reliqui
1896 2123 1965 2167 se
2006 2098 2355 2182 texissent,

205 2203 576 2297 partimque
614 2205 684 2272 in
717 2227 953 2291 naves,
1001 2206 1242 2298 quibus
1291 2205 1551 2274 flumen·
1595 2207 2023 2292 transierant,
2062 2203 2353 2297 recepis-

203 2323 380 2397 sent,
427 2309 724 2379 funditus
761 2309 959 2379 deleti
1005 2325 1240 2380 essent.
1280 2312 1420 2399 Qui
1460 2325 1539 2378 ut
1578 2309 1948 2405 paullulum
1994 2310 2079 2377 ab
2116 2308 2228 2377 illo
2272 2311 2351 2375 ti·

204 2440 386 2485 more
435 2440 504 2485 se
559 2431 949 2487 recrearunt
978 2471 998 2503 ,
1051 2417 1382 2511 adjunctis
1439 2418 1553 2502 iis,
1595 2419 1709 2512 qui
1744 2415 2355 2512 subsequebantur,

203 2547 434 2594 rursus
477 2549 868 2619 oppugnare
913 2525 1354 2594 Mithridaten
1397 2539 1761 2619 coeperunt.

305 2631 635 2700 XXVIII.
695 2633 990 2700 Mittitur
1037 2656 1076 2700 a
1126 2630 1519 2700 Mithridate
1574 2632 1848 2698 nuntius
1898 2631 2145 2698 Caesari
2166 2683 2185 2715 ,
2242 2631 2355 2722 qui

202 2762 341 2806 rem
399 2751 654 2830 gestam
716 2736 1120 2832 perferret¹z
1185 2739 1534 2831 cognoscit
1583 2761 1665 2804 ex
1722 2738 1855 2806 suis
1920 2735 2153 2804 eadem
2212 2736 2354 2804 haec

202 2944 418 2998 videtur
429 2946 502 2998 ob
513 2945 922 2999 similitudinem
939 2947 1092 2999 verbi
1103 2965 1239 3018 prae-

201 3024 440 3078 cedentis
477 3027 808 3096 negligenter
845 3027 1116 3079 omissum.
1155 3027 1235 3079 M.

201 3106 408 3158 Mirum
423 3105 602 3158 videri
627 3119 838 3177 poterat
866 3107 940 3158 ita
971 3104 1229 3171 derivari,

203 3197 262 3238 ut
299 3187 475 3238 forma
519 3186 710 3238 litteroe
741 3194 777 3238 Δ
806 3184 934 3239 inde
972 3185 1235 3257 prodiret.

207 3267 475 3320 Caeterum
491 3267 670 3318 notari
683 3279 922 3318 meretur
933 3268 1238 3337 conjectura

202 3346 410 3401 Wassii
437 3344 504 3398 ad
527 3341 674 3412 Sall„
694 3348 839 3417 Jug.,
863 3364 909 3399 c.
947 3349 1044 3411 88,
1063 3365 1092 3398 a
1115 3347 1236 3418 Iny-

203 3426 310 3476 n‘de
333 3445 432 3478 seu
443 3426 654 3478 Mam-ide
671 3428 822 3492 lacu3
853 3425 922 3480 de
937 3445 1045 3498 quo
1069 3427 1207 3479 Plin.
1224 3467 1239 3493 ,

200 3506 273 3558 H.
299 3505 789 3574 N.,V‚9;Herod.,
813 3525 892 3571 11„
919 3508 1008 3560 13.
1035 3507 1231 3560 On.—

200 3586 343 3638 Mari
379 3588 704 3656 conjungitur.
733 3587 914 3658 Vulgo
932 3624 948 3652 ,
983 3607 1016 3638 a
1059 3591 1184 3638 mari
1217 3609 1235 3638 :

199 3666 358 3720 male.
388 3666 540 3720 Mon.

291 3765 320 3798 a
329 3785 342 3798 .
357 3745 558 3816 Magna
566 3765 670 3798 cum
677 3746 955 3816 prudentia,
973 3757 1062 3799 etc.
1076 3747 1236 3800 Hunc

197 3827 384 3880 locum
403 3826 732 3880 restituimus
754 3846 817 3879 ex
835 3825 956 3881 cod.
983 3826 1156 3879 Ciacc.
1182 3839 1236 3878 et

201 3906 426 3968 nostris,
457 3907 654 3976 quihus
681 3907 1024 3959 consentiunt
1049 3925 1234 3958 omnes

201 3987 314 4040 fere
323 3983 579 4039 Oudend.
591 3986 762 4038 Porro
773 3984 932 4039 codd.
947 4004 1118 4057 prope
1125 4005 1238 4038 om-

199 4085 295 4118 nes
333 4063 544 4118 addunt
586 4067 784 4118 militum
797 4087 820 4129 ,·
855 4067 1036 4118 forsan
1053 4084 1084 4116 e
1104 4066 1237 4136 glos·

200 4165 276 4198 sa.
302 4147 366 4198 In
395 4143 582 4198 codice
605 4147 754 4218 regio
788 4147 939 4216 5764
963 4183 980 4212 ,
999 4163 1237 4217 propru-

1325 2946 1492 2998 dentia
1532 2947 1728 3017 legitur
1750 2948 1998 3016 potentia;
2024 2943 2118 2998 sed
2158 2964 2317 3016 supra
2338 2985 2355 3009 ‚

1325 3027 1465 3078 inter
1489 3027 1657 3079 lineas
1670 3063 1687 3092 ,
1709 3038 1853 3078 extat
1874 3026 1963 3078 vel
1982 3027 2265 3096 prudentia,
2288 3026 2355 3079 ab

1326 3104 1512 3158 eadem
1543 3125 1723 3159 manu.
1745 3107 1939 3160 Nescio
1971 3125 2069 3158 cur
2093 3107 2355 3159 recentio-

1325 3205 1409 3238 res
1451 3186 1567 3240 haec
1600 3198 1652 3237 et
1689 3185 2133 3240 Alexandrinorum
2176 3191 2357 3257 impr-ua

1326 3267 1492 3317 dentice
1509 3265 1847 3332 deleverunt,
1863 3267 1967 3320 nisi
1986 3266 2111 3338 quia
2131 3266 2356 3338 glossam

1323 3345 1631 3399 redolerent
1649 3365 1669 3413 ς,
1694 3363 1795 3399 nec
1821 3359 2001 3400 tamen
2030 3360 2109 3400 est
2139 3364 2313 3400 causa.

1413 3427 1464 3478 3.
1489 3426 1768 3480 succedere.
1793 3427 2261 3499 Appropinquare.
2278 3459 2360 3470 --

1325 3507 1589 3572 Interficit.
1602 3507 1689 3558 Sic
1707 3505 1866 3559 codd.
1886 3507 2097 3577 Vulgo,
2114 3507 2355 3576 interficit.

1408 3586 1538 3639 Car.
1560 3587 1827 3638 XXVIII.
1855 3605 1876 3638 1
1892 3627 1905 3639 .
1928 3587 2033 3655 Qui
2052 3607 2151 3638 rem
2171 3599 2359 3656 gestam

1321 3668 1575 3737 perfitret.
1586 3665 1767 3718 socius
1777 3665 2015 3718 victoriae
2030 3665 2360 3719 Mithridatis

1327 3746 1432 3798 fuit
1453 3744 1767 3816 Antipater,
1790 3744 2020 3798 Herodis
2052 3747 2235 3817 Magni
2264 3765 2358 3816 pa-

1331 3839 1416 3878 ter
1434 3865 1449 3894 ,
1463 3845 1589 3878 cum
1611 3826 1646 3877 J
1648 3824 1831 3878 udaeis.
1854 3826 2349 3896 Joseph.A1-chaeol.

1323 3923 1442 3970 ΧΠ,
1471 3907 1525 3960 8.
1562 3905 1704 3958 Hinc
1735 3905 1964 3957 amicitia
1992 3905 2211 3959 Caesaris
2236 3925 2359 3958 cum

1323 3986 1643 4057 Antipatr0‚
1664 4005 1693 4040 e
1735 4004 1841 4056 qua
1881 3985 2096 4038 initium
2127 3987 2359 4039 fortunae

1325 4064 1557 4118 Herodis
1596 4066 1715 4120 fuit.
1753 4067 1991 4119 Cnnmn.
2036 4067 2361 4120 Monuerant

1327 4144 1697 4218 Glandorpius
1728 4161 1781 4203 et
1819 4146 2175 4200 Rhellicanus.
2194 4148 2362 4200 -Ac
