3025 5025
610 484 759 575 492
1402 484 1544 551 DE
1596 482 1949 551 BELLO

606 612 817 706 Cujus
848 612 984 681 vim
1010 611 1451 683 multitudinis
1488 638 1695 707 quum
1723 615 1978 707 equites
2020 614 2216 707 pauci
2247 609 2611 681 Caesariani
2625 607 2761 702 jam

608 721 927 787 sustinere
964 744 1100 788 non
1134 734 1440 814 possent,
1477 722 1701 789 Caesar
1738 722 2096 789 instructas
2134 718 2428 813 legiones
2466 716 2764 785 hostium

610 828 817 920 copiis
846 824 1149 895 ostendit.
1185 828 1343 915 Quo
1367 826 1545 895 facto
1574 828 1928 922 perterrito
1965 826 2264 895 Labieno
2284 850 2364 894 ac
2392 821 2764 905 retardato,

612 956 767 1000 suos
800 933 1055 1026 equites
1086 935 1356 1027 recepit
1372 932 1758 1003 incolumes.
1793 936 2071 1001 Postero
2101 932 2206 1001 die
2235 936 2276 1002 J
2277 932 2412 1001 uba
2437 927 2768 1001 Numidas

610 1062 757 1125 eos,
799 1039 951 1132 qui,
999 1037 1149 1107 loco
1192 1041 1435 1108 amisso
1461 1038 1678 1134 ,fuga
1729 1064 1798 1109 se
1847 1052 2262 1133 receperant
2286 1041 2359 1107 in
2401 1050 2666 1121 castra,
2703 1034 2770 1100 in

612 1168 811 1213 cruce
846 1168 1079 1215 omnes
1118 1144 1385 1215 suffixit.
2725 1152 2734 1161 ‘

721 1253 1007 1321 LXVII.
1055 1254 1281 1322 Caesar
1314 1253 1582 1321 interim
1603 1306 1622 1337 ,
1649 1253 1968 1347 quoniam
2009 1253 2330 1322 frumenti
2365 1248 2601 1343 inopia
2627 1270 2776 1341 pre-

616 1356 953 1443 mebatur,
996 1360 1219 1453 copias
1254 1366 1487 1427 omnes
1517 1360 1586 1427 in
1611 1374 1830 1429 castra
1858 1359 2207 1447 conducit3
2235 1373 2437 1451 atque
2468 1352 2778 1450 praesidio

619 1464 851 1557 Lepti,
880 1466 1225 1559 Ruspinae,
1254 1464 1530 1534 Achillae
1555 1464 1819 1553 relicte,
1852 1466 2080 1560 Cispio
2115 1460 2539 1559 Aquilaeque*
2576 1458 2782 1529 classe

624 1570 973 1657 transdita‚
998 1586 1073 1641 ut
1106 1570 1273 1640 alter
1298 1571 1741 1641 Adrumetum
1759 1624 1779 1658 ,
1805 1569 1973 1640 alter
1997 1572 2340 1667 Thapsum
2381 1570 2562 1637 mari
2604 1566 2780 1635 obsi-

625 1675 860 1745 derent
878 1730 897 1762 ,
932 1678 1073 1773 ipse
1128 1680 1360 1747 castris
1414 1678 1700 1748 incensis
1723 1730 1744 1764 ‚
1779 1679 1882 1744 IV
1919 1679 2134 1747 noctis
2172 1675 2394 1771 vigilia
2415 1730 2436 1762 ,
2483 1675 2634 1744 acie
2681 1674 2782 1739 in·

628 1796 921 1869 saneta,
962 1784 1449 1878 impedimentis
1496 1785 1566 1852 in
1609 1785 1870 1853 sinistra
1899 1798 2090 1877 parte
2133 1782 2524 1865 collocatiS,
2575 1804 2664 1847 ex
2710 1804 2786 1847 eo

628 1886 779 1957 loco
814 1888 1295 1983 proficiscitur,
1332 1904 1401 1959 et
1442 1891 1748 1985 pervenit
1785 1889 1870 1957 ad
1901 1888 2222 1983 oppidum
2256 1890 2486 1983 Agar-3
2523 1885 2710 1981 quod
2751 1909 2789 1952 a

632 1994 906 2063 Gaetulis
950 2020 1121 2090 saepe
1164 2010 1361 2064 antea
1398 2010 1900 2114 oppugnatum,
1925 2020 2314 2090 summaque
2337 1996 2406 2062 vi
2443 2018 2573 2089 per
2616 1994 2790 2087 ipsos

632 2099 1003 2218 oppidanos
1039 2116 1184 2171 erat
1232 2102 1600 2171 defensum.
1645 2102 1750 2171 Ibi
1803 2104 1871 2169 in
1917 2126 2158 2196 campo
2209 2102 2443 2172 castris
2475 2100 2638 2169 unis
2668 2123 2790 2192 po-

635 2207 773 2275 sitis
790 2260 811 2293 ,
841 2208 983 2302 ipse
1018 2207 1497 2279 frumentatum
1535 2208 1788 2277 circum
1821 2206 2011 2277 villas
2041 2233 2194 2278 cum
2229 2221 2423 2302 parte
2461 2206 2792 2275 exercitus

634 2312 975 2407 profectus
990 2367 1009 2402 ,
1038 2340 1284 2409 magno
1313 2316 1588 2383 invento
1621 2314 1891 2399 hordei,
1922 2312 2090 2401 olei,
2121 2315 2292 2399 vini,
2319 2312 2432 2382 fici
2457 2336 2748 2381 numero
2771 2364 2792 2397 ‚

639 2443 857 2514 pauco
909 2419 1167 2508 tritici²,
1220 2436 1418 2518 atque
1472 2436 1773 2489 recreato
1833 2423 2127 2489 exercitu
2151 2473 2172 2507 ,
2219 2418 2393 2491 redit
2411 2420 2506 2487 'in
2558 2432 2792 2487 castra.

643 2527 866 2646 Scipio
918 2529 1184 2597 interim
1210 2583 1229 2616 ‚
1272 2528 1542 2624 cognito
1589 2529 1868 2597 Caesaris
1910 2526 2202 2598 discessu
2220 2580 2240 2614 ,
2281 2551 2440 2594 cum
2467 2525 2797 2594 universis

646 2634 855 2727 copiis
888 2657 1011 2727 per
1031 2635 1268 2728 jugum
1316 2637 1648 2704 Caesarem
1689 2633 2001 2727 subsequi
2037 2635 2272 2752 coepit3
2309 2647 2514 2726 atque
2541 2633 2634 2700 ab
2665 2633 2799 2726 ejus

648 2741 879 2808 castris
919 2739 1123 2809 millia
1160 2765 1476 2834 passuum
1517 2765 1632 2810 sex
1664 2738 1899 2834 longe,
1936 2741 2128 2808 trinis
2171 2740 2401 2808 castris
2435 2738 2800 2833 dispartitis

648 2846 891 2939 copiiS,
932 2846 1249 2916 consedit.

756 2954 1077 3022 LXVIII.
1136 2951 1480 3084 Oppidum
1507 2969 1652 3023 erat
1687 2956 1850 3024 Zeta
1865 3007 1885 3042 ,
1907 2952 2090 3048 quod
2123 2954 2354 3022 aberat
2379 2951 2466 3020 ab
2493 2951 2804 3046 Scipione

653 3055 857 3125 millia
885 3083 1199 3152 passuum
1224 3057 1357 3144 X‘,
1382 3060 1468 3129 ad
1495 3060 1638 3154 ejus
1667 3061 2010 3155 regionem
2037 3073 2106 3128 et
2133 3073 2396 3154 partem
2427 3071 2802 3126 castrorum

658 3261 758 3302 set.
783 3249 1033 3303 Frustra:
1056 3269 1183 3302 nam
1207 3255 1449 3322 suppetias
1474 3255 1567 3312 ire,
1595 3270 1686 3302 ve-

659 3332 762 3380 m're
771 3349 1087 3392 Maccurrere
1110 3342 1235 3382 sunt
1256 3330 1435 3382 latina
1456 3330 1686 3383 locutio-

660 3428 772 3462 nes.
800 3407 907 3461 Adi
935 3409 1174 3462 Gronov.
1195 3407 1261 3462 ad
1280 3409 1405 3462 Sen.
1428 3409 1684 3463 Controv.

661 3499 721 3542 1'1
746 3505 866 3562 pag.
904 3491 1038 3543 186.

745 3570 875 3623 Cn.
909 3570 1137 3622 LXVII.
1174 3589 1226 3622 1.
1264 3568 1431 3640 Cispio
1463 3568 1690 3640 Aquila.»-

666 3669 770 3719 que.
794 3647 925 3702 Vid.
950 3668 998 3701 c.
1028 3653 1120 3704 62.
1152 3649 1491 3703 lim—Alter
1519 3649 1692 3703 Adru-

669 3741 867 3790 metum,
918 3730 1047 3780 alter
1095 3731 1339 3802 Thapsum
1406 3729 1690 3784 obsiderent.

558 3848 563 3854 .
669 3809 776 3860 Pro
812 3809 1106 3870 obsiderem,
1148 3811 1263 3881 lege
1300 3810 1539 3862 obsideret
1571 3827 1692 3862 cum

670 3885 943 3942 Goduino.

753 3989 783 4020 ιι
790 4007 803 4019 .
820 3969 991 4020 Pauco
1003 3971 1169 4022 tritici.
1177 3969 1416 4022 Insolens
1423 3968 1546 4021 hoc.
1558 3966 1695 4021 cod.

672 4045 839 4099 Dorv,
857 4049 1019 4100 habet
1033 4068 1239 4118 parum
1256 4047 1407 4101 Leid.
1435 4067 1459 4100 1
1471 4085 1506 4114 .‚
1526 4067 1696 4118 parvo.

754 4124 885 4180 Cu.
915 4127 1171 4182 LXVIII.
1210 4147 1233 4181 1
1244 4166 1258 4183 .
1287 4129 1455 4182 Miltia
1468 4147 1700 4198 passuum

1769 3250 1944 3302 dam.
1973 3248 2152 3301 stu-in.
2173 3249 2293 3301 vult
2318 3257 2450 3308 oceo,
2481 3247 2558 3300 ob
2587 3265 2652 3299 a
2689 3262 2802 3317 que

1771 3329 2016 3400 sequenti
2053 3327 2228 3400 capite
2256 3325 2577 3392 traduntur3
2621 3343 2804 3379 verum

1772 3427 1884 3462 non
1899 3409 1974 3461 ita
1989 3409 2206 3481 precise
2223 3408 2322 3459 ista
2335 3405 2654 3459 definienda
2669 3417 2804 3459 sunt.

1772 3523 1854 3534 -—
1881 3487 1976 3541 Ad
2007 3491 2110 3560 ejus
2150 3491 2427 3558 regionem„
2433 3527 2467 3538 ..
2501 3487 2802 3538 collocatum.

1773 3569 1903 3622 Hac
1917 3569 2055 3622 mihi
2074 3585 2186 3620 non
2205 3578 2332 3620 sunt
2349 3565 2478 3620 satis
2493 3567 2807 3637 perspicua

1775 3661 1909 3742 puto
1933 3661 2111 3701 tamen
2133 3645 2429 3700 commode·
2435 3664 2591 3698 versa
2615 3663 2735 3698 esse
2753 3644 2806 3695 in

1777 3729 1970 3782 itinere
1990 3728 2160 3781 Shaw.
2179 3727 2246 3780 Τ.
2272 3746 2326 3792 1,
2353 3743 2476 3796 pag.
2515 3724 2653 3792 265,
2681 3720 2804 3786 (ed.

1778 3810 1964 3879 Angl„
1979 3826 2099 3880 pag.
2133 3803 2312 3869 116):
2327 3806 2491 3866 Zara,
2523 3808 2676 3856 situde
2700 3807 2810 3874 pres

1780 3889 1848 3940 du
1879 3891 2112 3939 ten-itoim
2139 3886 2202 3938 de
2229 3885 2428 3956 Sczpabn
2440 3922 2458 3946 ,
2480 3895 2530 3935 ee
2555 3887 2738 3954 cupre:
2753 3881 2810 3932 de

1783 3979 1902 4038 cette
1939 3968 2060 4020 ville
2083 3966 2180 4036 ily
2206 3969 2342 4018 amit
2367 3984 2436 4016 un
2461 3983 2600 4034 omps
2627 3963 2694 4014 de
2727 3979 2810 4012 son

1784 4052 1957 4100 cnr-mee.
1994 4047 2072 4099 M.
2112 4045 2322 4098 Nomen
2368 4062 2402 4096 a
2439 4044 2600 4102 with,
2637 4042 2810 4102 oliva,

1785 4127 1936 4198 quasi
1961 4125 2222 4181 olivetum
2250 4123 2543 4179 derivatur.
2557 4120 2692 4176 vid.
2713 4121 2814 4174 Ro-
