3025 5025
633 472 778 539 DE
819 471 1176 539 BELLO
1231 470 1611 539 CIVILI.
1671 472 1863 541 LIB.
1920 474 2067 541 III.
2256 471 2405 569 295

193 626 199 631 ·
285 622 352 668 re
395 600 654 670 militari
697 604 1154 697 praestitissent
1185 627 1200 670 τ
1253 599 1450 671 unam
1497 602 1643 671 fore
1680 602 1989 671 tabellam
2016 657 2035 691 ,
2088 607 2201 698 qui
2238 606 2406 675 libe-

282 705 506 776 randos
535 712 716 779 omni
745 708 1042 804 periculo
1065 723 1413 800 censerent
1431 708 1753 795 3‘alteram
1776 762 1795 797 ,
1821 712 1935 803 qui
1960 713 2191 805 capitis
2222 713 2406 783 dam-

281 829 535 898 narent3
581 818 841 885 tertiam
870 869 888 903 ‚
915 818 1030 909 qui
1057 818 1343 910 pecunia
1373 815 1757 885 multarent.
1799 819 2145 886 Postremo
2174 842 2406 887 omnes

279 933 386 987 aut
419 919 502 989 de
547 921 916 991 honoribus
959 923 1093 991 suis
1116 976 1136 1011 ,
1177 937 1294 990 aut
1331 922 1416 991 de
1453 924 1741 1018 praemiis
1782 925 2081 1017 pecuniae
2107 977 2126 1010 ,
2168 940 2283 993 aut
2326 925 2408 993 dc

278 1028 736 1119 persequendis
772 1029 1128 1097 inimicitiis
1145 1014 1171 1051 ⁶
1205 1029 1526 1122 agebant,
1562 1050 1685 1097 nec
1706 1083 1725 1117 ‚
1758 1030 2003 1122 quibus
2044 1032 2409 1100 rationibus

277 1154 580 1225 superare
599 1148 892 1228 possent,
909 1135 1048 1223 sed,
1067 1134 1633 1228 quemadmodum
1650 1138 1749 1204 uti
1770 1137 2049 1205 victoria
2068 1136 2410 1225 deberent,

213 1290 220 1299 .
277 1239 665 1331 cogitabant.
2114 1264 2121 1273 ·

371 1348 750 1417 LXXXIV.
809 1350 910 1417 Re
955 1346 1386 1416 frumentaria
1427 1363 1801 1443 praeparata
1817 1347 1835 1372 ¹
1872 1349 2411 1443 confirmatisque

273 1448 612 1541 militibus,
659 1469 727 1522 et
769 1455 925 1523 satis
971 1452 1174 1548 longo
1217 1456 1431 1549 spatio
1477 1457 1797 1550 temporis
1840 1480 1883 1523 a
1927 1456 2413 1551 Dyrrhachinis

273 1556 500 1649 praeliis
527 1560 904 1629 intermisso
925 1614 944 1648 ,
1005 1586 1139 1654 quo
1203 1562 1359 1629 satis
1382 1575 1808 1655 perspectum
1842 1562 2091 1630 hahere
2127 1561 2413 1631 militum

273 1664 555 1733 animum
584 1664 954 1755 videretur,
981 1666 1376 1735 tentandum
1398 1669 1625 1737 Caesar
1642 1670 2071 1755 existimavit,
2090 1668 2411 1760 quidnam

273 1771 614 1865 Pompeius
642 1775 968 1868 propositi
991 1788 1107 1841 aut
1135 1773 1498 1843 voluntatis
1528 1774 1613 1842 ad
1640 1774 2092 1843 dimicandum
2117 1774 2413 1843 haberet.

271 1877 494 1970 Itaque
541 1902 624 1947 ex
663 1882 896 1949 castris
947 1881 1322 1969 exercitum,
1353 1881 1583 1950 eduxit
1601 1935 1620 1969 ,
1674 1883 2015 1975 aciemque
2063 1882 2377 1955 instruxit
2392 1935 2412 1968 ,

271 1984 552 2075 primum
599 1988 734 2055 suis
775 1986 936 2055 locis
961 2040 980 2075 ,
1021 1986 1378 2082 Paulloque
1415 2012 1454 2055 a
1491 1988 1725 2057 eastris
1769 1989 2069 2081 Pompeii
2108 1986 2413 2082 longius3

271 2092 756 2161 continentibus
785 2118 948 2162 vero
977 2092 1243 2181 diebus,
1273 2108 1351 2163 ut
1371 2094 1889 2189 progrederetur
1915 2118 1954 2161 a
1987 2096 2219 2163 castris
2248 2096 2380 2161 suis
2393 2148 2412 2180 ,

271 2194 672 2293 collibusque
707 2201 1126 2295 Pompeianis
1159 2202 1370 2269 aciem
1409 2200 1783 2293 subjiceret.
1825 2202 1996 2289 Quae
2033 2226 2137 2269 res
2172 2202 2241 2267 in
2270 2200 2413 2268 dies
2488 2224 2505 2249 ⁸

270 2426 356 2496 qui
374 2426 595 2499 quidem
613 2428 757 2481 illius
773 2429 1088 2500 partis,qua
1105 2440 1292 2492 staret,
1385 2428 1524 2499 μῖοὺξ
1557 2431 1845 2500 περιφέρειν·
1882 2426 2027 2498 Lego
2068 2430 2117 2489 ἐς
2148 2430 2313 2499 λοιμὸν
2362 2430 2417 2481 ἐκ
2515 2484 2526 2497 ,

272 2525 372 2558 non
383 2507 641 2573 incertus,
650 2522 703 2560 at
717 2507 893 2561 timidi
912 2509 1294 2580 muliebrisque

274 2587 425 2640 animi
455 2588 599 2649 fuit,
635 2587 768 2642 dum
797 2589 1053 2642 bellatum
1088 2601 1184 2642 est.
1213 2615 1295 2632 —·—-

215 2689 220 2696 ·
278 2666 370 2733 Qui
399 2667 690 2720 liber-andos.
718 2670 751 2720 J
754 2667 964 2721 urinius
1007 2664 1160 2722 malit
1200 2689 1294 2740 qua

271 2745 537 2800 iiber-andos
570 2768 589 2799 :
621 2766 732 2800 non
775 2748 850 2800 ita
891 2749 1045 2800 male.
1082 2749 1292 2802 Onam..

345 2831 393 2880 6.
426 2828 544 2880 Aut
565 2828 626 2878 de
650 2827 986 2900 persequendis
1014 2831 1290 2881 inimicitiis.

269 2904 342 2960 Ita
353 2906 511 2960 codd.
532 2907 725 2975 Nox-v„
741 2907 1294 2981 Eliens.,Reg.Angl.‚

269 2981 466 3058 Scalig.,
489 2986 648 3040 Leid.
682 3007 806 3052 sec.,
829 3001 881 3040 et
907 2999 1091 3040 noster
1121 2987 1295 3058 5764,

267 3081 358 3118 nec
388 3066 688 3138 quidquam
717 3080 797 3121 est
823 3085 991 3120 causae
1010 3105 1027 3132 ‚
1068 3086 1166 3120 cur
1187 3067 1295 3120 lec-

269 3143 458 3200 tionem
502 3147 662 3200 istam
692 3147 1010 3218 rejiciamuS.
1049 3147 1295 3200 Abstrac-

269 3235 374 3278 tum
391 3229 542 3280 enim
563 3247 666 3298 pro
685 3239 964 3292 concreto,
981 3238 1044 3278 ut
1058 3228 1294 3297 loquun-

271 3315 350 3358 tur
362 3307 689 3375 scholastici,
701 3309 967 3378 eleganter
979 3319 1289 3378 usurpatur.

267 3384 522 3453 Iustinus,
539 3388 580 3440 l.
605 3403 752 3453 xm,
769 3405 816 3440 c.
843 3391 876 3439 6
900 3405 913 3438 ε
939 3387 1123 3439 Omnia
1143 3391 1298 3457 agitur

268 3469 412 3518 variis
421 3470 802 3519 assentationum
815 3465 1066 3536 generibus
1079 3487 1293 3530 corrum-

261 3545 507 3613 pebantur.
536 3545 768 3616 Vulgata
782 3546 970 3599 habet:
991 3549 1212 3600 inimicis.

343 3625 472 3678 CAP.
483 3627 800 3680 LXXXIV.
825 3644 850 3679 1
861 3666 874 3679 .
891 3625 1296 3693 Refrumentaria

263 3719 554 3776 proeparata.
572 3707 652 3758 Re
672 3723 802 3758 sane
820 3706 1166 3760 frumentaria
1189 3727 1295 3760 me·

267 3780 516 3840 diocriter
546 3787 838 3840 instructus
867 3798 980 3840 erat
1013 3786 1189 3840 Caesar
1202 3825 1219 3852 ,
1249 3787 1294 3839 si

267 3879 447 3917 verum
493 3877 574 3919 est
591 3903 608 3930 ‚
649 3865 795 3937 quod
835 3865 999 3920 tradit
1043 3867 1294 3938 Appiam,

269 3941 354 3995 lib.
383 3963 462 4009 11,
502 3947 565 3998 Β.
601 3945 685 4010 C.,
716 3965 837 4018 pag.
883 3949 1034 4012 4663
1062 3945 1295 4017 ideoque

267 4021 552 4096 Pompeius
575 4024 758 4096 rpffiew
781 4028 864 4079 τὸν
894 4025 1107 4098 ›tt-oleum
1143 4026 1292 4097 ἐγνώ-

268 4120 365 4164 κει,
394 4104 480 4158 καὶ
516 4107 564 4166 ὃς
587 4107 726 4178 λιμὸν
761 4109 815 4160 ἐκ.
832 4113 974 4179 λιμοῦ
1006 4107 1117 4168 τοὺς
1145 4113 1295 4164 πολε·

1379 2515 1522 2580 λιμοῦ
1538 2546 1553 2573 ,
1574 2513 1624 2559 in
1645 2508 1969 2580 pestilentiam
1998 2529 2057 2559 ex
2076 2511 2241 2574 fame,
2264 2508 2411 2579 quod

1377 2589 1621 2644 sollenne
1648 2600 1742 2641 est.
1771 2588 1987 2649 Justin„
2012 2587 2106 2639 lib.
2132 2606 2205 2652 11,
2224 2607 2269 2641 c.
2302 2590 2369 2641 13
2393 2608 2405 2640 :

1375 2668 1652 2722 Multorum
1679 2667 1851 2719 deinde
1882 2667 2065 2719 dierum
2097 2671 2263 2736 inopia
2294 2689 2408 2720 con-

1385 2759 1606 2799 traxerat
1630 2758 1681 2798 et
1695 2759 1909 2818 pestems
1925 2748 2007 2800 Cl.
2036 2747 2415 2812 Mamertinus,

1381 2827 1537 2888 Pan.‚
1569 2846 1624 2892 1,
1656 2845 1704 2878 c.
1744 2826 1809 2890 5,
1844 2847 1872 2878 α
1904 2845 1918 2879 :
1954 2827 2033 2878 Ire
2056 2845 2229 2896 passus
2258 2832 2415 2878 estin

1375 2907 1671 2977 profundam
1684 2909 1894 2974 famem,
1914 2917 1965 2957 et
1987 2926 2046 2956 ex
2064 2907 2203 2974 fame
2228 2910 2283 2956 in
2300 2927 2414 2976 pes-

1379 2989 1635 3042 tilentiam.
1653 2985 1797 3038 Vide
1822 2999 1875 3038 et
1908 2987 2131 3038 Florum
2155 3023 2171 3049 ‚
2198 2987 2295 3038 lib.
2318 3004 2417 3054 111,

1377 3086 1429 3120 c.
1465 3067 1533 3131 5,
1569 3085 1653 3136 17.
1687 3067 2291 3136 DAVIS.·--P1'·oeparata.
2316 3065 2416 3117 So-

1380 3147 1454 3200 let
1474 3147 1650 3199 Cacsar
1674 3143 1853 3198 dicere
1861 3150 2087 3218 provisa,
2112 3146 2197 3198 vel
2222 3165 2417 3216 compa-

1382 3239 1520 3290 rata,
1546 3237 1607 3279 ut
1628 3227 1793 3278 habet
1816 3224 2093 3278 Leidensis
2116 3245 2286 3296 pr.—-
2304 3227 2417 3294 Quo

1376 3311 1502 3360 satis
1525 3313 1825 3379 perspectum
1857 3305 2031 3358 habere
2072 3305 2276 3357 militum
2311 3309 2417 3356 ani-

1382 3407 1508 3438 mum
1526 3388 1789 3438 videretur.
1809 3385 1939 3438 Haec
1956 3397 2211 3456 corrupte
2228 3386 2417 3454 legun-

1383 3479 1473 3520 tur
1491 3466 1637 3538 apud
1656 3465 1814 3520 codd.
1844 3484 1860 3517 ε
1884 3467 2123 3538 primum
2140 3485 2272 3537 ,pro
2294 3484 2413 3534 quo,

1377 3547 1517 3611 scil„
1538 3557 1650 3618 ‘quo
1694 3549 1915 3618 temporis
1950 3549 2131 3618 spatio,
2169 3545 2416 3598 nonnulli

1381 3627 1583 3680 habent
1612 3627 1745 3699 quod
1754 3653 1768 3688 ᾗ
1792 3627 2049 3696 Vulgata,
2077 3643 2246 3696 quum;
2270 3623 2419 3676 dein-

1375 3705 1477 3770 de,
1509 3707 1607 3759 has
1643 3726 1799 3760 voces
1844 3707 2045 3759 m'ilitum
2084 3708 2327 3766 animum,
2359 3703 2416 3754 in

1382 3785 1661 3840 codicibus
1690 3787 1959 3858 plerisque
1985 3785 2194 3839 desunt.
2228 3785 2299 3838 Et
2324 3785 2419 3838 has

1381 3866 1617 3918 restituit
1665 3866 1921 3938 Scaliger,
1950 3880 2011 3920 ut
2044 3868 2155 3937 jam
2194 3869 2418 3917 m‘onue·

1377 3958 1508 4000 rant
1545 3944 1937 4015 Glandorpius,
1966 3948 2327 4008 vascosanus,
2364 3956 2419 3995 et

1387 4025 1709 4097 Stephanus.
1737 4027 1900 4077 Recta
1920 4039 1999 4079 est
2022 4039 2206 4080 nostra
2223 4024 2381 4090 lectio
2396 4060 2412 4088 ‚

1388 4125 1490 4159 nec
1520 4106 1624 4158 alia
1654 4103 2027 4170 emendatione
2052 4118 2183 4176 eget.

2016 4199 2041 4243 4

1902 4236 1995 4308 ¹9
