3025 5025
566 535 586 559 ’-
694 488 846 571 516

1497 500 1567 567 D
1584 500 1642 567 E
1695 500 1822 567 BE
1838 500 2050 569 LLO
2599 584 2602 587 Δ

798 613 1051 691 XCIII.
1109 619 1294 691 Dum
1318 619 1463 691 haec
1494 622 1850 716 utrobique
1895 626 2218 718 geruntur
2234 675 2256 710 ‚
2289 623 2701 713 Considius⁸‚
2727 627 2827 719 qni

685 720 939 797 ‘I'isdrae
983 752 1139 797 cum
1185 725 1434 797 familia
1488 752 1607 797 sua
1629 782 1648 816 ‚
1703 727 2097 823 gladiatoria
2151 753 2358 799 manu
2383 784 2402 818 ,
2447 730 2830 825 Gaetulisque

687 848 971 929 praeerat
987 888 1006 920 ‚
1050 835 1319 928 cognita
1362 834 1542 905 caede
1587 860 1863 907 suorum
1881 889 1901 925 ‚
1948 836 2361 929 Domitiique
2403 851 2475 906 et
2508 836 2824 932 legionum

686 940 981 1011 adventu
1030 938 1421 1035 perterritus
1443 995 1462 1027 ‚
1508 940 1861 1036 desperata
1905 940 2116 1012 salute
2132 995 2152 1031 ‚
2197 942 2522 1037 oppidum
2570 943 2824 1031 deserit,

684 1056 885 1143 seq'ue
910 1046 1084 1117 clam
1114 1072 1270 1117 cum
1298 1048 1528 1143 paucis
1559 1047 1860 1117 barbaris
1889 1050 2175 1143 pecunia
2203 1064 2483 1119 onustus
2503 1049 2824 1135 subducit,

652 1167 883 1249 =atque
938 1156 1009 1223 in
1071 1178 1354 1250 regnum
1413 1153 1646 1249 fugere
1701 1154 2096 1244 contendit;
2141 1180 2344 1250 quem
2399 1155 2698 1243 Gaetuli,
2747 1156 2834 1225 sui

660 1262 965 1331 ,comites
982 1314 1001 1349 ,
1042 1264 1113 1329 in
1159 1262 1395 1330 itinere
1415 1313 1435 1349 ‚
1482 1260 1726 1356 praedae
1780 1261 2052 1355 cupidi,
2093 1260 2491 1349 concidunt,
2535 1287 2742 1357 seque
2775 1264 2832 1329 in

680 1392 1113 1463 quascunque
1156 1381 1438 1463 potuere
1483 1381 1708 1463 partes
1753 1367 2128 1438 conferunt.
2177 1371 2255 1438 C.
2302 1369 2572 1437 interim
2621 1370 2831 1463 Virgi-
2887 1432 2892 1435 .

682 1470 807 1543 lius
832 1472 879 1559 ²,
918 1488 1273 1570 postquam
1318 1488 1497 1543 terra
1539 1474 1840 1570 marique
1882 1474 2146 1545 clausus
2195 1499 2268 1544 se
2313 1474 2478 1543 nihil
2522 1473 2832 1569 proficere

682 1576 1004 1651 intellexit
1026 1636 1045 1669 ‚
1086 1604 1373 1676 suosque
1423 1580 1812 1651 interfectos
1855 1596 1972 1651 aut
2013 1580 2280 1676 fiugatos
2304 1634 2324 1670 ‚
2383 1582 2480 1649 M.
2523 1582 2833 1651 Catonem

682 1690 905 1759 Uticae
944 1687 1067 1757 sibi
1103 1689 1323 1783 ipsum
1360 1712 1598 1757 manus
1627 1684 1966 1775 intulisse,
1995 1712 2224 1783 regem
2256 1712 2543 1783 vagum,
2571 1686 2666 1755 ab
2693 1689 2830 1757 suis·

682 1820 813 1891 que
861 1794 1199 1881 desertum
1254 1794 1341 1863 ab
1397 1794 1708 1863 omnibus
1753 1795 2144 1891 aspernari,
2198 1794 2530 1865 Saburam
2579 1795 2834 1889 ejusque

682 1902 909 1996 copias
964 1901 1049 1969 ab
1095 1902 1260 1970 Sitio
1310 1924 1453 1970 esse
1496 1895 1780 1988 deletas,
1835 1900 2054 1969 Uticae
2099 1902 2429 1971 Caesarem
2477 1902 2626 1969 sine
2667 1924 2835 1969 mora
2937 1946 2939 1953 ·

684 2021 1065 2103 receptum,
1088 2006 1172 2075 de
1198 2020 1388 2076 tanto
1422 2008 1718 2077 exercitu
1750 2004 2062 2101 reliquias
2097 2032 2242 2077 esse
2269 2005 2485 2077 nullas
2501 2061 2522 2095 ‚
2545 2032 2700 2101 quae
2733 2008 2835 2076 sibi

688 2115 953 2208 suisque
989 2113 1211 2183 liberis
1239 2112 1668 2208 prodessent3
1701 2137 1741 2181 a
1765 2115 2049 2183 Caninio
2079 2111 2516 2234 proconsule,
2545 2116 2665 2208 qui
2704 2138 2837 2182 eum

686 2220 1068 2309 obsidebat,
1112 2220 1245 2289 fide
1283 2234 1599 2315 accepta,
1637 2244 1837 2313 seque
1875 2234 1942 2289 et
1981 2243 2104 2289 sua
2145 2223 2372 2291 omnia
2409 2234 2480 2289 et
2523 2221 2836 2315 oppidum

687 2322 1073 2424 proconsuli
1116 2326 1417 2397 transdit.

795 2436 1047 2505 XCIV.
1106 2436 1251 2503 Rex
1288 2433 1555 2502 interim
1591 2434 1630 2501 J
1633 2432 1829 2523 uba¹‚
1849 2433 1936 2503 ab
1973 2432 2282 2503 omnibus
2315 2433 2714 2503 civitatibus
2747 2458 2839 2501 ex·

693 2542 949 2632 clusuS‚
984 2542 1333 2637 desperata
1378 2539 1624 2628 salute,
1668 2565 1877 2634 quum
1923 2541 2064 2636 jam
2108 2555 2408 2611 coenatus
2471 2555 2649 2610 esset
2703 2565 2838 2610 cum

776 2714 921 2812 Cn..
944 2754 1146 2808 xcm.
1191 2771 1241 2806 1.
1280 2749 1558 2805 Considius.
1591 2751 1724 2822 Cap.

705 2841 797 2894 86.
826 2837 905 2888 M.
939 2833 1083 2888 Gens
1115 2831 1367 2886 Considia
1412 2830 1649 2904 plebeia·
1673 2843 1730 2884 et

1816 2751 1962 2824 galea
1982 2764 2037 2806 et
2051 2749 2333 2824 chlamyde
2355 2762 2547 2804 ornato
2563 2769 2580 2804 τ
2593 2750 2656 2804 in
2673 2769 2841 2806 avem

1814 2845 1968 2903 parte
1987 2832 2050 2885 C.
2073 2833 2327 2886 Comum.
2357 2831 2626 2906 Victoria²
2649 2832 2722 2885 in
2735 2851 2842 2906 qua·

699 2917 942 2988 antiqua3
974 2915 1019 2967 si
1058 2910 1278 2984 quidem
1319 2911 1389 2977 Q.
1416 2909 1728 2964 ‘Considius

703 2997 827 3050 trib.
851 2995 991 3068 pleb.
1013 3013 1097 3048 an.
1132 3011 1241 3064 ²77
1269 2992 1441 3064 legem
1466 2991 1728 3062 agrariam

700 3074 1081 3150 promulgavit3
1106 3085 1161 3126 et
1182 3073 1245 3125 C.
1266 3069 1553 3126 Considius
1566 3071 1728 3124 etiam

702 3157 829 3211 trib.
844 3155 919 3228 pl.
938 3173 1021 3207 an.
1044 3154 1155 3208 286
1176 3151 1307 3218 fuit3
1331 3152 1460 3205 item
1478 3153 1556 3204 M.
1581 3153 1728 3205 Con·

704 3235 871 3292 sidius
902 3253 985 3287 an.
1024 3235 1170 3299 288,
1190 3231 1281 3285 cui
1296 3249 1592 3303 cognomen
1617 3233 1730 3283 Poe·

708 3329 782 3370 tus
796 3317 868 3368 ob
880 3314 1076 3368 vitium
1100 3313 1380 3366 oculorum
1392 3311 1580 3366 datum
1598 3311 1728 3376 fuit,

705 3394 855 3470 quod
891 3393 1091 3467 posteri
1124 3393 1237 3464 ejus
1277 3392 1632 3444 retinuerunt.
1666 3389 1728 3444 C.

706 3490 885 3531 autem
905 3470 1191 3528 Considius
1220 3469 1423 3537 Pectus,
1449 3471 1602 3543 cujus
1626 3471 1732 3523 hoc

706 3558 827 3612 loco
848 3572 1022 3608 sermo
1050 3565 1128 3606 est
1142 3588 1159 3620 ‚
1183 3563 1502 3624 quasturam
1533 3550 1736 3623 accepit

707 3634 1092 3711 provincialem
1120 3651 1205 3686 an.
1242 3635 1353 3702 692
1377 3669 1394 3698 ‚
1425 3629 1734 3686 aedilitatem

714 3723 827 3788 697
848 3753 867 3782 ,
906 3725 1195 3788 pra-,turam
1248 3717 1383 3781 699.
1427 3711 1734 3785 Proproetor

710 3798 947 3852 Africam
964 3813 1030 3848 ex
1048 3793 1102 3848 S.
1122 3793 1185 3847 C.
1216 3792 1451 3845 obtinuit
1477 3811 1562 3846 an.
1587 3791 1737 3863 703,

712 3891 767 3932 et
778 3875 1131 3947 Pompeianas
1141 3885 1319 3945 partes
1332 3884 1542 3942 secutus
1555 3869 1735 3924 Adru-

714 3969 919 4011 metum
934 3955 1112 4020 venit,
1129 3953 1211 4006 uti
1232 3972 1389 4024 supra
1406 3951 1614 4006 dictum
1631 3963 1734 4020 est3

714 4051 871 4109 atque
902 4035 979 4088 ibi
1010 4052 1259 4087 nummos
1283 4031 1469 4101 cudit,
1490 4032 1603 4088 scil.
1631 4043 1738 4086 tres

714 4136 840 4172 cum
870 4114 1043 4188 capite
1082 4115 1332 4172 laureato
1360 4112 1647 4168 Libertatis
1685 4124 1741 4166 et

717 4215 887 4251 unum
907 4212 1034 4250 cum
1050 4193 1223 4266 capite
1249 4193 1367 4248 Adr·
1368 4187 1540 4256 umeri(
1553 4189 1733 4256 urbis)

1815 2909 1981 2984 drigis
1993 2949 2010 2978 ,
2033 2910 2178 2966 dext.
2197 2929 2452 2964 coronam
2465 2947 2482 2976 ‚
2495 2911 2597 2964 sin.
2613 2914 2843 2983 palmam

1821 3004 1876 3044 et
1891 2991 2152 3059 habenas;
2179 2991 2238 3044 in
2265 2991 2382 3045 aliis
2403 2991 2642 3044 nummis
2671 2991 2748 3046 ad
2763 3011 2841 3045 an-

1816 3071 1976 3125 ticam
2026 3085 2236 3144 partem
2281 3072 2475 3143 legitur
2533 3072 2753 3126 PAETL
2775 3103 2840 3114 --

1815 3153 2115 3225 Domitiique
2137 3149 2494 3206 adventu.vid.
2521 3169 2644 3224 cap.
2679 3155 2774 3207 86.

1903 3251 1954 3285 ι.
1973 3232 2232 3303 Virgae'lius.
2257 3230 2398 3285 Ibid.
2415 3232 2491 3284 M.
2506 3232 2839 3286 —Intutissa

1817 3312 1927 3366 Alii
1959 3313 2193 3366 attulskse.
2226 3312 2530 3383 Utrumque
2567 3312 2738 3366 bene.
2773 3341 2841 3355 --

1817 3392 1987 3446 Sitius.
2021 3393 2158 3464 Cap.
2184 3392 2257 3446 36
2278 3431 2295 3458 ‚
2323 3395 2420 3456 48.
2439 3392 2518 3444 Μ.
2538 3393 2842 3452 —Nullan

1819 3492 1928 3544 quae
1963 3471 2072 3526 sibi.
2111 3472 2199 3526 Sic
2237 3471 2446 3526 codices
2473 3483 2528 3523 et
2552 3469 2688 3526 edd.
2729 3483 2843 3525 vett.

1819 3551 1924 3606 Sed
1947 3551 2268 3606 recentiores
2297 3555 2400 3625 qui.
2433 3549 2584 3604 Leid.
2633 3571 2661 3604 1
2681 3591 2701 3619 ,
2735 3554 2804 3605 ita
2829 3569 2844 3603 τ

1821 3633 2015 3695 nulla-³5
2037 3637 2134 3705 ipse
2164 3633 2261 3685 sibi
2281 3635 2470 3705 suisque
2494 3631 2579 3684 lib.
2613 3653 2654 3684 a
2691 3633 2812 3686 Cart.

1903 3713 2033 3766 Cu».
2065 3713 2268 3768 XCIV.
2310 3731 2359 3766 1.
2399 3712 2546 3766 Juba.
2583 3711 2728 3766 Haec
2754 3730 2844 3766 vox

1821 3805 1972 3860 vacat
1989 3793 2048 3846 in
2067 3793 2284 3865 optimis
2302 3791 2461 3847 codd.
2475 3805 2530 3845 et
2543 3792 2600 3844 in
2627 3793 2845 3857 nostris3
2937 3801 2939 3852 ξ

1823 3883 1877 3926 et
1891 3873 2064 3944 reipsa
2077 3873 2283 3927 inutilis
2295 3870 2363 3926 ad
2375 3891 2591 3926 sensum
2607 3871 2846 3928 videtur.
2937 3899 2939 3910 =

1823 3971 1950 4006 nam
1969 3973 2054 4006 rea:
2071 3954 2282 4006 nullum
2312 3953 2476 4006 alium
2495 3970 2689 4023 regem
2703 3951 2850 4024 signi-

1824 4032 1950 4086 ficat
1977 4052 2139 4105 quam
2171 4033 2367 4086 labam.
2381 4063 2464 4076 -—-·-
2485 4032 2741 4086 Coenam.
2771 4031 2848 4084 Sic

1826 4112 2038 4168 Ruben.
2063 4105 2266 4181 (Elect.
2284 4132 2307 4166 1
2317 4151 2336 4180 ‚
2347 4131 2371 4166 t
2383 4133 2420 4166 o
2430 4110 2698 4184 ).Vulgat.
2716 4129 2848 4164 oona-

1825 4205 1900 4246 tus
1910 4192 2235 4259 emendavit,
2244 4194 2602 4266 probantibus
2615 4193 2793 4246 Davis-
2803 4201 2850 4243 et
2937 4245 2939 4254 2
