3025 5025
1042 502 1632 612 ΑιῑιιιοΑΝο.

278 645 444 718 redit
482 672 715 717 rursus
752 647 837 716 ad
881 671 959 715 ea
1002 660 1220 716 castra
1240 700 1260 734 ,
1299 671 1445 740 quae
1483 646 1568 714 ad
1610 645 1794 738 Agar
1833 641 2176 714 habuerat.
2227 644 2420 714 Idem

280 754 432 824 facit
462 755 719 849 Scipio,
762 768 961 847 atque
1000 755 1067 821 in
1109 755 1385 847 antiqua
1426 766 1644 822 castra
1684 751 1912 845 copias
1949 750 2222 819 reducit.

377 863 729 932 LXXVII.
777 860 1247 930 Thabenenses
1292 861 1560 928 interim
1580 912 1600 946 ,
1629 859 1744 952 qui
1773 857 1898 926 sub
1929 856 2180 925 ditione
2207 865 2276 924 et
2303 875 2423 944 po·

278 981 509 1036 testate
551 971 588 1036 J
594 967 740 1036 ubae
778 991 923 1036 esse
961 980 1390 1036 consuessent
1409 1019 1429 1053 ,
1464 967 1536 1033 in
1577 979 1872 1033 extrema
1915 964 2056 1057 ejus
2103 959 2288 1056 regni
2311 981 2424 1040 ,re-

278 1076 469 1167 gione
505 1075 837 1143 maritima
878 1072 1111 1161 locati,
1154 1071 1506 1142 interfecto
1543 1073 1728 1166 regio
1781 1069 2088 1165 praesidio
2113 1121 2132 1152 ,
2176 1066 2426 1163 legatos

278 1180 357 1248 ad
393 1184 728 1251 Caesarem
782 1181 1088 1268 mittunt3
1133 1204 1276 1248 rem
1327 1203 1366 1247 a
1412 1203 1481 1247 se
1521 1176 1810 1273 gestam¹
1857 1177 2146 1263 docent3
2191 1182 2432 1271 petunt

281 1302 633 1380 orantque,
674 1301 752 1356 ut
792 1289 925 1356 suis
967 1287 1251 1356 fortunis
1305 1283 1594 1380 populus
1643 1307 1992 1371 romanus,
2037 1281 2216 1378 quod
2260 1281 2430 1349 bene

280 1395 490 1462 meriti
544 1407 767 1462 essent
788 1445 808 1480 ‚
866 1392 1181 1462 auxilium
1252 1392 1474 1468 ferret.
1542 1392 1765 1460 Caesar
1792 1444 1812 1478 ,
1861 1399 2116 1458 eorum'
2155 1385 2430 1457 consilio

280 1500 558 1592 probato
592 1553 611 1585 ‚
647 1496 1019 1568 Marcium²
1065 1500 1381 1592 Crispum
1422 1498 1770 1566 tribunum
1815 1521 1968 1565 cum
2007 1496 2284 1564 cohorte
2305 1547 2324 1580 ,
2364 1506 2432 1561 et

282 1607 627 1700 sagittariis
667 1620 775 1674 toi
776 1620 1147 1700 mentisque
1180 1603 1673 1698 compluribus,
1712 1603 2016 1698 praesidio
2041 1601 2430 1670 Thabenam

280 1714 489 1782 mittit.
522 1711 782 1782 Eodem
818 1726 1120 1807 tempore
1156 1735 1239 1780 ex
1275 1711 1648 1806 legionibus
1677 1710 1986 1780 omnibus
2015 1706 2255 1776 milites
2275 1760 2294 1793 ,
2318 1705 2442 1800 qui.

280 1833 391 1887 aut
426 1819 669 1889 morbo
716 1817 1049 1914 impediti,
1103 1833 1254 1906 aut,
1299 1832 1680 1887 commeatu
1737 1801 1936 1886 dato³
1942 1868 1962 1903 ,
2017 1840 2172 1884 cum
2229 1815 2432 1908 signis

280 1949 411 1993 non
450 1940 811 2021 potuerant
866 1940 1019 1993 ante
1071 1926 1355 1994 transire
1404 1926 1474 1993 in
1531 1924 1876 2009 Africam,
1915 1922 2002 1991 ad
2049 1919 2255 1990 millia
2297 1920 2433 2005 IV,

281 2034 525 2125 equites
565 2034 731 2120 CD,
758 2031 1128 2102 funditores
1166 2032 1618 2127 sagittariique
1643 2029 1856 2118 mille,
1883 2054 2022 2098 uno
2054 2039 2436 2096 commeatu

281 2138 521 2207 Caesari
558 2153 1015 2208 occurrerunt.
1066 2140 1305 2232 Itaque
1348 2163 1505 2206 cum
1540 2137 1644 2207 his
1699 2138 1906 2232 copiis
1937 2191 1957 2222 ,
1995 2150 2063 2204 et
2121 2133 2437 2203 omnibus

281 2239 645 2338 legionibus
704 2243 1005 2331 eductis,
1047 2245 1219 2314 sicut
1270 2260 1413 2314 erat
1469 2245 1884 2330 instructuS,
1931 2256 2089 2312 octo
2143 2240 2434 2309 millibus

278 2373 587 2442 passuum
634 2350 722 2421 ab
768 2352 901 2419 suis
955 2351 1235 2437 castriS,
1278 2350 1361 2418 ab
1412 2351 1740 2445 Scipionis
1795 2373 1958 2417 vero
1999 2350 2101 2417 IV
2141 2345 2434 2416 millibus

280 2444 629 2548 passuum⁴
667 2456 865 2553 longe
907 2456 1208 2526 constitit
1242 2457 1312 2525 in
1349 2481 1608 2552 campo.

381 2567 773 2635 LXXVIII.
820 2567 987 2633 Erat
1038 2563 1361 2659 oppidum
1408 2563 1584 2633 infra
1627 2576 1846 2631 castra
1890 2560 2215 2655 Scipionis
2239 2612 2259 2646 ,
2313 2583 2434 2627 no·

2270 501 2408 574 501

364 2783 495 2837 Cu».
529 2785 815 2839 LXXVII.
859 2802 882 2839 1
894 2824 907 2837 .
946 2784 1061 2835 Rem
1078 2803 1111 2834 a
1128 2802 1312 2853 seges-

291 2863 528 2920 tam-Hac
542 2876 625 2918 est
638 2866 943 2936 conjectura
951 2863 1313 2935 Lipsii,Elect.

1402 2784 1463 2835 B.
1494 2782 1557 2837 C.
1586 2800 1691 2849 111,
1721 2801 1818 2853 77,
1843 2795 1957 2835 erat
1987 2780 2248 2833 Minucius.
2276 2779 2433 2831 Men-

1404 2861 1538 2915 dum
1570 2864 1784 2915 sustulit
1821 2860 2062 2914 eruditus
2093 2859 2270 2912 editor
2310 2876 2436 2910 nos·

289 2958 332 2993 11
357 2980 375 3006 ,
406 2964 497 2999 υ.
530 2945 735 2998 Omnes
774 2942 982 2997 codices
1006 2982 1023 3008 ,
1055 2962 1153 2995 rem
1192 2944 1316 2995 male

287 3035 466 3090 gestam
494 3045 513 3078 .·
546 3026 728 3097 inepte
784 3042 1019 3094 prorsus,
1064 3024 1313 3077 Davisius.

291 3102 459 3158 Codd.
487 3106 617 3177 Reg.
652 3117 706 3157 et
730 3104 917 3157 Vossii
944 3102 1162 3157 firmant
1192 3122 1317 3157 con-

285 3181 539 3251 jecturam
570 3183 759 3256 Lipsii.
804 3182 1165 3237 Emendatum
1206 3186 1316 3254 jam

290 3258 481 3317 dedere
492 3267 734 3331 νεῦσαι,
758 3264 997 3336 Gryph,
1014 3277 1115 3318 etc.
1132 3264 1317 3317 Nostri

290 3340 493 3398 codices
521 3346 724 3398 habent
755 3364 853 3397 rem
880 3346 1003 3397 male
1022 3351 1235 3416 gestam,
1264 3356 1319 3398 et

290 3437 385 3491 ego
406 3426 745 3479 restituerem
773 3444 788 3479 ε
820 3443 945 3477 nam
975 3424 1175 3480 docent
1202 3444 1320 3477 rem

292 3502 422 3555 male
469 3518 668 3576 gestam
727 3522 849 3575 erga
892 3506 926 3557 J
930 3505 1091 3557 ubam
1139 3523 1319 3574 regem

294 3598 461 3637 suum.
513 3584 705 3638 C'e'tait
740 3604 831 3636 une
876 3589 1115 3639 mauvaise
1160 3588 1322 3636 action

292 3678 355 3729 qu
363 3662 434 3715 ’ἰζς
474 3668 670 3717 avaient
698 3668 919 3717 commise
932 3703 947 3727 ,
984 3666 1017 3715 ὰ
1047 3664 1244 3734 l'e'gard
1260 3664 1321 3715 de

214 3768 221 3777 ·
292 3736 392 3791 leur
432 3748 521 3797 roi.
556 3776 637 3787 -—
676 3744 804 3815 Pop.
844 3744 981 3797 Rom.
1022 3745 1321 3815 Legebatur

292 3822 426 3875 male
464 3836 647 3895 proesto
677 3825 763 3876 vel
796 3824 857 3875 de
884 3824 1065 3894 populo
1107 3843 1323 3877 romano.

296 3898 609 3959 Emendavit
638 3904 704 3957 R.
745 3903 929 3975 Steph.
964 3922 993 3955 e
1032 3902 1190 3956 codd.

377 4000 425 4037 2.
484 3986 745 4037 Marcium,
800 3984 887 4037 Sic
936 3981 1059 4036 edd.
1100 3983 1320 4035 Vascos.

296 4070 348 4111 et
370 4059 551 4134 Steph.
578 4065 663 4118 Sic
694 4076 749 4117 et
778 4064 891 4118 Cic.
908 4104 924 4133 ,
950 4063 1089 4117 Phil.
1123 4081 1199 4129 11,
1234 4081 1323 4130 ια,

298 4149 355 4189 et
380 4140 519 4197 vell.
553 4162 598 4198 ιι
615 4182 631 4211 ,
666 4149 759 4215 69.
792 4143 953 4216 Apud
985 4143 1291 4216 Appianum
1309 4181 1327 4209 ,

1403 2956 1527 2996 tras.
1563 2942 1668 2996 On.
1709 2942 1813 2995 Hic
1848 2941 2084 2994 Marcius
2113 2940 2291 2992 forsan
2330 2937 2436 2991 fuit

1404 3042 1433 3075 e
1464 3023 1666 3076 Marcia
1697 3034 1851 3093 gente
1879 3019 2140 3075 oriundus
2161 3058 2178 3084 ‚
2203 3018 2436 3071 celeber·

1402 3102 1541 3155 rima
1583 3102 1806 3174 quidem
1845 3114 1961 3155 tum
2003 3100 2274 3173 patricia,
2320 3110 2438 3150 tum

1404 3184 1658 3256 plebeia:
1689 3181 1784 3235 sed
1841 3181 2020 3236 nullus
2065 3199 2132 3233 ex
2169 3202 2228 3235 ea
2279 3191 2436 3254 gente

1406 3276 1629 3335 apparet
1653 3282 1778 3317 cum
1805 3262 2124 3333 cognomine
2157 3263 2374 3333 Crispus.

1491 3344 1546 3397 3.
1573 3342 1852 3397 Commeatu
1873 3343 2018 3404 dato,
2045 3340 2168 3395 data
2188 3342 2344 3395 venia
2367 3334 2438 3391 ad

1408 3443 1530 3477 suos
1544 3424 1629 3477 vel
1653 3424 1757 3477 alio
1773 3422 2005 3477 abeundi
2025 3442 2054 3475 a
2069 3422 2434 3495 signis.Cn1,1,

1408 3506 1540 3557 Mox
1567 3524 1688 3556 unus
1709 3515 1996 3557 commeatus
2017 3515 2125 3567 est,
2145 3502 2443 3563 multitudo

1408 3604 1517 3638 una
1538 3584 1869 3637 venientium
1889 3621 1905 3649 ,
1935 3602 2000 3635 un
2035 3584 2318 3653 Transport.
2355 3591 2435 3644 M,

1493 3672 1547 3729 4.
1597 3665 1726 3718 Octo
1768 3664 1870 3716 mil.
1897 3684 1952 3733 p.
2099 3675 2306 3735 quatuor·
2331 3671 2432 3723 mil,

1404 3766 1462 3816 p.
1504 3744 1681 3797 Jurin.
1713 3745 1818 3815 legi
1837 3744 1990 3815 jubet
2010 3764 2094 3796 sex
2120 3781 2194 3804 ,...
2229 3744 2432 3804 duobus.

1412 3826 1482 3877 Et
1497 3825 1602 3877 hoc
1622 3837 1971 3895 proeceperat,
1994 3842 2039 3877 c.
2061 3824 2152 3894 75.
2177 3822 2281 3876 Sed
2298 3842 2440 3883 certe

1414 3924 1526 3957 non
1553 3916 1632 3957 est
1651 3922 1826 3975 operm
1853 3904 2090 3976 pretium
2111 3902 2178 3955 ad
2200 3904 2313 3961 haec
2337 3911 2441 3963 mi..

1414 3998 1546 4039 nuta
1567 3982 1904 4037 descendere.
1925 3985 1988 4036 In
2008 4003 2233 4038 numero
2251 3988 2332 4041 IV
2347 4008 2439 4043 va..

1399 4065 1556 4117 riant
1581 4062 1739 4117 codd.
1767 4064 2086 4135 typographi
2112 4064 2262 4122 vitio.
2292 4068 2436 4125 Qud.

1355 4204 1360 4207 ,
1415 4142 1582 4199 editio
1609 4144 1876 4197 recentior
1906 4143 2066 4196 habet
2091 4144 2188 4200 IX.
2215 4148 2318 4207 ΟΒ,

1930 4242 2072 4327 32³
