3025 5025
657 517 804 584 DE
859 517 1206 585 BELLO
1263 517 1631 588 CIVILI.
1692 519 1879 589 LIB.
1946 523 1999 589 I.
2268 542 2405 614 117

272 657 336 711 et
371 667 496 737 per
533 643 936 740 colloquium
974 647 1288 743 deceptos
1327 648 1773 718 crudelissime
1822 651 2241 721 interfecisse.
2287 651 2430 720 Ac·-

271 751 502 820 cidisse
536 753 737 846 igitur
766 753 900 841 his,
938 755 1117 847 quod
1155 754 1547 849 plerumque
1583 745 2003 826 hominibus⁶
2044 759 2245 826 nimia
2279 783 2419 852 per·
2482 738 2500 756 ’

273 857 515 926 tinacia
553 873 752 953 atque
779 862 1156 955 arrogantia
1192 861 1492 930 accidere
1530 861 1765 950 soleat,
1791 865 1886 932 uti
1920 889 1999 932 eo
2036 878 2415 953 recurrant,

268 977 330 1030 et
361 963 436 1030 id
479 967 902 1058 cupidissime
941 980 1204 1062 petant,
1235 968 1416 1063 quod
1447 967 1647 1063 paulo
1692 984 1843 1039 ante
1880 972 2415 1064 contempserint.

266 1069 504 1164 Neque
536 1095 718 1140 nunc
750 1098 818 1141 se
848 1072 1113 1142 illorum
1149 1073 1521 1144 humilitate
1542 1130 1560 1163 ,
1594 1101 1807 1170 neque
1842 1075 2061 1171 aliqua
2101 1079 2417 1171 temporis

270 1181 775 1270 opportunitate
805 1178 1140 1274 postulare
1156 1235 1175 1268 ,
1200 1181 1441 1274 quibus
1461 1183 1659 1250 rebus
1680 1197 2047 1276 augeantur
2065 1208 2229 1278 opes
2254 1209 2416 1267 suae3

272 1283 381 1351 sed
421 1310 540 1353 eos
579 1287 944 1375 exercitus,
983 1312 1150 1381 quos
1185 1302 1419 1355 contra
1462 1314 1532 1358 se
1569 1289 1812 1358 multos
1840 1290 1980 1381 jam
2014 1314 2223 1358 annos
2252 1289 2421 1358 alue-

268 1389 432 1478 rint,
479 1389 654 1460 velle
693 1392 950 1461 dimitti.
997 1395 1233 1486 Neque
1263 1396 1438 1462 enim
1477 1420 1590 1463 sex
1628 1394 1915 1488 legiones
1952 1394 2079 1464 alia
2110 1396 2191 1464 de
2221 1420 2421 1465 causa

271 1499 504 1566 missas
534 1501 607 1566 in
635 1501 1052 1594 Hispaniam,
1076 1501 1556 1595 septimamque
1580 1502 1669 1569 ibi
1697 1504 2178 1596 conscriptam,
2194 1527 2421 1597 neque

269 1615 367 1672 tot
407 1619 768 1699 tantasque
801 1605 1039 1676 classes
1067 1622 1368 1702 paratas,
1407 1633 1620 1701 neque
1654 1609 2013 1678 submissos
2046 1608 2287 1694 duceS,
2325 1611 2421 1677 rei

270 1710 573 1780 militaris
616 1715 864 1806 peritos
889 1711 958 1780 ⁷:
999 1713 1161 1782 nihil
1211 1714 1454 1783 horum
1511 1714 1596 1782 ad
1650 1715 1982 1809 pacandas
2027 1716 2421 1810 Hispanias,

269 1814 432 1885 nihil
473 1818 562 1886 ad
606 1843 802 1886 usum
842 1821 1200 1914 provinciae
1242 1822 1583 1915 provisum
1601 1874 1620 1909 ,
1664 1847 1810 1915 quae
1845 1836 2121 1917 propter
2160 1821 2433 1890 diutur-

171 1957 181 1968 ·
269 1924 551 1993 nitatem
580 1927 761 2019 pacis
789 1924 1047 1994 nullum
1084 1925 1397 1994 auxilium
1423 1926 1839 2014 desiderarit3
1872 1930 2095 1998 omnia
2119 1928 2262 1997 haec
2279 1927 2418 2021 jam

268 2030 532 2122 pridem
574 2045 810 2099 contra
846 2057 915 2100 se
951 2035 1204 2126 parari,
1242 2034 1309 2100 in
1341 2037 1606 2103 senovi
1648 2036 1906 2128 generis
1942 2036 2220 2129 imperia
2262 2059 2418 2103 con·

273 2139 490 2223 stitui,
529 2151 608 2204 ut
632 2136 808 2206 idem
845 2138 929 2206 ad
966 2153 1194 2233 portas
1219 2139 1492 2216 urbanis
1528 2133 1831 2235 prae'sidia
1874 2141 2070 2210 rebus
2085 2127 2133 2228 ⁸,
2164 2154 2231 2209 et
2258 2140 2423 2208 duas

268 2241 800 2312 bellicosissimas
849 2245 1226 2339 provincias
1279 2245 1517 2315 absens
1564 2261 1666 2315 tot
1710 2271 1919 2316 annos
1974 2247 2317 2316 obtineat:
2353 2248 2423 2314 in

271 2373 336 2418 se
359 2350 520 2444 jura
550 2352 1058 2444 magistratuum
1089 2354 1515 2441 commutari,
1536 2377 1619 2421 ne
1645 2379 1725 2421 ex
1752 2351 2075 2449 praetura⁹
2098 2366 2166 2421 et
2192 2376 2422 2420 consu-

267 2550 451 2622 plices‚
464 2550 800 2616 εὐαπάτητα,
811 2551 1194 2623 imprudentes,
1210 2570 1316 2604 nec.

270 2632 394 2683 satis
409 2650 440 2683 a
453 2630 672 2701 perfido
690 2631 842 2683 hoste
857 2643 1128 2697 caventes;
1145 2650 1312 2702 quare

271 2729 365 2763 suo
392 2728 554 2762 more
575 2708 645 2762 ad
668 2710 1070 2763 illustrationem
1097 2713 1314 2783 subjun-

269 2790 347 2861 git
360 2828 378 2855 ,
413 2803 472 2841 et
501 2809 598 2860 per·
635 2791 920 2863 colloquium
963 2792 1196 2862 deceptos.
1230 2794 1313 2843 Ita

273 2871 335 2922 B.
377 2871 450 2923 G.
471 2908 487 2936 ,
515 2870 556 2922 l.
587 2871 648 2935 I,
677 2888 723 2923 c.
755 2877 830 2934 4ο
857 2890 872 2923 :
906 2883 1073 2922 contra
1104 2873 1313 2923 homines

275 2949 514 3001 barbaros
540 2960 685 3021 atque
707 2953 960 3021 imperitos.
988 2952 1129 3004 Male
1153 2951 1313 3003 Davi-

277 3029 386 3083 sius
397 3049 563 3096 ‚cum
576 3030 725 3100 Lips.
749 3042 802 3082 et
821 3030 1060 3083 Bentleio
1072 3069 1088 3097 ,
1109 3032 1314 3083 homines

281 3112 555 3181 imparatos
571 3146 588 3174 ,
608 3110 694 3162 vel
713 3128 837 3162 cum
861 3111 974 3162 aliis
998 3110 1262 3182 impeditos.

359 3194 416 3243 6.
451 3191 748 3261 Plerumque
780 3189 1059 3244 hominibus.
1099 3190 1286 3243 Malim
1300 3230 1316 3257 ,

271 3270 559 3341 plerumque
597 3270 834 3321 hominum
868 3274 1017 3321 nimia
1049 3274 1320 3341 pertinacia

281 3361 428 3422 atque
445 3353 748 3418 ,arrogantia
783 3350 996 3401 accidere
1033 3350 1212 3412 soleat,
1258 3362 1322 3402 ut

281 3428 448 3483 habet
477 3426 649 3481 codex
673 3443 853 3482 noster
872 3431 937 3481 R.
963 3430 1147 3499 57643
1169 3442 1222 3481 et
1243 3442 1321 3482 est

285 3508 476 3564 eadem
495 3509 596 3560 ista
619 3509 947 3579 optimorum
966 3508 1124 3562 codd.
1142 3510 1317 3562 lectio.

369 3608 426 3659 7.
466 3588 564 3641 Rei
589 3588 816 3639 militaris
835 3594 1032 3660 peritos.
1063 3590 1320 3642 Caesarem

286 3680 516 3719 narrant
529 3706 546 3733 ,
569 3686 738 3738 quum
766 3670 824 3720 in
853 3669 1132 3721 Afranium
1152 3680 1206 3719 et
1230 3669 1324 3721 Pe·

286 3748 492 3800 treium
533 3748 804 3819 profectus
842 3761 955 3813 est,
1002 3746 1224 3814 dixisse,
1269 3768 1322 3801 se

290 3826 478 3880 venire
497 3826 566 3878 ad
587 3828 875 3879 exercitum
900 3829 1012 3881 sine
1030 3827 1190 3891 duce,
1206 3847 1326 3898 pos·

291 3918 380 3960 tea
401 3925 457 3959 se
487 3907 694 3958 iturum
725 3904 794 3959 ad
815 3906 1006 3959 ducem
1031 3909 1144 3959 sine
1176 3925 1324 3959 exer-

291 3987 410 4037 citu
439 4004 454 4037 :
490 3987 604 4039 haec
635 4005 762 4056 ergo
795 4004 942 4039 nunc
971 3985 1222 4039 insidiose
1249 3988 1328 4038 in·

293 4066 444 4127 nuit,
501 4064 574 4118 ad
615 4063 814 4119 ducum
855 4067 1174 4139 imperitiam
1219 4067 1325 4119 ele-

292 4143 538 4198 vandam.

1481 2556 1535 2606 8.
1568 2553 1638 2605 Ut
1655 2553 1777 2603 idem
1808 2553 2059 2623 adportas
2084 2552 2278 2603 urbanis
2292 2564 2422 2621 'prce-

1397 2632 1525 2683 sidia
1544 2631 1695 2683 rebus.
1723 2629 1905 2683 Codex
1931 2644 2109 2684 noster
2134 2633 2199 2683 R.
2236 2632 2385 2701 5768
2405 2668 2422 2695 ,

1398 2711 1623 2764 Dorvill.
1640 2748 1655 2775 ,
1676 2709 1825 2763 Leid.
1840 2749 1856 2777 ,
1886 2710 1997 2762 Sec.
2011 2748 2027 2776 ,
2045 2710 2230 2775 Voss„
2254 2722 2305 2761 et
2333 2707 2419 2772 ed.

1399 2789 1544 2843 Med.
1563 2802 1618 2860 αξ
1642 2789 1765 2841 idem
1791 2802 2052 2861 apportans
2077 2789 2271 2841 urbanis
2287 2809 2421 2861 proe·

1397 2869 1526 2922 sidia
1564 2870 1714 2923 rebus.
1754 2871 1972 2923 Praestat
2007 2882 2186 2922 nostra
2226 2870 2419 2922 lectio:

1398 2970 1523 3003 nam
1556 2948 1743 3002 alludit
1768 2949 1836 3003 ad
1860 2948 1916 3002 id
1932 2988 1949 3015 ,
1971 2948 2115 3021 quod
2141 2950 2297 3002 initio
2320 2950 2422 3001 hu-

1396 3033 1482 3102 jus
1522 3030 1648 3081 libri
1676 3030 1849 3083 Caesar
1876 3029 1943 3082 de
1974 3031 2231 3102 Pompeio
2261 3028 2418 3081 dixit:

1401 3111 1601 3164 scilicet
1618 3151 1632 3175 ,
1656 3108 1735 3162 ad
1780 3124 1960 3182 portas
2005 3111 2153 3163 urbis
2191 3109 2391 3162 stetisse
2406 3146 2423 3173 ,

1403 3190 1655 3261 quoniam
1672 3190 1755 3257 iis,
1772 3191 1866 3261 qui
1880 3209 2003 3243 cum
2017 3187 2243 3261 imperio
2257 3200 2426 3253 erant,

1405 3272 1461 3321 in
1483 3270 1672 3323 urbem
1691 3268 1901 3340 ingredi
1916 3288 2027 3322 non
2044 3270 2253 3333 liceret,
2272 3281 2427 3340 atque

1404 3350 1481 3401 ibi
1530 3350 1880 3402 nihilominus
1930 3351 2069 3419 leges
2118 3348 2393 3401 dictavisse
2412 3384 2429 3411 ,

1405 3428 1552 3501 quod
1592 3448 1761 3500 quum
1802 3448 1913 3481 non
1963 3429 2316 3499 intelligerent
2363 3426 2428 3477 li-

1405 3509 1571 3561 brarii
1584 3547 1600 3573 ,
1618 3522 1995 3581 reposuerunt:
2026 3508 2309 3579 adportans,
2338 3517 2429 3557 etc.

1407 3588 1638 3659 Scaliger
1664 3602 1717 3641 et
1746 3590 1957 3659 vulgata
1987 3585 2153 3640 editio
2177 3604 2190 3638 ε
2225 3597 2280 3635 ut
2309 3584 2431 3635 idem

1408 3670 1479 3720 ad
1517 3680 1686 3738 portas
1734 3668 1928 3720 urbanis
1972 3666 2235 3737 praesideat
2277 3664 2428 3716 rebus.

1409 3749 1535 3799 Non
1572 3749 1708 3799 male
1726 3786 1741 3814 ‚
1779 3760 1833 3799 et
1866 3748 2002 3798 forte
2044 3742 2298 3807 lucidius,
2340 3741 2439 3795 sed:

1411 3828 1525 3879 sine
1556 3826 1885 3879 auctoritate.
1910 3856 1992 3868 --
2017 3825 2161 3876 Duas
2180 3824 2435 3875 bellicosis-

1408 3911 1553 3957 simas
1571 3908 1862 3977 provincias.
1882 3904 2193 3976 Hispaniam
2215 3903 2325 3956 scil.
2343 3941 2360 3968 ,
2382 3913 2435 3955 et

1413 3985 1663 4037 Africam.

1498 4084 1551 4133 9.
1580 4064 1661 4116 Ne
1690 4084 1748 4114 ex
1767 4074 1985 4133 praetura
2006 4074 2053 4113 et
2079 4062 2353 4123 consulatu,
2383 4072 2442 4112 ut

1415 4164 1619 4215 semper,
1650 4156 1739 4198 etc.
1764 4143 1993 4215 Legibus
2016 4144 2275 4197 sancitum
2298 4152 2409 4195 erat
2422 4174 2457 4207 ,Ι

1992 4235 2072 4324 32
