3025 5025
909 475 1769 549 ALEXANDRINO.
2236 474 2381 575 377

219 597 430 669 classe
455 601 736 671 Rhodiae
773 625 978 672 naves
995 656 1014 689 ‚
1061 618 1262 697 atque
1301 604 1372 673 in
1415 604 1521 673 his
1560 588 2027 698 Euphranor-³,
2064 605 2205 673 sine
2250 624 2391 699 quo

219 705 406 775 nulla
449 732 744 802 unquam
779 709 1120 779 dimicatio
1165 711 1529 798 maritima,
1551 708 1736 780 nulla
1770 712 1973 779 etiam
2016 732 2255 805 parum
2292 712 2385 780 fe-

220 811 436 883 liciter
459 815 770 887 confecta
805 830 966 885 erat.
1003 820 1094 885 At
1118 818 1425 903 fortuna,
1443 842 1591 911 quae
1624 816 2019 912 plerumque
2044 842 2193 904 eos,
2218 839 2389 911 quos

221 919 526 1014 plurimis
569 922 912 992 beneficiis
951 925 1256 1010 ornavit,
1295 923 1381 993 ad
1407 924 1749 993 duriorem
1786 946 2015 993 casum
2058 939 2383 1011 reservat,

223 1029 646 1122 superiorum
683 1044 1064 1123 temporum
1097 1030 1462 1118 dissimilis,
1485 1031 2001 1125 Euphranorem
2030 1052 2389 1125 proseque-

222 1133 442 1203 batur.
491 1138 670 1205 Nam
685 1190 706 1222 ‚
751 1158 960 1230 quum
1007 1136 1094 1206 ad
1127 1139 1486 1232 Canopum
1520 1152 1799 1207 ventum
1842 1151 2019 1207 esset
2040 1190 2061 1223 ,
2098 1138 2391 1206 instruc-

226 1254 426 1334 taque
469 1245 808 1337 utrimque
857 1242 1083 1313 classis
1133 1244 1539 1313 conflixisset
1556 1298 1577 1331 ‚
1626 1259 1696 1313 et
1738 1268 1858 1313 sua
1908 1242 2393 1314 consuetudine

225 1349 638 1441 Euphranor
664 1352 920 1444 primus
947 1350 1252 1445 praelium
1279 1353 1751 1440 commisisset,
1772 1366 1841 1420 et
1864 1336 2031 1421 illio⁴
2048 1352 2393 1419 triremem

228 1452 522 1523 hostium
567 1456 970 1550 perforasset
991 1508 1010 1541 ,
1057 1482 1136 1527 ac
1187 1458 1642 1543 demersisset3
1698 1460 2075 1552 proximam
2134 1456 2395 1551 longius

230 1560 574 1631 insecutus
593 1616 612 1650 ,
636 1587 876 1658 parum
909 1563 1214 1634 celeriter
1243 1566 1745 1659 insequentibus
1776 1562 2047 1659 reliquis
2062 1615 2081 1652 ‚
2106 1565 2393 1633 circum·

229 1682 474 1737 ventus
529 1670 616 1737 ab
653 1669 1116 1740 Alexandrinis
1157 1686 1276 1740 est.
1337 1674 1465 1741 Cui
1515 1671 1883 1741 subsidium
1940 1694 2141 1739 nemo
2190 1668 2343 1739 tulit
2376 1723 2396 1756 ,

229 1775 368 1843 sive
411 1776 596 1869 quod
635 1779 705 1845 in
751 1779 894 1871 ipso
946 1780 1104 1847 satis
1163 1778 1446 1872 praesidii
1503 1804 1631 1873 pro
1662 1780 1913 1848 virtute
1956 1802 2037 1848 ac
2081 1776 2397 1846 felicitate

229 1881 372 1973 ejus
424 1897 744 1977 putarent
787 1908 964 1972 esse,
1011 1886 1150 1955 sive
1190 1886 1375 1979 quod
1425 1888 1551 1981 ipsi
1595 1886 1721 1954 sibi
1770 1884 2113 1955 timebant.
2159 1887 2397 1977 Itaque

225 2011 404 2057 unus
449 2014 536 2057 ex
577 1991 889 2061 omnibus
931 2016 1012 2061 eo
1057 1990 1288 2086 praelio
1331 1993 1503 2061 bene
1546 2018 1689 2061 rem
1734 1994 1937 2087 gessit
1956 2046 1975 2079 ‚
2018 1989 2199 2061 solus
2241 2013 2398 2059 cum

231 2118 347 2163 sua
399 2096 810 2188 quadriremi
843 2099 1118 2168 victrice
1162 2100 1376 2193 periit.

332 2205 600 2273 XXVI.
661 2204 803 2274 Sub
843 2203 1022 2273 idem
1069 2220 1334 2300 tempus
1389 2205 1817 2274 Mithridates
1870 2206 2325 2299 Pergamenus
2346 2202 2401 2292 ¹,

231 2332 496 2405 magnae
537 2310 900 2379 nobilitatis
947 2310 1163 2398 domi,
1207 2313 1629 2405 scientiaeque
1668 2313 1741 2379 in
1780 2309 1957 2379 bello
1991 2316 2061 2379 et
2097 2311 2362 2379 virtutis
2382 2364 2403 2398 ,

233 2414 390 2485 fidei
435 2415 908 2512 dignitatisque
951 2419 1020 2485 in
1057 2419 1352 2487 amicitia
1393 2420 1710 2506 Caesaris,
1755 2419 1992 2485 missus
2024 2419 2093 2483 in
2137 2419 2400 2511 Syriam

233 2522 676 2617 Ciliciamque
713 2526 904 2595 initio
933 2523 1090 2594 belli
1119 2525 1554 2594 Alexandrini
1582 2525 1667 2594 ad
1696 2523 1936 2592 auxilia
1974 2523 2366 2593 arcessenda
2382 2575 2403 2610 ‚

236 2738 487 2788 secutus,
515 2726 670 2796 cujus
700 2737 932 2796 quaestor
963 2738 1105 2789 erat,
1131 2738 1183 2778 et
1217 2726 1275 2778 h.
1367 2726 1462 2796 git.
1487 2725 1631 2778 Hinc
1676 2723 1961 2787 caduceus,
2003 2722 2133 2777 inde
2178 2723 2399 2778 tridens.

234 2805 270 2858 l.
303 2805 464 2858 classi
509 2805 859 2876 praepositus‚
892 2803 961 2857 ad
995 2805 1276 2858 victoriam
1455 2807 1506 2858 3.
1536 2806 1851 2876 Euphranor.
1874 2804 2003 2857 Vid.
2032 2823 2078 2858 c.
2114 2805 2205 2858 15.
2232 2806 2403 2857 M.—

236 2900 407 2956 quum
435 2885 734 2954 plurimum
765 2883 1077 2937 contulisset
1096 2924 1111 2949 ‚
1138 2901 1277 2956 pon·
1369 2886 1773 2958 Prosequebatur.
1800 2885 1996 2937 Melior
2019 2885 2182 2938 altera
2211 2885 2399 2950 lectio,

235 2965 370 3019 tifex
403 2967 462 3016 in
486 2966 667 3017 locum
698 2963 758 3016 P.
795 2962 1061 3036 Scipionis
1091 2965 1281 3018 suffec·
1361 2965 1751 3038 persequebatur.
1768 2965 1845 3018 M.
1863 2963 1967 3017 Sed
1981 2977 2035 3017 et
2052 2965 2113 3018 B.
2132 2963 2200 3017 G.
2219 3003 2235 3031 ,
2248 2985 2303 3034 V,
2335 2985 2367 3034 9
2385 3003 2402 3031 ,

237 3055 319 3098 tus
360 3044 432 3097 ad
467 3041 804 3097 deducendas
843 3046 898 3096 in
925 3043 1158 3098 Galliam
1189 3063 1278 3096 co·
1361 3050 1591 3118 prosequi
1612 3045 1756 3098 idem
1787 3057 1940 3098 notat
1970 3065 2030 3099 ac
2048 3050 2287 3116 persequi.
2318 3045 2401 3098 Ita

237 3123 411 3178 Ionias
429 3165 445 3190 ‚
481 3127 538 3176 in
577 3125 774 3196 quibus
819 3137 970 3176 erant
1011 3124 1195 3177 Narbo
1227 3137 1282 3176 et
1369 3138 1421 3178 et
1435 3126 1684 3191 Petron.,
1701 3146 1745 3179 c.
1768 3145 1869 3195 90,
1880 3129 2108 3200 prosequi
2120 3125 2361 3196 lapidibus
2380 3147 2400 3188 ;

240 3207 490 3270 Arelate,
521 3205 712 3256 missus
743 3217 836 3257 est.
867 3205 1158 3257 Praeturam
1189 3205 1282 3256 ob·

239 3285 408 3338 tinuit
446 3303 532 3337 an.
567 3301 704 3354 7123
737 3283 934 3337 deinde
964 3287 1027 3338 L.
1059 3286 1281 3337 Antonii

241 3380 422 3437 partes
467 3378 709 3429 secutus,
751 3363 816 3417 ad
862 3366 938 3418 M.
984 3366 1282 3418 Antonium

241 3445 472 3517 trajecit.
511 3445 774 3509 Demmn,
811 3463 940 3515 pace
971 3445 1140 3507 facta,
1171 3447 1281 3497 Ro·

244 3537 389 3578 mam
447 3522 643 3591 rediit,
689 3536 741 3576 et
797 3523 1005 3576 Liviam
1060 3543 1278 3579 uxorem

242 3605 370 3659 licet
390 3603 666 3676 gravidam
684 3605 886 3675 petenti
904 3608 1142 3677 Augusto
1161 3625 1285 3659 con·

246 3686 433 3747 cessit,
458 3703 555 3737 nec
585 3686 754 3737 multo
793 3697 914 3756 post
952 3683 1096 3737 die‘m
1129 3686 1280 3738 obiit.

243 3765 326 3817 En
364 3767 479 3836 ejus
519 3783 771 3817 nummus
803 3784 816 3818 x
853 3765 1090 3819 SALVS.
1126 3777 1284 3838 caput

245 3843 445 3898 Salutis
471 3845 784 3898 laureatum.
815 3843 879 3896 In
906 3863 1086 3898 aversa
1107 3859 1281 3916 parte:

245 3923 657 3979 T1.·CLAVD.
705 3923 800 3979 TI.
851 3925 910 3978 F.
965 3925 1285 4001 NER03i151

247 4005 388 4080 imo,
419 4007 489 4069 Q.
531 4005 733 4058 NONI.
763 4003 919 4061 SEX.
943 4005 1004 4057 F.
1035 4003 1285 4058 ASPRE-

248 4083 404 4138 NAS.
456 4085 596 4137 circa
647 4086 926 4144 ambitum.
975 4087 1082 4137 Ara
1127 4105 1286 4157 supra

245 4159 414 4235 quain
445 4183 663 4238 serpens
703 4166 760 4218 in
798 4185 958 4240 gyros
996 4177 1156 4238 caput
1186 4165 1287 4218 eri-

1369 3217 1422 3257 et
1455 3205 1591 3272 Cic„
1615 3205 1797 3271 Verr.‚
1828 3225 1855 3257 2
1876 3243 1893 3272 ,
1927 3225 1998 3276 29
2016 3245 2033 3271 ,
2060 3205 2222 3258 verbis
2252 3207 2399 3257 veke-

1371 3285 1696 3339 mentioribus.
1721 3285 1823 3340 ΟΒ.

1454 3373 1506 3429 4.
1542 3367 1619 3418 Et
1647 3367 1763 3419 illic.
1797 3363 1937 3432 Alii,
1982 3377 2034 3416 et
2067 3367 2143 3418 illi
2158 3405 2174 3432 ,
2210 3365 2403 3418 eodem

1371 3463 1553 3498 sensu..
1575 3443 1718 3499 Vide
1745 3447 1897 3499 Parei
1935 3445 2143 3498 lexicon
2172 3445 2402 3499 Plautia-

1369 3545 1523 3577 num.
1553 3526 1729 3578 Jurin.
1759 3525 1979 3598 conjicit
1997 3526 2127 3577 illico
2136 3562 2150 3585 ,
2175 3537 2236 3578 ut
2258 3525 2402 3598 apud

1371 3605 1543 3658 Tacit.
1571 3605 1709 3658 Hist.
1738 3606 1775 3658 l.
1808 3624 1889 3667 tv,
1918 3624 2034 3675 cap.
2069 3605 2161 3668 34.

1454 3685 1582 3737 CAP.
1618 3686 1824 3738 XXVI.
1867 3705 1916 3738 1.
1955 3685 2236 3737 Mithridat.
2276 3685 2404 3737 Per-

1370 3786 1503 3836 gam.
1522 3762 1651 3817 vid.
1669 3783 1714 3817 c.
1733 3765 1805 3835 78
1825 3784 1842 3830 ;
1860 3765 1965 3818 Dio
1993 3765 2203 3818 Cassius
2219 3804 2235 3830 ,
2252 3783 2371 3818 χιιι
2392 3805 2411 3832 ,

1377 3853 1470 3910 41.
1499 3845 1852 3897 M.——Dom1‘.
1874 3844 1960 3897 Sic
2000 3858 2053 3898 et
2093 3843 2404 3912 Sallustius,
2474 3905 2481 3912 ,

1375 3927 1513 3994 Cat„
1553 3943 1650 3996 173
1680 3925 1899 3990 Justin.,
1938 3944 2004 3994 v,
2034 3943 2097 3994 93
2128 3937 2181 3978 et
2225 3937 2406 3978 noster

1373 4009 1434 4058 Β.
1470 4007 1556 4074 C.‚
1578 4005 1615 4057 l.
1651 4023 1709 4071 ι,
1738 4025 1783 4058 c.
1824 4007 1928 4070 34,
1952 4009 2227 4076 praemissos
2261 4009 2405 4058 etiam

1377 4087 1563 4156 legatos
1594 4085 1919 4138 Massilienses
1946 4086 2291 4149 adolescentes,
2318 4085 2407 4137 do·

1378 4173 1444 4218 mi
1461 4165 1657 4221 nobiles,
1682 4169 1840 4220 —In
1857 4165 1971 4238 ⁶3:77⁸·
1994 4165 2138 4221 Cilic.
2168 4167 2229 4221 C.
2259 4186 2307 4220 1.
2326 4165 2406 4230 Μ.
