3025 5025
679 493 1212 564 DEBELLO
1267 479 1643 565 CIVI'LI.
1690 498 1885 566 LIB.
1940 499 1994 565 1.

287 625 848 721 necessariumque
871 628 1198 698 Scribonii
1223 627 1496 696 Liboms

2368 498 2408 572 5

1449 629 1460 640 '
1511 613 1561 715 ⁴,
1586 628 1789 697 mittit
1810 630 1897 698 ad
1920 653 2075 698 eum
2102 504 2414 726 colloqldii

282 753 464 800 causa
491 757 506 800 :
537 733 848 820 mandat,
871 749 950 802 ut
977 735 1304 803 Libonem
1331 735 1414 802 de
1439 734 1852 804 concilianda
1878 761 2039 830 pace
2070 737 2411 824 hortetur3

279 835 564 930 inprimis
584 892 604 926 ‚
647 855 726 909 ut
769 842 909 934 ipse
947 865 1100 911 cum
1157 843 1476 935 Pompeio
1524 839 2047 935 colloqueretur,
2100 844 2409 938 postulat.

283 945 750 1040 «Magnopere
793 971 934 1015 sese
972 946 1360 1016 confidere»
1391 948 1833 1035 demonstrat,
1870 971 1905 1012 z<
1928 951 1983 1018 si
2018 950 2157 1044 ejus
2201 953 2297 1020 rei
2332 955 2415 1020 sit

277 1063 556 1142 potestas
595 1053 809 1140 facta,
835 1053 1014 1140 fore,
1039 1068 1117 1122 ut
1157 1055 1360 1147 aequis
1399 1054 1890 1124 conditionibus
1930 1055 2015 1123 ab
2046 1059 2249 1126 armis
2284 1058 2413 1128 dis-.

277 1155 576 1226 cedatur.
590 1160 798 1252 cujus
833 1161 930 1228 rei
955 1184 1265 1254 magnam
1302 1175 1565 1254 partem
1600 1159 1811 1230 laudis
1850 1175 2049 1254 atque
2084 1165 2414 1232 existima-

275 1261 454 1332 tionis
499 1265 590 1332 ad
633 1265 966 1336 Libonem
1015 1282 1527 1361 perventuram,
1582 1269 1677 1353 si,
1723 1267 1835 1336 illo
1890 1282 2165 1338 auctore
2218 1284 2416 1363 atque

273 1356 566 1463 agente⁵‚
604 1365 692 1440 ab
729 1375 928 1442 armis
968 1375 1056 1442 sit
1077 1372 1456 1444 discessum
1471 1402 1508 1438 »
1548 1374 1749 1460 Libo,
1786 1397 1827 1441 a
1860 1372 2193 1468 colloquio
2216 1377 2414 1444 Cani·

271 1605 438 1642 aversa
461 1601 622 1661 parte
648 1589 850 1660 tripus„
881 1607 1006 1642 eum
1035 1589 1203 1662 epigr.
1233 1590 1296 1642 C.

273 1667 492 1720 Canu.
519 1670 766 1721 anms
787 1687 883 1720 1111
905 1687 1018 1723 vm.
1040 1669 1102 1722 C.
1138 1669 1298 1722 Cani-

271 1747 382 1800 nius
426 1749 554 1802 Cos·
599 1761 686 1803 an'.
730 1752 871 1818 708,
903 1750 1154 1801 suffectus
1198 1749 1300 1802 fuit

271 1827 325 1880 C.
353 1828 633 1882 Trebonio
665 1841 898 1882 mortuo,
930 1827 1034 1882 Sed
1068 1846 1180 1881 uno
1211 1827 1300 1881 die

271 1919 472 1960 tantum
504 1909 732 1962 Rebilus
757 1909 944 1962 consul
977 1908 1080 1962 fuit
1110 1927 1124 1962 ε
1155 1907 1299 1960 unde

271 1987 456 2041 Cicero
467 1987 612 2042 dixit
629 1989 930 2042 salutaturis
947 2006 961 2040 :
979 2000 1294 2048 maturemus,

265 2071 543 2140 primquam
559 2070 643 2120 ille
652 2069 904 2122 consulatu
916 2069 1074 2120 abeat.
1091 2067 1300 2120 Deinde

267 2149 542 2200 cavillatus
573 2149 861 2202 Caninium
887 2149 1187 2219 appellabat
1215 2149 1300 2200 vi.-

269 2228 676 2296 gilanfissimum
697 2229 968 2287 consulem
983 2266 999 2293 ,
1021 2227 1118 2299 qui
1137 2245 1206 2280 ne
1224 2239 1302 2282 to-

273 2318 324 2358 to
363 2307 588 2379 quidem
613 2309 698 2362 sui
729 2308 1030 2361 consulatus
1060 2319 1301 2378 tempore

272 2405 519 2440 somnum
549 2383 771 2460 ceperit.

347 2473 381 2531 4
437 2468 683 2521 Scribonii
719 2467 933 2523 Libonis.
979 2466 1124 2523 Gens
1166 2466 1299 2521 Scri-

273 2545 432 2611 bonia,
455 2548 695 2619 plebeia,
719 2546 811 2601 sed
829 2548 1047 2601 illustris
1060 2586 1076 2613 ,
1097 2548 1152 2599 in
1171 2546 1301 2600 duas

271 2640 440 2695 partes
469 2627 670 2691 divisa,
704 2628 816 2683 scil.
845 2626 1102 2691 Curiones,
1133 2640 1188 2681 et
1212 2630 1302 2679 Lt-

273 2705 427 2761 bones.
481 2709 694 2761 Nomen
745 2710 892 2779 ejus',
936 2720 998 2759 ut
1051 2708 1303 2778 opinatur

277 2786 332 2837 V
325 2788 504 2839 uillam
531 2808 649 2860 sup.
687 2787 864 2853 citat.‚
895 2806 926 2839 a
954 2787 1210 2853 Scribant,
1241 2786 1303 2839 id

273 2879 346 2918 est
360 2905 376 2932 ,
419 2870 646 2921 satellite
679 2886 693 2919 :
731 2880 786 2922 et
831 2885 1028 2919 nomen
1077 2866 1302 2919 cca-ionas

271 2946 406 2999 forte
419 2984 438 3012 ,
460 2966 528 3001 ex
543 2946 883 3017 Glandorpio
895 2984 913 3011 ,
931 2965 962 2998 a
984 2965 1164 2999 macro
1189 2964 1303 2999 cor·

270 3028 414 3095 poris
429 3028 654 3082 habitu:
680 3026 772 3081 sed
787 3046 871 3098 ap.
895 3026 1172 3097 sigonium
1197 3026 1300 3079 Cu-

271 3109 370 3167 rio,
396 3106 546 3179 quod
565 3109 774 3179 primus
793 3108 952 3177 hujus
982 3106 1192 3159 familioe
1215 3106 1300 3159 in-

271 3186 494 3256 signitus
504 3186 800 3244 sacerdotio
819 3187 938 3239 suit.
949 3185 1070 3253 Hic,
1085 3184 1300 3239 sifidem

271 3263 560 3321 habeamus
591 3267 721 3321 Silio
739 3266 963 3329 italice,
988 3264 1057 3319 ad
1091 3266 1300 3319 Cannas

269 3344 558 3401 fortissime
585 3364 827 3418 pugnans
855 3344 1068 3399 occidit.
1097 3344 1203 3399 Sed
1233 3345 1302 3398 de

269 3440 459 3481 nostro·
491 3428 702 3480 Libone
743 3426 856 3479 haec
895 3438 1024 3477 nota
1059 3439 1183 3479 sunt
1211 3445 1225 3478 ε
1257 3428 1301 3479 is

269 3519 380 3559 erat
425 3506 573 3559 filins
617 3508 680 3561 L.
729 3506 994 3559 Scribonii
1035 3506 1258 3559 Libonis
1279 3544 1295 3570 ‚

271 3587 536 3655 praetorii,
555 3599 635 3652 et,
658 3599 719 3639 nt
735 3598 914 3657 pater,
937 3586 1302 3657 appellabatur

273 3665 333 3720 L.
375 3666 716 3719 Senmomus
737 3666 886 3725 ,Lino
915 3684 930 3717 .·
965 3677 1021 3718 et
1067 3666 1301 3722 vicissim

273 3758 534 3815 quaestor3
570 3746 696 3799 trib.
742 3745 920 3815 pleb.;
951 3744 1116 3797 aedilis
1159 3764 1300 3797 anno

277 3828 386 3893 690
402 3864 418 3891 ,
451 3844 564 3898 quo
593 3826 856 3895 templum
892 3825 1030 3877 Boni
1065 3825 1300 3879 Eventus

275 3918 588 3960 restaurasse
615 3903 832 3960 videtur
859 3923 922 3957 ex
951 3902 1187 3975 ejusdem
1211 3904 1301 3961 de-

276 3986 422 4039 nario
451 4004 564 4057 arg.
605 3980 834 4049 (Bonus
877 3984 1112 4037 Eventus
1159 3985 1299 4053 inter

275 4062 396 4119 deos
413 4067 714 4121 Consentes
739 4076 1044 4117 recensetur
1057 4076 1142 4133 ,et
1168 4076 1298 4117 tem-

269 4144 416 4215 plum
459 4148 578 4217 ejus
621 4146 680 4203 in
722 4160 868 4199 nona
907 4144 1124 4215 regione
1147 4146 1298 4214 juxta

1388 1587 1593 1642 circum
1618 1588 1941 1642 Flaminium
1958 1585 2011 1656 );
2032 1601 2231 1662 prator
2262 1593 2419 1646 urba·

1385 1687 1488 1721 nus
1531 1686 1613 1720 an.
1664 1669 1813 1737 693,
1842 1683 2094 1740 propraet.
2136 1689 2221 1724 an.
2267 1679 2417 1740 704,

1385 1747 1659 1800 Etruriam
1708 1749 1943 1800 obtinuit
1989 1750 2355 1820 provinciam,
2387 1771 2419 1805 e

1385 1846 1491 1898 qua
1520 1829 1709 1900 pulsus
1724 1847 1755 1880 a
1778 1827 1981 1882 Caesare
2000 1828 2068 1882 ad
2099 1831 2417 1902 Pompeium

1383 1909 1623 1962 recessit:
1632 1909 2093 1962 classiLihurnicae
2102 1912 2419 1982 praepositus
2462 1949 2467 1952 -

1387 1981 1470 2050 (B.
1487 1988 1655 2040 Civml
1676 1989 1847 2055 111‚c.
1870 1985 2417 2056 5.);tandem,1²0m-

1385 2068 1508 2138 peio
1541 2081 1785 2134 mortu0‚
1809 2069 1973 2121 totius
2002 2088 2109 2122 01·ae
2139 2071 2419 2126 maritimae

1385 2147 1665 2218 praefectus
1696 2161 1775 2200 est
1797 2149 1981 2202 factus,
2012 2151 2179 2201 Bruto
2206 2163 2259 2204 et
2290 2151 2416 2206 Cas-

1385 2227 1466 2278 sio
1483 2227 1639 2280 victis
1653 2263 1667 2286 ,
1686 2227 1855 2280 filiam
1872 2228 1989 2281 Sex.
2010 2230 2269 2302 Pompeio
2290 2251 2420 2283 uxo-

1385 2325 1502 2361 rem
1518 2305 1682 2360 dedit.
1704 2303 1916 2370 (Caesar
1938 2308 2121 2362 Octav.
2142 2310 2417 2378 triumvir,

1383 2386 1609 2444 Libonis
1626 2405 1865 2440 sororem
1886 2389 2219 2440 Scriboniam
2237 2389 2419 2455 duxit,

1387 2483 1454 2519 ex
1483 2485 1591 2538 qua
1619 2468 1652 2522 J
1655 2467 1817 2521 uliam
1841 2467 2005 2521 filiam
2042 2469 2241 2539 genuit.
2263 2461 2285 2537 )
2306 2468 2417 2523 Ad..

1386 2546 1540 2607 haesit
1570 2547 1709 2599 Sext.
1747 2548 2037 2619 Pompei0‚
2064 2552 2214 2618 cujus
2260 2552 2418 2603 rebus
2494 2569 2504 2576 ·

1385 2625 1643 2696 perditis,
1675 2626 1743 2679 ad
1786 2627 1862 2679 M.
1902 2629 2101 2697 Anton.
2148 2630 2416 2700 confugit;

1387 2718 1442 2759 et
1470 2725 1639 2777 quum
1668 2708 1726 2759 in
1756 2707 1977 2776 gratiam
1998 2708 2217 2761 Caesaris
2234 2709 2419 2763 rediis-
2440 2762 2453 2782 ⁸

1388 2798 1499 2849 set,
1526 2786 1859 2839 consulatum
1888 2787 2124 2839 obtinuit
2157 2806 2239 2841 an.
2277 2808 2414 2858 719.

1387 2865 1653 2919 Nummus
1690 2869 1803 2937 ejus
1836 2879 2033 2937 argent.
2067 2868 2228 2921 habet
2257 2882 2418 2940 caput

1384 2945 1523 3002 Boni
1546 2946 1781 2999 Eventus
1807 2964 1931 2999 cum
1956 2948 2143 3011 fascia;
2172 2948 2418 3003 inscribi·

1387 3037 1510 3079 tur:
1530 3026 1665 3079 Bon.
1698 3027 1912 3098 Eynnn
1937 3028 2095 3081 an.
2120 3030 2187 3080 In
2212 3030 2415 3100 postica

1385 3118 1539 3177 parte
1552 3142 1569 3171 ,
1589 3126 1677 3159 ara
1708 3108 1948 3179 encarpis
1974 3122 2175 3164 ornata.
2208 3108 2377 3181 Supra
2396 3150 2415 3177 ,

1386 3186 1603 3239 Pvrnu.
1636 3204 1650 3239 ε
1686 3187 1856 3251 infra,
1896 3186 2175 3241 Scnxnom.
2228 3190 2415 3245 Puteal

1387 3279 1563 3319 autem
1604 3267 1753 3319 locus
1794 3280 1907 3319 erat
1954 3270 2325 3321 subterraneus
2354 3271 2413 3323 in

1386 3345 1605 3398 comitio
1648 3347 1747 3401 sub
1776 3346 2027 3417 gradibus
2056 3348 2185 3419 ipsis
2220 3347 2289 3400 ad
2322 3350 2413 3401 lae-

1385 3444 1508 3481 vam
1532 3428 1723 3493 eur-iai,
1741 3427 1835 3479 ubi
1860 3426 2135 3479 dicebatur
2151 3426 2413 3485 defossam

1385 3506 1547 3559 fuisse
1588 3507 1901 3559 novaculam
1941 3507 2089 3559 Accii
2120 3507 2289 3559 Naevii
2321 3527 2412 3561 au·

1384 3586 1561 3655 guris,
1600 3587 1723 3640 satis
1766 3588 1852 3639 vel
1900 3587 2163 3639 tironibus
2208 3601 2409 3641 notam.

1385 3666 1559 3737 Supra
1601 3678 1823 3737 puteum
1854 3667 2100 3736 imposita
2126 3666 2278 3735 prius
2309 3668 2412 3721 fuit

1385 3746 1615 3799 umbella
1626 3747 1735 3799 sive
1746 3758 1953 3816 petasus
1962 3781 1976 3803 ‚
1998 3763 2107 3815 quo
2122 3756 2385 3815 tegeretur
2392 3766 2409 3813 ;

1383 3822 1606 3885 deinde,
1634 3838 1695 3877 ut
1712 3835 1929 3895 apparet
1944 3842 2008 3875 ex
2030 3825 2147 3894 ipso
2170 3844 2411 3893 nummo,

1385 3924 1472 3957 ara
1487 3942 1503 3969 ,
1537 3922 1655 3975 quae
1699 3922 1867 3974 quum
1914 3903 2197 3963 corruisset
2211 3943 2227 3971 ,
2256 3908 2411 3961 resti-

1383 3996 1498 4038 tuta
1528 3984 1759 4054 suitlege
1790 3984 1895 4037 lata
1918 4002 1947 4035 a
1974 3984 2254 4039 Scribonio
2281 4007 2411 4058 quo-

1383 4062 1508 4118 dam
1539 4063 1711 4124 nostri,
1736 4063 1965 4125 Libonis⁴
1989 4084 2104 4118 avo.

1469 4144 1519 4199 5.
1552 4145 1651 4201 Illo
1684 4140 1875 4198 auctore
1910 4157 2056 4217 atque
2085 4158 2271 4215 agente.
2306 4148 2409 4201 Ra-
