<?xml version="1.0" encoding="UTF-8"?>
<!DOCTYPE html PUBLIC "-//W3C//DTD XHTML 1.0 Transitional//EN"
    "http://www.w3.org/TR/xhtml1/DTD/xhtml1-transitional.dtd">
<html xmlns="http://www.w3.org/1999/xhtml" xml:lang="en" lang="en">
 <head>
  <title>
</title>
<meta http-equiv="Content-Type" content="text/html;charset=utf-8" />
  <meta name='ocr-system' content='tesseract 3.04.00' />
  <meta name='ocr-capabilities' content='ocr_page ocr_carea ocr_par ocr_line ocrx_word'/>
</head>
<body>
  <div class='ocr_page' id='page_1' title='image "./caiusjuliuscsar00plutgoog_0380.png"; bbox 0 0 3025 5025; ppageno 0'>
   <div class='ocr_carea' id='block_1_1' title="bbox 921 488 2408 585">
    <p class='ocr_par' dir='ltr' id='par_1_1' title="bbox 921 488 2408 585">
     <span class='ocr_line' id='line_1_1' title="bbox 921 488 2408 585; baseline 0.003 -28"><span class='ocrx_word' id='word_1_1' title='bbox 921 488 1742 559; x_wconf 77' lang='lat' dir='ltr'><strong>ALEXANDRINo.</strong></span> <span class='ocrx_word' id='word_1_2' title='bbox 2256 488 2408 585; x_wconf 83' lang='lat'><strong>359</strong></span> 
     </span>
    </p>
   </div>
   <div class='ocr_carea' id='block_1_2' title="bbox 165 606 2462 3620">
    <p class='ocr_par' dir='ltr' id='par_1_2' title="bbox 165 606 2462 1561">
     <span class='ocr_line' id='line_1_2' title="bbox 261 606 2411 705; baseline 0.004 -30"><span class='ocrx_word' id='word_1_3' title='bbox 261 606 434 675; x_wconf 80' lang='lat' dir='ltr'><strong>sidit.</strong></span> <span class='ocrx_word' id='word_1_4' title='bbox 483 611 627 682; x_wconf 90' lang='lat' dir='ltr'><strong>Hac</strong></span> <span class='ocrx_word' id='word_1_5' title='bbox 669 612 767 679; x_wconf 79' lang='lat' dir='ltr'><strong>uti</strong></span> <span class='ocrx_word' id='word_1_6' title='bbox 827 610 1080 682; x_wconf 87' lang='lat' dir='ltr'><strong>domini</strong></span> <span class='ocrx_word' id='word_1_7' title='bbox 1129 610 1565 693; x_wconf 60' lang='lat' dir='ltr'><strong>aedificiorum</strong></span> <span class='ocrx_word' id='word_1_8' title='bbox 1606 626 1807 705; x_wconf 87' lang='lat' dir='ltr'><strong>atque</strong></span> <span class='ocrx_word' id='word_1_9' title='bbox 1861 635 2097 679; x_wconf 84' lang='lat' dir='ltr'><strong>eorum</strong></span> <span class='ocrx_word' id='word_1_10' title='bbox 2150 612 2411 685; x_wconf 69' lang='lat' dir='ltr'><strong>familia.—</strong></span> 
     </span>
     <span class='ocr_line' id='line_1_3' title="bbox 259 716 2413 813; baseline 0.004 -32"><span class='ocrx_word' id='word_1_11' title='bbox 259 731 807 793; x_wconf 79' lang='lat' dir='ltr'><strong>consueverunt·</strong></span> <span class='ocrx_word' id='word_1_12' title='bbox 851 742 1010 787; x_wconf 86' lang='lat' dir='ltr'><strong>nam</strong></span> <span class='ocrx_word' id='word_1_13' title='bbox 1055 742 1206 813; x_wconf 83' lang='lat' dir='ltr'><strong>quae</strong></span> <span class='ocrx_word' id='word_1_14' title='bbox 1265 718 1541 787; x_wconf 88' lang='lat' dir='ltr'><strong>flumine</strong></span> <span class='ocrx_word' id='word_1_15' title='bbox 1593 716 1751 788; x_wconf 79' lang='lat' dir='ltr'><strong>Nilo</strong></span> <span class='ocrx_word' id='word_1_16' title='bbox 1806 716 2053 805; x_wconf 83' lang='lat' dir='ltr'><strong>fertur,</strong></span> <span class='ocrx_word' id='word_1_17' title='bbox 2090 718 2261 789; x_wconf 85' lang='lat' dir='ltr'><strong>adeo</strong></span> <span class='ocrx_word' id='word_1_18' title='bbox 2312 737 2413 789; x_wconf 87' lang='lat' dir='ltr'><strong>est</strong></span> 
     </span>
     <span class='ocr_line' id='line_1_4' title="bbox 258 817 2405 919; baseline 0.004 -32"><span class='ocrx_word' id='word_1_19' title='bbox 258 817 491 893; x_wconf 84' lang='lat' dir='ltr'><strong>limosa</strong></span> <span class='ocrx_word' id='word_1_20' title='bbox 516 837 720 919; x_wconf 78' lang='lat' dir='ltr'><strong>atque</strong></span> <span class='ocrx_word' id='word_1_21' title='bbox 751 824 1047 912; x_wconf 85' lang='lat' dir='ltr'><strong>turbida,</strong></span> <span class='ocrx_word' id='word_1_22' title='bbox 1069 839 1147 903; x_wconf 74' lang='lat' dir='ltr'><strong>,ut</strong></span> <span class='ocrx_word' id='word_1_23' title='bbox 1161 823 1408 895; x_wconf 88' lang='lat' dir='ltr'><strong>multos</strong></span> <span class='ocrx_word' id='word_1_24' title='bbox 1435 824 1788 919; x_wconf 86' lang='lat' dir='ltr'><strong>variosque</strong></span> <span class='ocrx_word' id='word_1_25' title='bbox 1815 849 1965 893; x_wconf 78' lang='lat' dir='ltr'><strong>moi</strong></span> <span class='ocrx_word' id='word_1_26' title='bbox 1966 824 2087 893; x_wconf 90' lang='lat' dir='ltr'><strong>bos</strong></span> <span class='ocrx_word' id='word_1_27' title='bbox 2122 824 2405 895; x_wconf 88' lang='lat' dir='ltr'><strong>efficiat:</strong></span> 
     </span>
     <span class='ocr_line' id='line_1_5' title="bbox 258 922 2406 1027; baseline 0.002 -30"><span class='ocrx_word' id='word_1_28' title='bbox 258 927 376 1005; x_wconf 77' lang='lat' dir='ltr'><strong>sed</strong></span> <span class='ocrx_word' id='word_1_29' title='bbox 407 954 494 999; x_wconf 82' lang='lat' dir='ltr'><strong>ea</strong></span> <span class='ocrx_word' id='word_1_30' title='bbox 521 928 792 1025; x_wconf 84' lang='lat' dir='ltr'><strong>plehcs²</strong></span> <span class='ocrx_word' id='word_1_31' title='bbox 823 956 902 1001; x_wconf 86' lang='lat' dir='ltr'><strong>ac</strong></span> <span class='ocrx_word' id='word_1_32' title='bbox 929 922 1286 1005; x_wconf 71' lang='lat' dir='ltr'><strong>multitudo</strong></span> <span class='ocrx_word' id='word_1_33' title='bbox 1320 946 1639 1001; x_wconf 87' lang='lat' dir='ltr'><strong>contenta</strong></span> <span class='ocrx_word' id='word_1_34' title='bbox 1664 947 1768 1001; x_wconf 88' lang='lat' dir='ltr'><strong>est</strong></span> <span class='ocrx_word' id='word_1_35' title='bbox 1793 932 2163 1001; x_wconf 87' lang='lat' dir='ltr'><strong>necessario</strong></span> <span class='ocrx_word' id='word_1_36' title='bbox 2184 985 2203 1019; x_wconf 91' lang='lat'><strong>,</strong></span> <span class='ocrx_word' id='word_1_37' title='bbox 2226 934 2406 1027; x_wconf 89' lang='lat' dir='ltr'><strong>quod</strong></span> 
     </span>
     <span class='ocr_line' id='line_1_6' title="bbox 253 1032 2407 1133; baseline 0.003 -31"><span class='ocrx_word' id='word_1_38' title='bbox 253 1032 409 1103; x_wconf 83' lang='lat' dir='ltr'><strong>fons</strong></span> <span class='ocrx_word' id='word_1_39' title='bbox 445 1038 624 1112; x_wconf 80' lang='lat' dir='ltr'><strong>urbe</strong></span> <span class='ocrx_word' id='word_1_40' title='bbox 659 1052 802 1109; x_wconf 81' lang='lat' dir='ltr'><strong>tota</strong></span> <span class='ocrx_word' id='word_1_41' title='bbox 837 1038 1058 1109; x_wconf 82' lang='lat' dir='ltr'><strong>nullus</strong></span> <span class='ocrx_word' id='word_1_42' title='bbox 1093 1054 1210 1110; x_wconf 84' lang='lat' dir='ltr'><strong>est.</strong></span> <span class='ocrx_word' id='word_1_43' title='bbox 1249 1042 1398 1109; x_wconf 90' lang='lat' dir='ltr'><strong>Hoc</strong></span> <span class='ocrx_word' id='word_1_44' title='bbox 1441 1054 1665 1109; x_wconf 84' lang='lat' dir='ltr'><strong>tamen</strong></span> <span class='ocrx_word' id='word_1_45' title='bbox 1708 1038 2015 1107; x_wconf 90' lang='lat' dir='ltr'><strong>flumen</strong></span> <span class='ocrx_word' id='word_1_46' title='bbox 1996 1063 2064 1106; x_wconf 89' lang='lat' dir='ltr'><strong>m</strong></span> <span class='ocrx_word' id='word_1_47' title='bbox 2098 1062 2177 1105; x_wconf 89' lang='lat' dir='ltr'><strong>ea</strong></span> <span class='ocrx_word' id='word_1_48' title='bbox 2217 1054 2407 1133; x_wconf 88' lang='lat' dir='ltr'><strong>parte</strong></span> 
     </span>
     <span class='ocr_line' id='line_1_7' title="bbox 251 1130 2407 1239; baseline 0.003 -30"><span class='ocrx_word' id='word_1_49' title='bbox 251 1141 440 1211; x_wconf 76' lang='lat' dir='ltr'><strong>urbis</strong></span> <span class='ocrx_word' id='word_1_50' title='bbox 465 1159 801 1239; x_wconf 85' lang='lat' dir='ltr'><strong>erat,quae</strong></span> <span class='ocrx_word' id='word_1_51' title='bbox 819 1146 905 1215; x_wconf 86' lang='lat' dir='ltr'><strong>ab</strong></span> <span class='ocrx_word' id='word_1_52' title='bbox 924 1130 1386 1217; x_wconf 82' lang='lat' dir='ltr'><strong>Alexandrinis</strong></span> <span class='ocrx_word' id='word_1_53' title='bbox 1410 1142 1778 1216; x_wconf 88' lang='lat' dir='ltr'><strong>tenebatur.</strong></span> <span class='ocrx_word' id='word_1_54' title='bbox 1798 1146 1955 1234; x_wconf 91' lang='lat' dir='ltr'><strong>Quo</strong></span> <span class='ocrx_word' id='word_1_55' title='bbox 1981 1144 2158 1214; x_wconf 85' lang='lat' dir='ltr'><strong>facto</strong></span> <span class='ocrx_word' id='word_1_56' title='bbox 2181 1159 2281 1237; x_wconf 74' lang='lat' dir='ltr'><strong>est</strong></span> <span class='ocrx_word' id='word_1_57' title='bbox 2300 1146 2407 1215; x_wconf 85' lang='lat' dir='ltr'><strong>ad-</strong></span> 
     </span>
     <span class='ocr_line' id='line_1_8' title="bbox 252 1248 2407 1348; baseline 0.001 -31"><span class='ocrx_word' id='word_1_58' title='bbox 252 1250 550 1323; x_wconf 86' lang='lat' dir='ltr'><strong>monitus</strong></span> <span class='ocrx_word' id='word_1_59' title='bbox 593 1252 1050 1347; x_wconf 84' lang='lat' dir='ltr'><strong>Ganymedes,</strong></span> <span class='ocrx_word' id='word_1_60' title='bbox 1089 1278 1286 1348; x_wconf 87' lang='lat' dir='ltr'><strong>posse</strong></span> <span class='ocrx_word' id='word_1_61' title='bbox 1325 1268 1591 1323; x_wconf 82' lang='lat' dir='ltr'><strong>nostros</strong></span> <span class='ocrx_word' id='word_1_62' title='bbox 1628 1276 1803 1347; x_wconf 86' lang='lat' dir='ltr'><strong>aqua</strong></span> <span class='ocrx_word' id='word_1_63' title='bbox 1834 1248 2187 1321; x_wconf 83' lang='lat' dir='ltr'>intercludi</span> <span class='ocrx_word' id='word_1_64' title='bbox 2212 1279 2233 1337; x_wconf 70' lang='grc' dir='ltr'><strong><em>ς</em></strong></span> <span class='ocrx_word' id='word_1_65' title='bbox 2262 1254 2407 1345; x_wconf 91' lang='lat' dir='ltr'><strong>qui,</strong></span> 
     </span>
     <span class='ocr_line' id='line_1_9' title="bbox 165 1353 2402 1451; baseline 0.002 -29"><span class='ocrx_word' id='word_1_66' title='bbox 165 1410 168 1415; x_wconf 93' lang='lat'><strong>.</strong></span> <span class='ocrx_word' id='word_1_67' title='bbox 248 1353 588 1427; x_wconf 74' lang='lat' dir='ltr'><strong>distributi</strong></span> <span class='ocrx_word' id='word_1_68' title='bbox 609 1360 1056 1432; x_wconf 76' lang='lat' dir='ltr'><strong>munitionum</strong></span> <span class='ocrx_word' id='word_1_69' title='bbox 1083 1358 1481 1434; x_wconf 87' lang='lat' dir='ltr'><strong>tuendarum</strong></span> <span class='ocrx_word' id='word_1_70' title='bbox 1509 1382 1710 1443; x_wconf 81' lang='lat' dir='ltr'><strong>causa</strong></span> <span class='ocrx_word' id='word_1_71' title='bbox 1734 1408 1751 1443; x_wconf 95' lang='lat'><strong>,</strong></span> <span class='ocrx_word' id='word_1_72' title='bbox 1774 1359 2047 1435; x_wconf 86' lang='lat' dir='ltr'><strong>vicatim</strong></span> <span class='ocrx_word' id='word_1_73' title='bbox 2072 1382 2153 1427; x_wconf 85' lang='lat' dir='ltr'><strong>ex</strong></span> <span class='ocrx_word' id='word_1_74' title='bbox 2180 1359 2402 1451; x_wconf 88' lang='lat' dir='ltr'><strong>priva-</strong></span> 
     </span>
     <span class='ocr_line' id='line_1_10' title="bbox 248 1452 2462 1561; baseline -0.001 -26"><span class='ocrx_word' id='word_1_75' title='bbox 248 1462 328 1529; x_wconf 76' lang='lat' dir='ltr'><strong>tis</strong></span> <span class='ocrx_word' id='word_1_76' title='bbox 365 1462 699 1548; x_wconf 76' lang='lat' dir='ltr'><strong>aedificiis,</strong></span> <span class='ocrx_word' id='word_1_77' title='bbox 735 1467 1066 1560; x_wconf 85' lang='lat' dir='ltr'><strong>specubus</strong></span> <span class='ocrx_word' id='word_1_78' title='bbox 1095 1490 1174 1540; x_wconf 80' lang='lat' dir='ltr'><strong>ac</strong></span> <span class='ocrx_word' id='word_1_79' title='bbox 1203 1452 1457 1561; x_wconf 83' lang='lat' dir='ltr'><strong>puteis³</strong></span> <span class='ocrx_word' id='word_1_80' title='bbox 1487 1480 1784 1535; x_wconf 84' lang='lat' dir='ltr'><strong>extracta</strong></span> <span class='ocrx_word' id='word_1_81' title='bbox 1820 1489 1991 1559; x_wconf 87' lang='lat' dir='ltr'><strong>aqua</strong></span> <span class='ocrx_word' id='word_1_82' title='bbox 2020 1464 2399 1533; x_wconf 84' lang='lat' dir='ltr'><strong>utebantur.</strong></span> <span class='ocrx_word' id='word_1_83' title='bbox 2454 1502 2462 1509; x_wconf 96' lang='lat'>·</span> 
     </span>
    </p>

    <p class='ocr_par' dir='ltr' id='par_1_3' title="bbox 229 1570 2401 3161">
     <span class='ocr_line' id='line_1_11' title="bbox 355 1570 2401 1668; baseline 0 -29"><span class='ocrx_word' id='word_1_84' title='bbox 355 1572 482 1639; x_wconf 88' lang='lat' dir='ltr'><strong>VI.</strong></span> <span class='ocrx_word' id='word_1_85' title='bbox 541 1574 690 1645; x_wconf 84' lang='lat' dir='ltr'><strong>Hoc</strong></span> <span class='ocrx_word' id='word_1_86' title='bbox 733 1574 1022 1667; x_wconf 81' lang='lat' dir='ltr'><strong>probato</strong></span> <span class='ocrx_word' id='word_1_87' title='bbox 1081 1572 1392 1661; x_wconf 76' lang='lat' dir='ltr'><strong>consiliu,</strong></span> <span class='ocrx_word' id='word_1_88' title='bbox 1435 1596 1757 1668; x_wconf 84' lang='lat' dir='ltr'><strong>magnum</strong></span> <span class='ocrx_word' id='word_1_89' title='bbox 1794 1596 1876 1641; x_wconf 88' lang='lat' dir='ltr'><strong>ac</strong></span> <span class='ocrx_word' id='word_1_90' title='bbox 1920 1570 2187 1640; x_wconf 85' lang='lat' dir='ltr'><strong>difficile</strong></span> <span class='ocrx_word' id='word_1_91' title='bbox 2232 1597 2401 1665; x_wconf 88' lang='lat' dir='ltr'><strong>opus</strong></span> 
     </span>
     <span class='ocr_line' id='line_1_12' title="bbox 245 1676 2401 1798; baseline 0.003 -57"><span class='ocrx_word' id='word_1_92' title='bbox 245 1676 658 1773; x_wconf 68' lang='lat' dir='ltr'><strong>aggreditur.</strong></span> <span class='ocrx_word' id='word_1_93' title='bbox 725 1680 1114 1775; x_wconf 82' lang='lat' dir='ltr'><strong>Interseptis</strong></span> <span class='ocrx_word' id='word_1_94' title='bbox 1167 1681 1348 1749; x_wconf 90' lang='lat' dir='ltr'><strong>enim</strong></span> <span class='ocrx_word' id='word_1_95' title='bbox 1409 1678 1787 1798; x_wconf 78' lang='lat' dir='ltr'><strong>specubuS‚</strong></span> <span class='ocrx_word' id='word_1_96' title='bbox 1832 1693 2030 1771; x_wconf 87' lang='lat' dir='ltr'><strong>atque</strong></span> <span class='ocrx_word' id='word_1_97' title='bbox 2092 1676 2401 1755; x_wconf 85' lang='lat' dir='ltr'><strong>omnibus</strong></span> 
     </span>
     <span class='ocr_line' id='line_1_13' title="bbox 245 1782 2400 1881; baseline -0.003 -22"><span class='ocrx_word' id='word_1_98' title='bbox 245 1782 436 1862; x_wconf 59' lang='lat' dir='ltr'><strong>tubis</strong></span> <span class='ocrx_word' id='word_1_99' title='bbox 496 1786 799 1879; x_wconf 70' lang='lat' dir='ltr'><strong>partibus</strong></span> <span class='ocrx_word' id='word_1_100' title='bbox 842 1785 1184 1873; x_wconf 47' lang='lat' dir='ltr'><strong>exclusis,</strong></span> <span class='ocrx_word' id='word_1_101' title='bbox 1221 1811 1369 1879; x_wconf 82' lang='lat' dir='ltr'><strong>quae</strong></span> <span class='ocrx_word' id='word_1_102' title='bbox 1407 1786 1492 1855; x_wconf 88' lang='lat' dir='ltr'><strong>ab</strong></span> <span class='ocrx_word' id='word_1_103' title='bbox 1538 1788 1683 1881; x_wconf 92' lang='lat' dir='ltr'><strong>ipso</strong></span> <span class='ocrx_word' id='word_1_104' title='bbox 1731 1784 2167 1872; x_wconf 82' lang='lat' dir='ltr'><strong>tenebantur,</strong></span> <span class='ocrx_word' id='word_1_105' title='bbox 2208 1809 2400 1879; x_wconf 81' lang='lat' dir='ltr'><strong>aquae</strong></span> 
     </span>
     <span class='ocr_line' id='line_1_14' title="bbox 241 1892 2399 1985; baseline -0.002 -22"><span class='ocrx_word' id='word_1_106' title='bbox 241 1912 564 1984; x_wconf 67' lang='lat' dir='ltr'><strong>magnam</strong></span> <span class='ocrx_word' id='word_1_107' title='bbox 599 1893 734 1963; x_wconf 85' lang='lat' dir='ltr'><strong>vim</strong></span> <span class='ocrx_word' id='word_1_108' title='bbox 765 1918 847 1965; x_wconf 81' lang='lat' dir='ltr'><strong>ex</strong></span> <span class='ocrx_word' id='word_1_109' title='bbox 877 1896 1046 1963; x_wconf 87' lang='lat' dir='ltr'><strong>mari</strong></span> <span class='ocrx_word' id='word_1_110' title='bbox 1077 1894 1246 1965; x_wconf 81' lang='lat' dir='ltr'><strong>rotis</strong></span> <span class='ocrx_word' id='word_1_111' title='bbox 1275 1910 1354 1963; x_wconf 84' lang='lat' dir='ltr'><strong>ac</strong></span> <span class='ocrx_word' id='word_1_112' title='bbox 1381 1892 1981 1964; x_wconf 81' lang='lat' dir='ltr'><strong>machinationibus</strong></span> <span class='ocrx_word' id='word_1_113' title='bbox 2029 1892 2399 1985; x_wconf 81' lang='lat' dir='ltr'><strong>exprimere</strong></span> 
     </span>
     <span class='ocr_line' id='line_1_15' title="bbox 242 1997 2398 2095; baseline 0 -28"><span class='ocrx_word' id='word_1_114' title='bbox 242 1997 610 2071; x_wconf 66' lang='lat' dir='ltr'><strong>contendit.</strong></span> <span class='ocrx_word' id='word_1_115' title='bbox 643 2002 834 2070; x_wconf 84' lang='lat' dir='ltr'><strong>Hanc</strong></span> <span class='ocrx_word' id='word_1_116' title='bbox 863 1999 1024 2072; x_wconf 87' lang='lat' dir='ltr'><strong>locis</strong></span> <span class='ocrx_word' id='word_1_117' title='bbox 1046 1999 1501 2095; x_wconf 71' lang='lat' dir='ltr'><strong>superioribus</strong></span> <span class='ocrx_word' id='word_1_118' title='bbox 1514 1998 1535 2023; x_wconf 83' lang='lat'>²</span> <span class='ocrx_word' id='word_1_119' title='bbox 1562 1999 1841 2069; x_wconf 83' lang='lat' dir='ltr'><strong>fundere</strong></span> <span class='ocrx_word' id='word_1_120' title='bbox 1868 2000 1937 2067; x_wconf 90' lang='lat' dir='ltr'><strong>in</strong></span> <span class='ocrx_word' id='word_1_121' title='bbox 1964 2012 2223 2093; x_wconf 83' lang='lat' dir='ltr'><strong>partem</strong></span> <span class='ocrx_word' id='word_1_122' title='bbox 2252 1998 2398 2067; x_wconf 83' lang='lat' dir='ltr'><strong>Cae-</strong></span> 
     </span>
     <span class='ocr_line' id='line_1_16' title="bbox 240 2103 2398 2203; baseline 0.001 -32"><span class='ocrx_word' id='word_1_123' title='bbox 240 2104 412 2174; x_wconf 79' lang='lat' dir='ltr'><strong>saris</strong></span> <span class='ocrx_word' id='word_1_124' title='bbox 446 2127 590 2181; x_wconf 74' lang='lat' dir='ltr'><strong>vnon</strong></span> <span class='ocrx_word' id='word_1_125' title='bbox 624 2106 1138 2194; x_wconf 77' lang='lat' dir='ltr'><strong>intermittebat3</strong></span> <span class='ocrx_word' id='word_1_126' title='bbox 1167 2107 1603 2203; x_wconf 85' lang='lat' dir='ltr'><strong>quamobrem</strong></span> <span class='ocrx_word' id='word_1_127' title='bbox 1640 2106 1871 2189; x_wconf 81' lang='lat' dir='ltr'><strong>salsior</strong></span> <span class='ocrx_word' id='word_1_128' title='bbox 1904 2103 2129 2201; x_wconf 89' lang='lat' dir='ltr'><strong>paullo</strong></span> <span class='ocrx_word' id='word_1_129' title='bbox 2156 2119 2398 2198; x_wconf 83' lang='lat' dir='ltr'><strong>praeter</strong></span> 
     </span>
     <span class='ocr_line' id='line_1_17' title="bbox 241 2210 2396 2309; baseline 0.002 -34"><span class='ocrx_word' id='word_1_130' title='bbox 241 2210 800 2281; x_wconf 87' lang='lat' dir='ltr'><strong>consuetudinem</strong></span> <span class='ocrx_word' id='word_1_131' title='bbox 831 2238 1004 2307; x_wconf 84' lang='lat' dir='ltr'><strong>aqua</strong></span> <span class='ocrx_word' id='word_1_132' title='bbox 1036 2213 1425 2283; x_wconf 83' lang='lat' dir='ltr'><strong>trahebatur</strong></span> <span class='ocrx_word' id='word_1_133' title='bbox 1447 2239 1531 2282; x_wconf 84' lang='lat' dir='ltr'><strong>ex</strong></span> <span class='ocrx_word' id='word_1_134' title='bbox 1557 2214 1875 2309; x_wconf 82' lang='lat' dir='ltr'><strong>proximis</strong></span> <span class='ocrx_word' id='word_1_135' title='bbox 1902 2212 2228 2299; x_wconf 74' lang='lat' dir='ltr'><strong>aedificiis,</strong></span> <span class='ocrx_word' id='word_1_136' title='bbox 2255 2236 2396 2281; x_wconf 88' lang='lat' dir='ltr'><strong>ma-</strong></span> 
     </span>
     <span class='ocr_line' id='line_1_18' title="bbox 239 2318 2397 2439; baseline 0 -54"><span class='ocrx_word' id='word_1_137' title='bbox 239 2338 584 2410; x_wconf 78' lang='lat' dir='ltr'><strong>gnamque</strong></span> <span class='ocrx_word' id='word_1_138' title='bbox 628 2318 1009 2389; x_wconf 86' lang='lat' dir='ltr'><strong>hominibus</strong></span> <span class='ocrx_word' id='word_1_139' title='bbox 1066 2320 1579 2393; x_wconf 81' lang='lat' dir='ltr'><strong>admirationem</strong></span> <span class='ocrx_word' id='word_1_140' title='bbox 1634 2318 2020 2439; x_wconf 77' lang='lat' dir='ltr'><strong>praebebat,</strong></span> <span class='ocrx_word' id='word_1_141' title='bbox 2062 2341 2263 2411; x_wconf 84' lang='lat' dir='ltr'><strong>quam</strong></span> <span class='ocrx_word' id='word_1_142' title='bbox 2306 2318 2397 2386; x_wconf 91' lang='lat' dir='ltr'><strong>ob</strong></span> 
     </span>
     <span class='ocr_line' id='line_1_19' title="bbox 237 2424 2394 2522; baseline 0.001 -31"><span class='ocrx_word' id='word_1_143' title='bbox 237 2444 514 2494; x_wconf 80' lang='lat' dir='ltr'><strong>causam</strong></span> <span class='ocrx_word' id='word_1_144' title='bbox 547 2424 615 2494; x_wconf 88' lang='lat' dir='ltr'><strong>id</strong></span> <span class='ocrx_word' id='word_1_145' title='bbox 653 2426 1041 2499; x_wconf 80' lang='lat' dir='ltr'><strong>accidisset:</strong></span> <span class='ocrx_word' id='word_1_146' title='bbox 1077 2451 1203 2498; x_wconf 90' lang='lat' dir='ltr'><strong>nec</strong></span> <span class='ocrx_word' id='word_1_147' title='bbox 1237 2430 1394 2497; x_wconf 87' lang='lat' dir='ltr'><strong>satis</strong></span> <span class='ocrx_word' id='word_1_148' title='bbox 1431 2426 1608 2495; x_wconf 90' lang='lat' dir='ltr'><strong>sibi</strong></span> <span class='ocrx_word' id='word_1_149' title='bbox 1590 2428 1717 2522; x_wconf 79' lang='lat' dir='ltr'><strong>ipsi</strong></span> <span class='ocrx_word' id='word_1_150' title='bbox 1752 2424 2150 2509; x_wconf 80' lang='lat' dir='ltr'><strong>credebant,</strong></span> <span class='ocrx_word' id='word_1_151' title='bbox 2186 2448 2394 2518; x_wconf 92' lang='lat' dir='ltr'><strong>quum</strong></span> 
     </span>
     <span class='ocr_line' id='line_1_20' title="bbox 237 2519 2397 2628; baseline 0.001 -31"><span class='ocrx_word' id='word_1_152' title='bbox 237 2553 306 2598; x_wconf 88' lang='lat' dir='ltr'><strong>se</strong></span> <span class='ocrx_word' id='word_1_153' title='bbox 348 2519 738 2602; x_wconf 83' lang='lat' dir='ltr'><strong>inferiores³</strong></span> <span class='ocrx_word' id='word_1_154' title='bbox 783 2534 1080 2628; x_wconf 85' lang='lat' dir='ltr'><strong>ejusdem</strong></span> <span class='ocrx_word' id='word_1_155' title='bbox 1137 2537 1399 2628; x_wconf 88' lang='lat' dir='ltr'><strong>generis</strong></span> <span class='ocrx_word' id='word_1_156' title='bbox 1439 2559 1520 2602; x_wconf 88' lang='lat' dir='ltr'><strong>ac</strong></span> <span class='ocrx_word' id='word_1_157' title='bbox 1564 2534 1817 2628; x_wconf 87' lang='lat' dir='ltr'><strong>saporis</strong></span> <span class='ocrx_word' id='word_1_158' title='bbox 1876 2555 2049 2626; x_wconf 86' lang='lat' dir='ltr'><strong>aqua</strong></span> <span class='ocrx_word' id='word_1_159' title='bbox 2096 2530 2397 2599; x_wconf 87' lang='lat' dir='ltr'><strong>dicerent</strong></span> 
     </span>
     <span class='ocr_line' id='line_1_21' title="bbox 235 2636 2393 2734; baseline 0.002 -32"><span class='ocrx_word' id='word_1_160' title='bbox 235 2638 334 2704; x_wconf 81' lang='lat' dir='ltr'><strong>uti</strong></span> <span class='ocrx_word' id='word_1_161' title='bbox 359 2652 625 2732; x_wconf 85' lang='lat' dir='ltr'><strong>,atque</strong></span> <span class='ocrx_word' id='word_1_162' title='bbox 668 2655 826 2709; x_wconf 85' lang='lat' dir='ltr'><strong>ante</strong></span> <span class='ocrx_word' id='word_1_163' title='bbox 867 2654 1344 2714; x_wconf 72' lang='lat' dir='ltr'><strong>consuessent.</strong></span> <span class='ocrx_word' id='word_1_164' title='bbox 1377 2639 1714 2734; x_wconf 82' lang='lat' dir='ltr'><strong>vulgoque</strong></span> <span class='ocrx_word' id='word_1_165' title='bbox 1764 2640 1936 2708; x_wconf 88' lang='lat' dir='ltr'><strong>inter</strong></span> <span class='ocrx_word' id='word_1_166' title='bbox 1962 2663 2047 2707; x_wconf 91' lang='lat' dir='ltr'><strong>se</strong></span> <span class='ocrx_word' id='word_1_167' title='bbox 2074 2636 2393 2706; x_wconf 77' lang='lat' dir='ltr'><strong>=confere—</strong></span> 
     </span>
     <span class='ocr_line' id='line_1_22' title="bbox 231 2740 2392 2844; baseline 0.001 -35"><span class='ocrx_word' id='word_1_168' title='bbox 231 2740 432 2831; x_wconf 88' lang='lat' dir='ltr'><strong>bant,</strong></span> <span class='ocrx_word' id='word_1_169' title='bbox 479 2759 547 2812; x_wconf 90' lang='lat' dir='ltr'><strong>et</strong></span> <span class='ocrx_word' id='word_1_170' title='bbox 582 2745 1032 2844; x_wconf 83' lang='lat' dir='ltr'><strong>degustandO,</strong></span> <span class='ocrx_word' id='word_1_171' title='bbox 1076 2761 1400 2843; x_wconf 73' lang='lat' dir='ltr'><strong>quantum</strong></span> <span class='ocrx_word' id='word_1_172' title='bbox 1441 2749 1617 2816; x_wconf 85' lang='lat' dir='ltr'><strong>inter</strong></span> <span class='ocrx_word' id='word_1_173' title='bbox 1654 2769 1723 2814; x_wconf 90' lang='lat' dir='ltr'><strong>se</strong></span> <span class='ocrx_word' id='word_1_174' title='bbox 1768 2743 2117 2834; x_wconf 71' lang='lat' dir='ltr'><strong>differrent</strong></span> <span class='ocrx_word' id='word_1_175' title='bbox 2160 2767 2347 2838; x_wconf 85' lang='lat' dir='ltr'><strong>aquae</strong></span> <span class='ocrx_word' id='word_1_176' title='bbox 2373 2798 2392 2831; x_wconf 93' lang='lat'><strong>,</strong></span> 
     </span>
     <span class='ocr_line' id='line_1_23' title="bbox 232 2836 2392 2948; baseline 0 -30"><span class='ocrx_word' id='word_1_177' title='bbox 232 2852 753 2944; x_wconf 72' lang='lat' dir='ltr'><strong>cognoscebant.</strong></span> <span class='ocrx_word' id='word_1_178' title='bbox 795 2857 1011 2924; x_wconf 87' lang='lat' dir='ltr'><strong>Parvo</strong></span> <span class='ocrx_word' id='word_1_179' title='bbox 1057 2879 1219 2924; x_wconf 89' lang='lat' dir='ltr'><strong>vero</strong></span> <span class='ocrx_word' id='word_1_180' title='bbox 1260 2856 1580 2948; x_wconf 87' lang='lat' dir='ltr'><strong>temporis</strong></span> <span class='ocrx_word' id='word_1_181' title='bbox 1624 2853 1875 2948; x_wconf 80' lang='lat' dir='ltr'><strong>spatio,</strong></span> <span class='ocrx_word' id='word_1_182' title='bbox 1898 2851 2050 2946; x_wconf 34' lang='lat' dir='ltr'><strong>&#39;haec</strong></span> <span class='ocrx_word' id='word_1_183' title='bbox 2078 2836 2392 2945; x_wconf 74' lang='lat' dir='ltr'><strong>propior⁴</strong></span> 
     </span>
     <span class='ocr_line' id='line_1_24' title="bbox 229 2955 2389 3056; baseline 0.001 -33"><span class='ocrx_word' id='word_1_184' title='bbox 229 2955 376 3024; x_wconf 83' lang='lat' dir='ltr'><strong>bibi</strong></span> <span class='ocrx_word' id='word_1_185' title='bbox 401 2961 681 3028; x_wconf 86' lang='lat' dir='ltr'><strong>omnino</strong></span> <span class='ocrx_word' id='word_1_186' title='bbox 707 2985 844 3029; x_wconf 79' lang='lat' dir='ltr'><strong>non</strong></span> <span class='ocrx_word' id='word_1_187' title='bbox 883 2975 1176 3056; x_wconf 80' lang='lat' dir='ltr'><strong>poterat3</strong></span> <span class='ocrx_word' id='word_1_188' title='bbox 1207 2959 1320 3029; x_wconf 88' lang='lat' dir='ltr'><strong>illa</strong></span> <span class='ocrx_word' id='word_1_189' title='bbox 1354 2960 1633 3031; x_wconf 82' lang='lat' dir='ltr'><strong>inferior</strong></span> <span class='ocrx_word' id='word_1_190' title='bbox 1666 2959 2050 3052; x_wconf 84' lang='lat' dir='ltr'><strong>corruptior</strong></span> <span class='ocrx_word' id='word_1_191' title='bbox 2077 2957 2219 3050; x_wconf 82' lang='lat' dir='ltr'><strong>jam</strong></span> <span class='ocrx_word' id='word_1_192' title='bbox 2256 2956 2389 3027; x_wconf 89' lang='lat' dir='ltr'><strong>sal-</strong></span> 
     </span>
     <span class='ocr_line' id='line_1_25' title="bbox 231 3064 1018 3161; baseline 0.006 -30"><span class='ocrx_word' id='word_1_193' title='bbox 231 3064 505 3158; x_wconf 87' lang='lat' dir='ltr'><strong>siorque</strong></span> <span class='ocrx_word' id='word_1_194' title='bbox 545 3068 1018 3161; x_wconf 86' lang='lat' dir='ltr'><strong>reperiebatur.</strong></span> 
     </span>
    </p>

    <p class='ocr_par' dir='ltr' id='par_1_4' title="bbox 235 3223 2390 3380">
     <span class='ocr_line' id='line_1_26' title="bbox 317 3223 2390 3294; baseline 0 -14"><span class='ocrx_word' id='word_1_195' title='bbox 317 3247 372 3282; x_wconf 75' lang='lat'><strong>2.</strong></span> <span class='ocrx_word' id='word_1_196' title='bbox 395 3224 586 3282; x_wconf 81' lang='lat' dir='ltr'><strong>Plebes.</strong></span> <span class='ocrx_word' id='word_1_197' title='bbox 609 3227 695 3282; x_wconf 87' lang='lat' dir='ltr'><strong>Sic</strong></span> <span class='ocrx_word' id='word_1_198' title='bbox 717 3223 972 3294; x_wconf 87' lang='lat' dir='ltr'><strong>codd.,ut</strong></span> <span class='ocrx_word' id='word_1_199' title='bbox 1001 3229 1062 3282; x_wconf 89' lang='grc' dir='ltr'><strong>Β.</strong></span> <span class='ocrx_word' id='word_1_200' title='bbox 1087 3227 1177 3292; x_wconf 65' lang='lat' dir='ltr'><strong>G„</strong></span> <span class='ocrx_word' id='word_1_201' title='bbox 1195 3245 1274 3293; x_wconf 79' lang='lat' dir='ltr'><strong>vr,</strong></span> <span class='ocrx_word' id='word_1_202' title='bbox 1362 3249 1500 3282; x_wconf 80' lang='lat' dir='ltr'><strong>mere.</strong></span> <span class='ocrx_word' id='word_1_203' title='bbox 1530 3227 1766 3294; x_wconf 80' lang='lat' dir='ltr'><strong>Scilicet,</strong></span> <span class='ocrx_word' id='word_1_204' title='bbox 1786 3227 1915 3280; x_wconf 88' lang='lat' dir='ltr'><strong>inde</strong></span> <span class='ocrx_word' id='word_1_205' title='bbox 1938 3229 2007 3280; x_wconf 79' lang='lat' dir='ltr'><strong>ab</strong></span> <span class='ocrx_word' id='word_1_206' title='bbox 2034 3245 2101 3280; x_wconf 86' lang='lat' dir='ltr'><strong>eo</strong></span> <span class='ocrx_word' id='word_1_207' title='bbox 2128 3228 2390 3294; x_wconf 81' lang='lat' dir='ltr'><strong>loco,ubi</strong></span> 
     </span>
     <span class='ocr_line' id='line_1_27' title="bbox 235 3299 2389 3380; baseline -0.001 -18"><span class='ocrx_word' id='word_1_208' title='bbox 235 3307 331 3364; x_wconf 80' lang='lat'><strong>1&#39;3.</strong></span> <span class='ocrx_word' id='word_1_209' title='bbox 365 3309 630 3361; x_wconf 87' lang='lat' dir='ltr'><strong>Nonnulli</strong></span> <span class='ocrx_word' id='word_1_210' title='bbox 655 3323 833 3361; x_wconf 85' lang='lat' dir='ltr'><strong>tamen</strong></span> <span class='ocrx_word' id='word_1_211' title='bbox 859 3309 1062 3362; x_wconf 86' lang='lat' dir='ltr'><strong>habent</strong></span> <span class='ocrx_word' id='word_1_212' title='bbox 1082 3308 1239 3380; x_wconf 78' lang='lat' dir='ltr'><strong>plebs.</strong></span> <span class='ocrx_word' id='word_1_213' title='bbox 1359 3327 1527 3380; x_wconf 87' lang='lat' dir='ltr'><strong>opera</strong></span> <span class='ocrx_word' id='word_1_214' title='bbox 1558 3307 1855 3361; x_wconf 63' lang='lat' dir='ltr'><strong>obdu‘xerat</strong></span> <span class='ocrx_word' id='word_1_215' title='bbox 1896 3309 1952 3360; x_wconf 86' lang='lat' dir='ltr'><strong>in</strong></span> <span class='ocrx_word' id='word_1_216' title='bbox 1986 3299 2263 3380; x_wconf 82' lang='lat' dir='ltr'><strong>specubus.</strong></span> <span class='ocrx_word' id='word_1_217' title='bbox 2302 3307 2389 3360; x_wconf 84' lang='lat' dir='ltr'><strong>sic</strong></span> 
     </span>
    </p>

    <p class='ocr_par' dir='ltr' id='par_1_5' title="bbox 231 3386 2388 3620">
     <span class='ocr_line' id='line_1_28' title="bbox 316 3386 2388 3460; baseline -0.001 -17"><span class='ocrx_word' id='word_1_218' title='bbox 316 3391 372 3443; x_wconf 88' lang='grc'><strong>3.</strong></span> <span class='ocrx_word' id='word_1_219' title='bbox 417 3389 606 3441; x_wconf 80' lang='lat' dir='ltr'><strong>Puteis.</strong></span> <span class='ocrx_word' id='word_1_220' title='bbox 649 3388 934 3454; x_wconf 78' lang='lat' dir='ltr'><strong>Cisternis,</strong></span> <span class='ocrx_word' id='word_1_221' title='bbox 971 3389 1028 3441; x_wconf 87' lang='lat' dir='ltr'><strong>in</strong></span> <span class='ocrx_word' id='word_1_222' title='bbox 1065 3407 1196 3458; x_wconf 80' lang='lat' dir='ltr'><strong>quas</strong></span> <span class='ocrx_word' id='word_1_223' title='bbox 1241 3407 1272 3440; x_wconf 89' lang='lat' dir='ltr'><strong>e</strong></span> <span class='ocrx_word' id='word_1_224' title='bbox 1357 3389 1512 3460; x_wconf 80' lang='lat' dir='ltr'><strong>prior</strong></span> <span class='ocrx_word' id='word_1_225' title='bbox 1554 3407 1679 3460; x_wconf 81' lang='lat' dir='ltr'><strong>pars</strong></span> <span class='ocrx_word' id='word_1_226' title='bbox 1716 3405 1901 3459; x_wconf 80' lang='lat' dir='ltr'><strong>specus</strong></span> <span class='ocrx_word' id='word_1_227' title='bbox 1937 3405 2129 3459; x_wconf 76' lang='lat' dir='ltr'><strong>aquam</strong></span> <span class='ocrx_word' id='word_1_228' title='bbox 2160 3386 2388 3458; x_wconf 76' lang='lat' dir='ltr'><strong>depura-</strong></span> 
     </span>
     <span class='ocr_line' id='line_1_29' title="bbox 231 3467 2388 3542; baseline -0.001 -20"><span class='ocrx_word' id='word_1_229' title='bbox 231 3470 501 3542; x_wconf 72' lang='lat' dir='ltr'><strong>specubus</strong></span> <span class='ocrx_word' id='word_1_230' title='bbox 532 3467 753 3521; x_wconf 84' lang='lat' dir='ltr'><strong>defluxit</strong></span> <span class='ocrx_word' id='word_1_231' title='bbox 799 3488 934 3540; x_wconf 87' lang='lat' dir='ltr'><strong>aqua</strong></span> <span class='ocrx_word' id='word_1_232' title='bbox 967 3469 1099 3520; x_wconf 89' lang='lat' dir='ltr'><strong>limo</strong></span> <span class='ocrx_word' id='word_1_233' title='bbox 1135 3486 1268 3540; x_wconf 85' lang='lat' dir='ltr'><strong>pur·</strong></span> <span class='ocrx_word' id='word_1_234' title='bbox 1357 3481 1466 3521; x_wconf 78' lang='lat' dir='ltr'><strong>tam</strong></span> <span class='ocrx_word' id='word_1_235' title='bbox 1487 3467 1675 3534; x_wconf 85' lang='lat' dir='ltr'><strong>habet,</strong></span> <span class='ocrx_word' id='word_1_236' title='bbox 1694 3469 1959 3540; x_wconf 82' lang='lat' dir='ltr'><strong>posterior</strong></span> <span class='ocrx_word' id='word_1_237' title='bbox 1976 3486 2127 3520; x_wconf 85' lang='lat' dir='ltr'><strong>nunc</strong></span> <span class='ocrx_word' id='word_1_238' title='bbox 2144 3469 2388 3542; x_wconf 80' lang='lat' dir='ltr'><strong>repletur</strong></span> 
     </span>
     <span class='ocr_line' id='line_1_30' title="bbox 232 3547 1915 3620; baseline -0.002 -18"><span class='ocrx_word' id='word_1_239' title='bbox 232 3563 388 3620; x_wconf 83' lang='lat' dir='ltr'><strong>gata,</strong></span> <span class='ocrx_word' id='word_1_240' title='bbox 409 3561 473 3601; x_wconf 86' lang='lat' dir='ltr'><strong>ut</strong></span> <span class='ocrx_word' id='word_1_241' title='bbox 500 3550 556 3601; x_wconf 88' lang='lat' dir='ltr'><strong>in</strong></span> <span class='ocrx_word' id='word_1_242' title='bbox 591 3548 655 3602; x_wconf 87' lang='lat' dir='ltr'><strong>iis</strong></span> <span class='ocrx_word' id='word_1_243' title='bbox 686 3561 1002 3601; x_wconf 80' lang='lat' dir='ltr'><strong>servaretur.</strong></span> <span class='ocrx_word' id='word_1_244' title='bbox 1025 3547 1106 3601; x_wconf 84' lang='lat' dir='ltr'><strong>M.</strong></span> <span class='ocrx_word' id='word_1_245' title='bbox 1354 3548 1563 3601; x_wconf 81' lang='lat' dir='ltr'><strong>marina</strong></span> <span class='ocrx_word' id='word_1_246' title='bbox 1590 3549 1821 3620; x_wconf 84' lang='lat' dir='ltr'><strong>impura.</strong></span> <span class='ocrx_word' id='word_1_247' title='bbox 1839 3548 1915 3599; x_wconf 83' lang='lat' dir='ltr'><strong>M.</strong></span> 
     </span>
    </p>
   </div>
   <div class='ocr_carea' id='block_1_3' title="bbox 315 3617 2387 3714">
    <p class='ocr_par' dir='ltr' id='par_1_6' title="bbox 315 3617 2387 3714">
     <span class='ocr_line' id='line_1_31' title="bbox 315 3617 2387 3714; baseline -0.001 -31"><span class='ocrx_word' id='word_1_248' title='bbox 315 3629 450 3683; x_wconf 68' lang='lat' dir='ltr'><strong>Cn.</strong></span> <span class='ocrx_word' id='word_1_249' title='bbox 479 3619 590 3682; x_wconf 80' lang='lat' dir='ltr'><strong>vl.</strong></span> <span class='ocrx_word' id='word_1_250' title='bbox 615 3647 665 3682; x_wconf 87' lang='lat'><strong>1.</strong></span> <span class='ocrx_word' id='word_1_251' title='bbox 684 3627 932 3681; x_wconf 70' lang='lat' dir='ltr'><strong>Exclusis.</strong></span> <span class='ocrx_word' id='word_1_252' title='bbox 957 3627 1062 3681; x_wconf 84' lang='lat' dir='ltr'><strong>Eas</strong></span> <span class='ocrx_word' id='word_1_253' title='bbox 1091 3640 1267 3714; x_wconf 82' lang='lat' dir='ltr'><strong>partes</strong></span> <span class='ocrx_word' id='word_1_254' title='bbox 1437 3647 1492 3681; x_wconf 75' lang='lat' dir='ltr'><strong>a.</strong></span> <span class='ocrx_word' id='word_1_255' title='bbox 1539 3628 1681 3680; x_wconf 83' lang='lat' dir='ltr'><strong>Locis</strong></span> <span class='ocrx_word' id='word_1_256' title='bbox 1718 3617 2037 3700; x_wconf 61' lang='lat' dir='ltr'><strong>superior-ihm</strong></span> <span class='ocrx_word' id='word_1_257' title='bbox 2062 3624 2239 3694; x_wconf 78' lang='lat' dir='ltr'><strong>urbis,</strong></span> <span class='ocrx_word' id='word_1_258' title='bbox 2270 3639 2387 3698; x_wconf 69' lang='lat' dir='ltr'><strong>quae</strong></span> 
     </span>
    </p>
   </div>
   <div class='ocr_carea' id='block_1_4' title="bbox 229 3705 2385 3858">
    <p class='ocr_par' dir='ltr' id='par_1_7' title="bbox 229 3705 2385 3858">
     <span class='ocr_line' id='line_1_32' title="bbox 229 3705 2385 3782; baseline -0 -21"><span class='ocrx_word' id='word_1_259' title='bbox 229 3709 402 3778; x_wconf 83' lang='lat' dir='ltr'><strong>urbis,</strong></span> <span class='ocrx_word' id='word_1_260' title='bbox 421 3728 550 3780; x_wconf 87' lang='lat' dir='ltr'><strong>quas</strong></span> <span class='ocrx_word' id='word_1_261' title='bbox 575 3709 687 3782; x_wconf 89' lang='lat' dir='ltr'><strong>ipse</strong></span> <span class='ocrx_word' id='word_1_262' title='bbox 701 3719 872 3776; x_wconf 88' lang='lat' dir='ltr'><strong>tenet,</strong></span> <span class='ocrx_word' id='word_1_263' title='bbox 885 3705 1131 3760; x_wconf 85' lang='lat' dir='ltr'><strong>obductis</strong></span> <span class='ocrx_word' id='word_1_264' title='bbox 1142 3710 1267 3780; x_wconf 85' lang='lat' dir='ltr'><strong>ope&#39;-</strong></span> <span class='ocrx_word' id='word_1_265' title='bbox 1349 3707 1606 3778; x_wconf 80' lang='lat' dir='ltr'><strong>propiora</strong></span> <span class='ocrx_word' id='word_1_266' title='bbox 1630 3709 1764 3759; x_wconf 82' lang='lat' dir='ltr'><strong>mari</strong></span> <span class='ocrx_word' id='word_1_267' title='bbox 1788 3719 1968 3771; x_wconf 80' lang='lat' dir='ltr'><strong>erant;</strong></span> <span class='ocrx_word' id='word_1_268' title='bbox 1994 3707 2079 3758; x_wconf 77' lang='lat' dir='ltr'><strong>vel</strong></span> <span class='ocrx_word' id='word_1_269' title='bbox 2097 3705 2301 3778; x_wconf 79' lang='lat' dir='ltr'><strong>potius,</strong></span> <span class='ocrx_word' id='word_1_270' title='bbox 2320 3725 2385 3760; x_wconf 83' lang='lat' dir='ltr'><strong>ex</strong></span> 
     </span>
     <span class='ocr_line' id='line_1_33' title="bbox 231 3785 2385 3858; baseline -0.001 -18"><span class='ocrx_word' id='word_1_271' title='bbox 231 3789 386 3842; x_wconf 80' lang='lat' dir='ltr'><strong>ribus</strong></span> <span class='ocrx_word' id='word_1_272' title='bbox 419 3788 775 3842; x_wconf 75' lang='lat' dir='ltr'><strong>subterraneis</strong></span> <span class='ocrx_word' id='word_1_273' title='bbox 806 3785 1067 3852; x_wconf 88' lang='lat' dir='ltr'><strong>excludit,</strong></span> <span class='ocrx_word' id='word_1_274' title='bbox 1099 3799 1152 3840; x_wconf 85' lang='lat' dir='ltr'><strong>et</strong></span> <span class='ocrx_word' id='word_1_275' title='bbox 1182 3807 1262 3840; x_wconf 85' lang='lat' dir='ltr'><strong>se·</strong></span> <span class='ocrx_word' id='word_1_276' title='bbox 1349 3789 1456 3840; x_wconf 79' lang='lat' dir='ltr'><strong>alto</strong></span> <span class='ocrx_word' id='word_1_277' title='bbox 1471 3785 1822 3840; x_wconf 78' lang='lat' dir='ltr'><strong>oediflciorum</strong></span> <span class='ocrx_word' id='word_1_278' title='bbox 1842 3787 2099 3848; x_wconf 71' lang='lat' dir='ltr'><strong>culmine,</strong></span> <span class='ocrx_word' id='word_1_279' title='bbox 2120 3786 2269 3858; x_wconf 85' lang='lat' dir='ltr'><strong>quod</strong></span> <span class='ocrx_word' id='word_1_280' title='bbox 2286 3805 2385 3838; x_wconf 65' lang='grc' dir='ltr'><strong>οω-</strong></span> 
     </span>
    </p>
   </div>
   <div class='ocr_carea' id='block_1_5' title="bbox 224 3863 2387 4338">
    <p class='ocr_par' dir='ltr' id='par_1_8' title="bbox 224 3863 2387 4300">
     <span class='ocr_line' id='line_1_34' title="bbox 228 3863 2385 3942; baseline -0 -22"><span class='ocrx_word' id='word_1_281' title='bbox 228 3883 384 3940; x_wconf 79' lang='lat' dir='ltr'><strong>parat</strong></span> <span class='ocrx_word' id='word_1_282' title='bbox 415 3870 483 3920; x_wconf 84' lang='lat' dir='ltr'><strong>ab</strong></span> <span class='ocrx_word' id='word_1_283' title='bbox 514 3869 602 3922; x_wconf 84' lang='lat' dir='ltr'><strong>illa</strong></span> <span class='ocrx_word' id='word_1_284' title='bbox 631 3881 783 3941; x_wconf 86' lang='lat' dir='ltr'><strong>parte</strong></span> <span class='ocrx_word' id='word_1_285' title='bbox 801 3906 819 3934; x_wconf 89' lang='lat'><strong>,</strong></span> <span class='ocrx_word' id='word_1_286' title='bbox 841 3870 899 3920; x_wconf 90' lang='lat' dir='ltr'><strong>in</strong></span> <span class='ocrx_word' id='word_1_287' title='bbox 941 3887 1045 3940; x_wconf 83' lang='lat' dir='ltr'><strong>qua</strong></span> <span class='ocrx_word' id='word_1_288' title='bbox 1085 3867 1262 3921; x_wconf 75' lang='lat' dir='ltr'><strong>Caesar</strong></span> <span class='ocrx_word' id='word_1_289' title='bbox 1347 3868 1568 3921; x_wconf 79' lang='lat' dir='ltr'><strong>sarianis</strong></span> <span class='ocrx_word' id='word_1_290' title='bbox 1600 3867 1843 3942; x_wconf 83' lang='lat' dir='ltr'><strong>partibus</strong></span> <span class='ocrx_word' id='word_1_291' title='bbox 1882 3863 2385 3919; x_wconf 74' lang='lat' dir='ltr'><strong>dominabatur.—</strong></span> 
     </span>
     <span class='ocr_line' id='line_1_35' title="bbox 229 3945 2387 4021; baseline -0.002 -21"><span class='ocrx_word' id='word_1_292' title='bbox 229 3962 308 4001; x_wconf 83' lang='lat' dir='ltr'><strong>est</strong></span> <span class='ocrx_word' id='word_1_293' title='bbox 322 3987 338 4014; x_wconf 93' lang='lat'><strong>,</strong></span> <span class='ocrx_word' id='word_1_294' title='bbox 352 3967 424 4001; x_wconf 90' lang='lat' dir='ltr'><strong>ne</strong></span> <span class='ocrx_word' id='word_1_295' title='bbox 443 3967 474 4002; x_wconf 90' lang='lat' dir='ltr'><strong>e</strong></span> <span class='ocrx_word' id='word_1_296' title='bbox 490 3961 643 4021; x_wconf 87' lang='lat' dir='ltr'><strong>parte</strong></span> <span class='ocrx_word' id='word_1_297' title='bbox 663 3948 992 4020; x_wconf 85' lang='lat' dir='ltr'><strong>Ganymedis</strong></span> <span class='ocrx_word' id='word_1_298' title='bbox 1010 3965 1144 4018; x_wconf 87' lang='lat' dir='ltr'><strong>aqua</strong></span> <span class='ocrx_word' id='word_1_299' title='bbox 1163 3965 1262 4018; x_wconf 84' lang='lat' dir='ltr'><strong>per</strong></span> <span class='ocrx_word' id='word_1_300' title='bbox 1347 3947 1625 4016; x_wconf 73' lang='lat' dir='ltr'><strong>Infit-iores.</strong></span> <span class='ocrx_word' id='word_1_301' title='bbox 1653 3945 1922 4000; x_wconf 85' lang='lat' dir='ltr'><strong>Videlicet</strong></span> <span class='ocrx_word' id='word_1_302' title='bbox 1934 3946 2060 4017; x_wconf 85' lang='lat' dir='ltr'><strong>,qui</strong></span> <span class='ocrx_word' id='word_1_303' title='bbox 2084 3947 2387 3999; x_wconf 81' lang='lat' dir='ltr'><strong>incolebant</strong></span> 
     </span>
     <span class='ocr_line' id='line_1_36' title="bbox 227 4023 2092 4102; baseline -0.001 -22"><span class='ocrx_word' id='word_1_304' title='bbox 227 4047 418 4100; x_wconf 81' lang='lat' dir='ltr'><strong>specus</strong></span> <span class='ocrx_word' id='word_1_305' title='bbox 445 4023 576 4082; x_wconf 82' lang='lat' dir='ltr'><strong>fluat</strong></span> <span class='ocrx_word' id='word_1_306' title='bbox 591 4029 658 4090; x_wconf 63' lang='lat' dir='ltr'><strong>,in</strong></span> <span class='ocrx_word' id='word_1_307' title='bbox 683 4042 891 4102; x_wconf 85' lang='lat' dir='ltr'><strong>partem</strong></span> <span class='ocrx_word' id='word_1_308' title='bbox 915 4026 1152 4084; x_wconf 82' lang='lat' dir='ltr'><strong>Caesaris.</strong></span> <span class='ocrx_word' id='word_1_309' title='bbox 1173 4027 1261 4080; x_wconf 76' lang='lat' dir='ltr'><strong>Sic</strong></span> <span class='ocrx_word' id='word_1_310' title='bbox 1346 4028 1657 4082; x_wconf 83' lang='lat' dir='ltr'><strong>inferiorem</strong></span> <span class='ocrx_word' id='word_1_311' title='bbox 1696 4039 1903 4099; x_wconf 83' lang='lat' dir='ltr'><strong>partem</strong></span> <span class='ocrx_word' id='word_1_312' title='bbox 1924 4027 2092 4080; x_wconf 87' lang='lat' dir='ltr'><strong>urbis.</strong></span> 
     </span>
     <span class='ocr_line' id='line_1_37' title="bbox 224 4105 2382 4181; baseline -0 -21"><span class='ocrx_word' id='word_1_313' title='bbox 224 4110 390 4178; x_wconf 81' lang='lat' dir='ltr'><strong>paulo</strong></span> <span class='ocrx_word' id='word_1_314' title='bbox 407 4123 546 4176; x_wconf 88' lang='lat' dir='ltr'><strong>ante,</strong></span> <span class='ocrx_word' id='word_1_315' title='bbox 557 4129 602 4164; x_wconf 91' lang='lat' dir='ltr'><strong>c.</strong></span> <span class='ocrx_word' id='word_1_316' title='bbox 627 4127 677 4176; x_wconf 86' lang='lat'><strong>1,</strong></span> <span class='ocrx_word' id='word_1_317' title='bbox 685 4121 874 4181; x_wconf 82' lang='lat' dir='ltr'><strong>partem</strong></span> <span class='ocrx_word' id='word_1_318' title='bbox 889 4127 1031 4161; x_wconf 80' lang='lat' dir='ltr'><strong>unam</strong></span> <span class='ocrx_word' id='word_1_319' title='bbox 1044 4107 1261 4180; x_wconf 76' lang='lat' dir='ltr'><strong>operibus</strong></span> <span class='ocrx_word' id='word_1_320' title='bbox 1433 4107 1488 4162; x_wconf 82' lang='lat'><strong>3.</strong></span> <span class='ocrx_word' id='word_1_321' title='bbox 1527 4109 1753 4180; x_wconf 80' lang='lat' dir='ltr'><strong>Propior.</strong></span> <span class='ocrx_word' id='word_1_322' title='bbox 1792 4105 1988 4161; x_wconf 70' lang='lat' dir='ltr'><strong>Caesari</strong></span> <span class='ocrx_word' id='word_1_323' title='bbox 2004 4147 2019 4173; x_wconf 93' lang='lat'><strong>,</strong></span> <span class='ocrx_word' id='word_1_324' title='bbox 2052 4107 2109 4159; x_wconf 88' lang='lat' dir='ltr'><strong>in</strong></span> <span class='ocrx_word' id='word_1_325' title='bbox 2142 4107 2382 4180; x_wconf 83' lang='lat' dir='ltr'><strong>superio-</strong></span> 
     </span>
     <span class='ocr_line' id='line_1_38' title="bbox 225 4187 2007 4300; baseline 0 -60"><span class='ocrx_word' id='word_1_326' title='bbox 225 4189 476 4242; x_wconf 62' lang='lat' dir='ltr'><strong>escheden</strong></span> <span class='ocrx_word' id='word_1_327' title='bbox 501 4191 566 4242; x_wconf 84' lang='lat' dir='ltr'><strong>ab</strong></span> <span class='ocrx_word' id='word_1_328' title='bbox 590 4191 707 4267; x_wconf 61' lang='lat' dir='ltr'><strong>qlia.</strong></span> <span class='ocrx_word' id='word_1_329' title='bbox 746 4223 828 4234; x_wconf 88' lang='lat'><strong>-—</strong></span> <span class='ocrx_word' id='word_1_330' title='bbox 862 4189 1062 4260; x_wconf 52' lang='lat' dir='ltr'><strong>‘Aquam</strong></span> <span class='ocrx_word' id='word_1_331' title='bbox 1099 4192 1260 4259; x_wconf 72' lang='lat' dir='ltr'><strong>expe-1·—</strong></span> <span class='ocrx_word' id='word_1_332' title='bbox 1347 4187 1500 4242; x_wconf 78' lang='lat' dir='ltr'><strong>ribus</strong></span> <span class='ocrx_word' id='word_1_333' title='bbox 1528 4189 1675 4244; x_wconf 80' lang='lat' dir='ltr'><strong>locis.</strong></span> <span class='ocrx_word' id='word_1_334' title='bbox 1708 4189 1787 4243; x_wconf 88' lang='grc' dir='ltr'><strong>Μ.</strong></span> <span class='ocrx_word' id='word_1_335' title='bbox 1981 4255 2007 4300; x_wconf 54' lang='lat'>⁴</span> 
     </span>
    </p>

    <p class='ocr_par' dir='ltr' id='par_1_9' title="bbox 666 4267 1959 4338">
     <span class='ocr_line' id='line_1_39' title="bbox 666 4267 1959 4338; baseline -0.002 1"><span class='ocrx_word' id='word_1_336' title='bbox 666 4305 670 4310; x_wconf 85' lang='lat'><em>-</em></span> <span class='ocrx_word' id='word_1_337' title='bbox 1861 4294 1901 4338; x_wconf 69' lang='grc' dir='ltr'>α</span> <span class='ocrx_word' id='word_1_338' title='bbox 1916 4267 1959 4337; x_wconf 85' lang='lat'>3</span> 
     </span>
    </p>
   </div>
  </div>
 </body>
</html>
