3025 5025
593 490 695 580 46
817 462 956 564 c,
1013 469 1825 563 'JULIICAESARIS
1880 488 2437 561 COMMENT.
2506 558 2513 563 ,

591 627 686 695 nii
739 627 1114 723 digressuS,
1164 626 1250 696 ad
1303 628 1698 720 Pompeium
1764 625 2229 757 proficiscitur.
2301 618 2559 691 Paullo
2588 632 2755 738 post

592 737 963 823 renuntiat,
1009 764 1044 800 «
1079 734 1259 829 quod
1297 732 1602 803 consules
1636 718 1893 802 absint⁶
1898 733 2081 820 ‚sine
2116 730 2240 799 illis
2282 728 2367 797 de
2408 728 2751 821 composi·

590 844 773 911 tione
815 844 923 938 agi
957 866 1094 911 non
1150 864 1440 935 posse.»
1487 842 1595 909 Ita
1644 840 1882 935 saepius
1936 861 2078 908 rem
2131 837 2379 906 frustra
2416 847 2753 903 tentatam

595 950 820 1017 Caesar
866 947 1224 1043 aliquando
1295 946 1755 1017 dimittendam
1810 944 1934 1015 sibi
1980 945 2237 1039 judicat
2254 982 2281 1032 ,·
2316 956 2387 1012 et
2434 941 2519 1009 de
2570 938 2754 1009 bello

588 1053 940 1149 agendum.

699 1163 992 1232 XXVII.
1049 1165 1268 1255 Prope
1311 1158 1583 1229 dimidia
1610 1174 1803 1253 parte
1844 1158 2063 1252 operis
2096 1180 2137 1224 a
2174 1158 2437 1226 Caesare·
2474 1154 2757 1242 effecta,

593 1266 959 1361 diebusque
999 1270 1070 1337 in
1110 1292 1189 1337 ea
1225 1292 1298 1335 re
1331 1268 1743 1361 consumptis
1786 1268 1891 1333 IX
1921 1318 1940 1351 ,
1984 1286 2223 1349 naves,
2264 1287 2305 1330 a
2364 1256 2755 1332 consulibus

592 1374 1019 1467 Dyrrhachio
1039 1376 1358 1460 remissae,
1379 1398 1527 1467 quae
1552 1367 1844 1465 priorem
1874 1385 2134 1464 partem
2166 1370 2494 1438 exercitus
2522 1392 2607 1436 eo
2634 1367 2753 1435 de·

593 1494 1058 1573 portaverant,
1079 1478 1504 1549 Brundisium
1538 1492 1985 1547 revertuntur.
2016 1476 2401 1569 PompeiuS‚
2422 1478 2561 1543 sive
2590 1498 2756 1568 ope-

590 1585 778 1655 ribus
801 1589 1082 1656 Caesaris
1106 1600 1482 1681 perlnotuS‚
1511 1586 1648 1654 sive
1666 1586 1870 1654 'etiam
1899 1581 2081 1677 quod
2100 1582 2184 1649 ab
2213 1582 2403 1650 initio
2420 1578 2614 1649 Italia
2636 1602 2756 1648 ex-

593 1692 831 1761 cedere
855 1695 1321 1780 constituerat‚
1346 1692 1640 1761 adventu
1672 1692 1941 1759 navium
1972 1688 2455 1785 profectionem
2472 1686 2492 1711 *
2512 1711 2759 1783 parare

595 1912 710 1963 rior
750 1908 1008 1982 loquendi
1060 1910 1288 1963 formula
1304 1948 1320 1974 ‚
1351 1926 1454 1980 pro
1502 1910 1634 1961 illius

597 2010 743 2042 suasu
758 2029 773 2051 ,
808 2002 952 2062 atque
969 2010 1130 2061 opera.
1155 1991 1238 2043 Ita
1257 1988 1470 2041 Cornel.
1492 1988 1630 2061 Nep.

594 2072 708 2123 Att.
739 2084 785 2123 c.
819 2071 850 2123 3
879 2071 1038 2123 :hunc
1069 2082 1276 2121 actorem
1305 2080 1635 2141 auctoremque

485 2133 500 2144 l
598 2148 820 2203 habebat.

681 2233 738 2283 6.
767 2228 920 2299 Quod
949 2228 1162 2281 consules
1195 2228 1369 2280 absint.
1402 2226 1541 2281 Inde
1568 2228 1636 2279 li-

601 2322 730 2381 quet
771 2310 1034 2364 Caesarem
1077 2328 1188 2362 non
1229 2308 1395 2379 egisse
1431 2308 1636 2361 sincera

599 2400 808 2455 mente,
837 2402 891 2441 et
920 2401 1128 2441 tantum
1157 2388 1370 2441 fictitias
1401 2401 1636 2459 pr-aeten

601 2468 740 2524 disse
767 2488 948 2524 causas
961 2507 977 2535 ,
1009 2482 1071 2522 ut
1095 2468 1301 2524 civibus
1321 2468 1429 2521 suis
1448 2478 1502 2520 et
1518 2486 1638 2538 pos-

601 2550 802 2604 teritati
832 2544 1016 2603 fucum
1045 2550 1271 2604 faceret:
1305 2567 1430 2600 nam
1461 2567 1637 2619 neque

603 2631 850 2700 ignorare
865 2640 1076 2701 poterat
1092 2628 1412 2699 Pompeium
1442 2647 1506 2680 ex
1533 2628 1639 2682 ins·

603 2711 776 2764 titutis
805 2709 1112 2781 reipublicoe
1143 2709 1281 2762 nihil
1307 2727 1408 2780 per
1436 2727 1521 2774 se,
1550 2710 1640 2760 ab·

603 2791 842 2844 sentibus
855 2789 1185 2856 consulibus,
1199 2789 1456 2860 perficere
1464 2807 1635 2859 posse.

603 2901 688 2912 -—
706 2869 824 2922 Sine
849 2869 947 2921 illac
970 2869 1031 2920 de
1069 2871 1404 2940 compositione
1432 2873 1521 2938 agi
1544 2887 1638 2921 non

597 2968 755 3027 posse.
789 2951 964 3002 Voces
999 2951 1104 3000 sine
1137 2950 1234 3002 illis
1263 2947 1639 3020 expungendas

604 3030 853 3082 censebat
901 3027 1213 3082 Ciacconius
1229 3066 1246 3094 ,
1283 3026 1426 3079 idem
1491 3029 1636 3078 enim

606 3127 718 3161 esse
740 3127 800 3162 ac
823 3110 1036 3164 consules
1065 3110 1240 3162 absint.
1265 3107 1510 3160 Davisius
1532 3125 1641 3158 ma·

607 3189 781 3255 lebat,
812 3209 898 3240 nec
931 3194 1034 3242 sine
1072 3189 1246 3243 illis....
1278 3205 1379 3239 nec
1410 3183 1639 3256 impedi-

607 3281 790 3324 mento
814 3287 926 3322 esse
949 3267 1199 3322 credebat
1215 3264 1361 3337 quod
1387 3266 1639 3335 subjunc-

608 3351 781 3402 tivum
818 3361 872 3401 et
907 3348 1237 3401 infinitivum
1269 3343 1444 3396 eidem
1471 3347 1639 3396 verbo

611 3427 1142 3500 adjicerentur‚licet
1171 3425 1412 3478 Sanctius
1441 3423 1498 3475 in
1532 3425 1639 3476 Mi-

607 3527 805 3574 nerva,
832 3508 926 3560 lib.
955 3524 1058 3570 111,
1091 3525 1137 3558 c.
1177 3511 1272 3562 14,
1305 3504 1463 3556 hasce
1489 3505 1639 3556 locu-

611 3591 782 3644 tiones
808 3605 1001 3660 parum
1031 3585 1220 3637 latinas
1249 3584 1527 3636 existimet.
1616 3635 1621 3639 ,

695 3669 822 3720 CAP.
853 3665 1088 3718 XXVII.
1113 3683 1134 3717 1
1148 3705 1160 3718 .
1177 3665 1529 3732 Prosectt‘onem
1544 3683 1640 3734 pa-

608 3767 718 3800 rare
765 3749 948 3816 incipit.
993 3745 1110 3798 Hoc
1153 3745 1439 3797 consilium
1482 3745 1641 3796 multi

608 3826 890 3880 laudavere
908 3861 925 3891 ,
963 3837 1024 3877 ut
1083 3825 1398 3877 Plutarchus
1453 3825 1635 3877 refert.

609 3906 816 3963 Laudat
831 3906 945 3977 ipse
959 3906 1120 3958 etiam
1137 3905 1426 3958 Frontinus
1441 3941 1457 3969 ,
1473 3905 1571 3956 lib·
1586 3923 1611 3957 1
1620 3944 1637 3970 ‚

609 4006 724 4059 cap.
747 3988 777 4039 5
795 4025 812 4052 ,
830 3987 888 4039 in
919 3985 1112 4057 quinto
1133 3997 1513 4056 strategemate.
1534 3987 1642 4038 Ve-

612 4087 734 4119 rum
795 4066 968 4120 Caesar
1037 4065 1400 4120 admirabatur
1418 4104 1435 4132 ,
1492 4064 1640 4138 qnod

611 4165 776 4220 quum
816 4149 1006 4202 urbem
1049 4145 1306 4202 insideret
1345 4145 1556 4199 firmam
1586 4159 1641 4199 et

1720 1909 1984 1961 munitam
1999 1946 2018 1973 ,
2050 1907 2335 1980 copiasque
2381 1904 2763 1978 Hispanienses

1722 1992 2047 2060 exspectaret
2060 2027 2077 2049 ,
2112 1998 2167 2039 et
2192 2004 2339 2039 mare
2368 1987 2427 2039 in
2460 2004 2552 2039 sua
2580 1998 2765 2058 potes-

1722 2080 1829 2122 tate
1870 2068 2121 2134 haberet‚
2152 2067 2361 2119 Italiam
2404 2079 2582 2119 tamen
2627 2066 2761 2118 reli-

1722 2148 1939 2219 quisset.
1960 2145 2081 2217 Ipse
2097 2158 2242 2199 certe
2260 2144 2541 2199 consilium
2564 2146 2762 2199 Cicero

1722 2225 2095 2299 reprehendit,
2118 2225 2267 2298 quod
2300 2226 2762 2279 Themistocleum

1724 2308 1985 2379 appellat,
2016 2304 2085 2359 ad
2115 2308 2350 2360 Atticum
2378 2305 2475 2358 lib.
2496 2324 2561 2371 x,
2588 2322 2675 2377 ep.
2702 2309 2760 2371 8,

1724 2406 1893 2458 quum
1910 2406 1994 2439 res
2012 2399 2185 2439 essent
2204 2404 2425 2459 prorsus
2440 2384 2759 2437 dissimiles·
2744 2424 2762 2451 ,

1724 2477 1777 2520 et
1803 2468 2043 2540 ἀλογίςως
2070 2484 2181 2521 esse
2204 2478 2479 2538 sumptum
2506 2462 2658 2530 dicit,
2687 2463 2760 2518 ad

1724 2547 1961 2601 Atticum
1975 2566 2033 2600 ιι
2048 2586 2065 2614 ,
2082 2548 2235 2619 epist.
2256 2565 2281 2599 1
2292 2566 2347 2598 o.
2364 2547 2435 2599 At
2446 2547 2569 2599 Dio.
2589 2547 2627 2598 l.
2641 2563 2762 2612 xm,

1710 2628 1799 2680 sic
1815 2627 2057 2699 Pompeii
2070 2628 2302 2680 rationes
2312 2623 2542 2698 explicat
2556 2643 2571 2678 :
2586 2645 2762 2696 quum

1724 2727 1781 2760 se
1804 2709 2077 2761 obsessum
2103 2705 2341 2772 videret,
2360 2707 2665 2776 multosque
2692 2725 2763 2759 ex

1723 2787 1878 2840 Italia
1906 2787 1975 2840 ad
1994 2787 2253 2840 Caesarem
2274 2797 2607 2840 transeuntes
2620 2823 2636 2850 ,
2652 2805 2763 2838 coe-

1724 2869 1805 2938 pit
1844 2866 2159 2938 desperare,
2190 2877 2243 2918 et
2284 2864 2521 2919 decrevit
2550 2865 2607 2916 in
2640 2866 2763 2918 Ma-

1725 2945 2003 3000 cedoniam
2017 2984 2035 3009 ‚
2066 2946 2329 2998 Graeciam
2358 2957 2412 2998 et
2442 2945 2623 2998 Asiam
2648 2957 2764 2998 tra-

1721 3028 1885 3097 jicere
1896 3063 1912 3090 ,
1924 3043 2107 3078 rerum
2124 3043 2253 3095 quas
2267 3025 2345 3078 ibi
2354 3037 2581 3096 gesserat
2592 3025 2735 3078 fama
2746 3063 2763 3092 ‚

1726 3119 1780 3158 et
1824 3123 2011 3176 regum
2056 3105 2288 3158 amicitia
2330 3105 2580 3158 confisus.
2628 3106 2767 3158 Erat

1725 3198 1981 3255 praeterea
2004 3184 2261 3254 Hispania
2284 3185 2339 3237 in
2365 3202 2459 3237 sua·
2480 3197 2764 3256 potestate.

1726 3265 1779 3316 N
1780 3283 1841 3316 ec
1864 3264 1942 3316 illi
1976 3261 2275 3317 timendum
2307 3275 2449 3330 erat,
2480 3280 2553 3317 ne
2584 3263 2767 3319 Caesar

1726 3361 1849 3396 eum
1881 3345 2251 3414 insequeretur
2272 3357 2496 3416 propter
2525 3345 2766 3398 hiemem

1706 3436 1781 3476 ·et
1798 3424 2037 3495 inopiam
2062 3425 2299 3476 navium.
2320 3425 2449 3476 Post
2471 3437 2553 3476 tot
2572 3441 2634 3476 ac
2650 3437 2765 3478 tam

1725 3515 2032 3574 praestantes
2042 3505 2187 3556 viros
2201 3543 2215 3565 ,
2239 3517 2483 3556 nostrum
2494 3502 2766 3574 judicium

1726 3583 1969 3655 proferre
2010 3581 2082 3636 de
2126 3577 2251 3654 'fuga
2294 3583 2537 3655 Pompeii
2566 3585 2761 3638 liceat:

1728 3665 1773 3715 si
1784 3683 1846 3716 ex
1860 3661 2412 3736 praecedentibus·rem
2430 3675 2627 3716 attente
2635 3683 2767 3717 con·

1728 3743 2019 3798 sidet-emus
2032 3783 2049 3811 ,
2074 3745 2231 3797 nobis
2282 3741 2557 3798 videbitur
2596 3745 2767 3797 Pom·

1708 3825 1935 3895 ¹peium‚
1962 3837 2125 3896 prout
2154 3841 2238 3878 res
2280 3839 2333 3878 et
2366 3837 2577 3895 tempus
2620 3824 2761 3878 fere·

1708 3905 1882 3971 hant,
1914 3907 2177 3978 sapienter
2208 3906 2405 3976 egisse:
2422 3921 2549 3956 nam
2578 3906 2761 3957 muni-

1710 3986 1865 4058 'cipia
1882 3999 1936 4038 et
1951 3985 2175 4039 coloniae
2189 4023 2205 4050 ,
2222 3997 2286 4036 ut
2302 3985 2599 4056 plurimum
2611 4021 2627 4048 ‚
2648 3983 2761 4037 Ου-

1710 4067 1832 4118 ·sari
1858 4067 2133 4132 favebant3
2160 4077 2416 4135 praterea
2444 4061 2759 4136 Pompeiani

1726 4145 1921 4200 milites
1980 4144 2049 4200 ad
2090 4145 2353 4198 Caesarem
2402 4143 2761 4216 undequaque
