3025 5025
1021 519 1607 589 AFRICANO.
2235 519 2380 610 491

346 648 563 718 LXV.
630 651 753 720 Est
802 652 874 718 in
932 649 1161 721 Africa
1218 647 1678 721 consuetudo*
1739 647 2158 736 incolarum,
2205 664 2283 718 ut
2321 649 2413 716 in

212 745 455 848 agris,
486 770 554 824 et
582 757 651 826 in
688 757 1001 826 omnibus
1039 757 1179 828 fere
1211 758 1383 828 villis
1420 759 1546 828 sub
1579 772 1760 827 terra
1795 780 2033 852 specus
2063 754 2393 824 condendi

242 859 561 932 frumenti
618 865 826 960 gratia
880 863 1053 934 clam
1124 865 1419 935 habeant
1440 917 1461 956 ,
1528 880 1727 960 atque
1769 864 1840 933 id
1886 877 2165 958 propter
2222 860 2393 930 bella

242 971 530 1040 maxime
572 970 999 1066 hostiumque
1044 972 1335 1042 subitum
1376 973 1745 1041 adventum
1777 983 2188 1065 ,praeparenn
2219 970 2395 1057 Qua

242 1073 324 1144 de
353 1100 428 1144 re
457 1079 683 1146 Caesar
708 1080 953 1148 certior
976 1104 1099 1174 per
1123 1080 1409 1150 indicem
1434 1067 1686 1166 factus,
1715 1079 1908 1147 tertia
1937 1075 2162 1171 vigilia
2191 1075 2394 1170 legio-

240 1206 356 1252 nes
394 1185 465 1252 II
502 1208 657 1252 cum
700 1187 999 1278 equitatu
1034 1187 1237 1255 mittit
1277 1187 1363 1254 ab
1400 1188 1634 1255 castris
1673 1186 1808 1255 suis
1841 1183 2045 1252 millia
2075 1203 2392 1279 passuum

236 1291 337 1377 X,
374 1303 575 1384 atque
630 1291 785 1360 inde
830 1317 1079 1388 magno
1113 1319 1396 1362 numero
1448 1293 1762 1362 frumenti
1803 1305 2082 1360 onustos
2118 1289 2357 1383 necipit
2373 1285 2392 1310 ²

234 1395 307 1464 in
354 1411 579 1466 castra.
637 1399 902 1488 Quibus
960 1399 1161 1470 rebus
1212 1401 1531 1495 cognitis,
1583 1399 1920 1468 Labienus
1943 1453 1963 1487 ‚
2003 1418 2394 1493 progressus

238 1525 278 1570 a
322 1505 461 1572 suis
505 1505 738 1574 castris
778 1499 983 1575 millia
1026 1531 1343 1601 passuum
1388 1505 1526 1576 VII
1571 1531 1693 1600 per
1727 1505 1966 1601 jugum
2011 1519 2078 1573 et
2119 1501 2394 1586 collem,

235 1633 361 1704 per
386 1635 587 1704 quem
626 1613 853 1682 Caesar
888 1611 1100 1732 pridie
1136 1614 1262 1681 iter
1290 1612 1568 1700 fecerat,
1597 1613 1688 1682 ibi
1726 1625 1944 1681 castra
1985 1611 2271 1680 duarum
2302 1607 2392 1676 le·

236 1716 515 1812 gionum
562 1717 750 1786 facit·
733 1733 982 1813 ‚atque
1026 1721 1166 1814 ipse
1180 1703 1568 1813 ³quotidie,
1597 1719 2017 1805 existimanS,
2060 1719 2388 1787 Caesarem

236 1822 473 1891 eadem
551 1843 725 1919 sae'pe
780 1823 1253 1894 frumentandi
1322 1828 1536 1921 gratia
1591 1839 2169 1911 commeaturum‚
2209 1845 2394 1892 cum

232 1953 487 2024 magno
515 1933 813 2025 equitatu
840 1930 1101 2027 levique
1130 1947 1465 2002 armatura
1500 1931 1928 2006 insidiaturus
1952 1930 2116 2001 loeis
2144 1878 2396 1999 idoneis

230 2037 553 2106 consedit.
1860 2056 1868 2066 ⁴

343 2145 597 2214 LXVI.
638 2147 879 2214 ‘Caesar
923 2148 1191 2215 ‚interim
1237 2145 1321 2214 de
1344 2142 1612 2216 'insidiis
1654 2145 1932 2215 Labieni
1973 2169 2056 2213 ex
2099 2142 2406 2238 perfugis·

234 2250 487 2319 certior
529 2250 780 2338 factm,
823 2275 1075 2346 paucos
1118 2251 1257 2320 dies
1301 2252 1393 2319 ibi
1436 2267 1918 2338 commoratus,
1961 2249 2124 2320 dum
2169 2250 2395 2318 hostes

232 2357 629 2450 quotidiano
665 2358 1007 2446 institutoJ
1033 2381 1207 2452 saepe
1234 2357 1409 2426 idem
1442 2358 1780 2443 faciendo,
1812 2361 1882 2426 in
1925 2355 2394 2451 negligentiam

232 2462 760 2551 adducerentur,
798 2465 1021 2533 subito
1056 2450 1253 2534 mane
1289 2465 1610 2561 imperat,
1649 2479 1843 2561 ponta
1879 2463 2249 2534 decumana
2291 2459 2394 2530 le-

231 2572 469 2666 giones
496 2596 567 2640 se
588 2574 763 2643 VIII
782 2566 1131 2641 veterana's
1146 2570 1165 2597 ¹
1192 2595 1347 2643 cum
1374 2587 1566 2666 parte
1595 2574 1928 2666 equitatus
1957 2572 2142 2664 sequi
2157 2582 2394 2662 3atque

232 2677 571 2773 equitibus
612 2679 997 2771 praemissiS‚
1037 2703 1253 2774 neque
1290 2680 1640 2775 opinantes
1681 2678 2102 2775 insidiatores
2141 2674 2392 2761 subite,

232 2785 302 2853 in
335 2783 754 2879 conyallibus
782 2783 1063 2855 latentes
1082 2835 1101 2873 ‚
1137 2784 1269 2855 levi
1306 2800 1648 2856 armatura
1677 2783 1970 2854 concidit
1997 2784 2260 2852 circiter
2285 2783 2392 2868 D3

233 2887 529 2985 reliquos
550 2892 621 2959 in
649 2891 877 2986 fugam
907 2894 1358 2986 turpissimam
1382 2892 1686 2985 conjecit.
1711 2892 1993 2960 Interim
2023 2889 2396 2974 Labienus5

232 3022 395 3066 cum
419 2998 735 3067 universo
758 2999 1056 3092 equiitatu
1084 2998 1488 3093 fugientibus
1515 3001 1650 3069 suis
1675 2994 2045 3093 suppetias²
2077 2995 2390 3065 occurrit.

1360 3205 1590 3259 rimone
1616 3206 1888 3278 temporis.
1909 3204 2062 3258 Nihil
2081 3204 2138 3258 h.
2153 3172 2196 3259 ἰ.
2223 3217 2390 3260 muta.

1442 3287 1497 3341 3.
1527 3285 1694 3359 Atque
1715 3290 1832 3357 ipse.
1860 3284 1964 3338 Hic
1983 3285 2124 3337 male·
2149 3284 2392 3356 interpo-

252 3165 259 3173 ⁸
325 3206 460 3260 CAP.
486 3204 659 3260 LXV.
691 3223 739 3259 Ι.
763 3206 865 3258 Est
886 3188 937 3257 in
957 3205 1138 3273 Africa
1159 3224 1275 3258 con-

240 3285 478 3347 suetudo,
514 3297 615 3339 etc.
645 3284 763 3339 Hoc
798 3286 859 3341 in
887 3284 1072 3339 calidis
1101 3284 1276 3359 regio-

238 3366 405 3421 nibus
436 3365 591 3419 facile
610 3366 781 3432 factu,
803 3364 861 3419 in
880 3364 1119 3443 hpmidis
1142 3384 1277 3421 vero

240 3444 427 3499 minus
472 3446 641 3500 facile.
687 3446 744 3499 Si
774 3458 953 3500 tamen
1004 3445 1153 3501 arida
1195 3457 1275 3499 est

236 3526 442 3580 humus
452 3525 596 3590 ‚fieri
608 3538 800 3598 potest.
817 3525 977 3593 Quod
992 3540 1045 3581 et
1056 3526 1275 3579 solitum

242 3606 531 3660 Germanis
547 3624 645 3661 suo
664 3618 905 3678 tempore
922 3616 1144 3660 testatur
1168 3607 1271 3659 Ta·

242 3686 339 3741 cit.
354 3688 414 3739 in
426 3686 522 3740 lib.
542 3684 612 3739 de
624 3704 813 3739 eorum
832 3686 1100 3740 moribus:
1116 3704 1162 3739 c.
1180 3704 1203 3739 1
1216 3691 1272 3741 6.

240 3766 403 3819 solent
430 3778 477 3818 ec
505 3766 835 3819 subterraneos
865 3774 1027 3837 spequ
1055 3770 1271 3837 aperire,-

242 3865 417 3919 cosquc
455 3848 605 3899 multo
652 3850 846 3917 iruupet·
874 3844 1003 3917 fimo
1040 3858 1269 3908 onerant,

240 3928 513 3997 suffugium
538 3928 683 3981 hiemi
687 3954 705 3990 ς
726 3938 781 3977 cr
799 3926 1144 3997 receptaculum
1154 3928 1273 3993 ftu-

234 4007 403 4077 gibus.
421 4005 571 4061 Idem
588 4026 703 4061 mos
719 4005 889 4061 hodie
896 4016 1113 4078 quoque
1128 4004 1275 4078 apud

242 4084 529 4157 Hungaros
545 4124 563 4158 ‚
590 4102 651 4141 ut
680 4087 905 4160 ipsemet
922 4085 1081 4152 ‘vidi·,
1110 4088 1270 4159 viget.

330 4186 385 4223 Ξ.
416 4167 623 4238 Recipit.
650 4168 759 4230 Alii
775 4170 985 4240 'recepin
1014 4173 1163 4223 meta
1179 4187 1273 4238 ΥΞ

1360 3379 1501 3421 unt
1523 3367 1597 3421 iba·
1615 3378 1801 3419 canu-a
1825 3364 1985 3419 codd.
2011 3362 2387 3418 Βσιιοιεῐεάᾶ.
2417 3381 2424 3387 ·

1359 3460 1489 3501 vett.
1512 3478 1595 3491 —
1617 3446 1863 3501 Consedit.
1885 3445 1996 3499 Alii
2013 3444 2257 3497 considet:
2276 3462 2390 3497 me·

1358 3527 1463 3580 lius
1476 3528 1698 3590 considit,
1712 3526 2020 3591 utB.G.v11,
2037 3526 2126 3587 58,
2144 3522 2390 3595 79.0ud.

1440 3608 1574 3661 Car.
1615 3608 1814 3661 LXVI.
1856 3624 1904 3659 1.
1946 3605 2076 3658 Octo
2112 3617 2388 3657 veteranas.

1364 3686 1542 3739 Caesar
1575 3684 1744 3739 modo
1773 3698 1978 3757 septem
2005 3696 2392 3737 veteranas-se·

1360 3782 1485 3821 cum
1508 3767 1742 3819 habebat
1770 3784 1785 3819 ε
1813 3763 2100 3836 legendum
2127 3780 2256 3834 ergo
2285 3782 2390 3835 pu-

1359 3856 1437 3899 tat
1463 3846 1834 3899 surinimvll
1856 3846 1941 3898 vel
1965 3846 2082 3906 111,
2097 3845 2182 3896 vel
2202 3844 2306 3895 IV.

1446 3945 1497 3981 Ξ.
1547 3926 1750 3997 Suppeti
1747 3946 1803 3977 as
1839 3928 2060 3977 occurrit.
2107 3923 2194 3977 sie
2221 3922 2388 3989 infra,

1361 4006 1536 4078 capite
1585 4010 1678 4061 68.
1725 4006 1852 4059 Hac
1896 4004 2102 4077 phrasis
2143 4002 2389 4075 displicet

1360 4085 1684 4139 Dodwello
1661 4086 1800 4158 ‚qui
1825 4102 1944 4139 eam
1971 4104 2082 4138 non
2114 4086 2182 4137 ab
2209 4082 2388 4137 Hirtio

1358 4166 1453 4222 ned
1478 4186 1509 4223 a
1533 4168 1566 4223 J
1570 4167 1682 4223 uho
1707 4167 1862 4223 Celso
1881 4165 2252 4239 interpolatam
2271 4182 2394 4219 cen
