3025 5025
648 478 799 575 396
1453 486 1521 553 D
1544 486 1601 553 E
1654 486 1777 554 BE
1792 486 1997 555 LLO

643 638 772 708 que
847 615 1099 709 primus
1171 640 1288 685 sua
1361 618 1821 711 quinqueremi
1895 619 1965 685 in
2020 613 2505 710 quadriremem
2580 614 2786 708 ipsius

644 717 911 789 Octavii
949 723 1308 816 ,impetum
1355 722 1529 793 fecit.
1592 723 1957 793 Celerrime
2018 722 2500 815 fortissimeque
2552 735 2789 791 contra

643 824 756 894 illo
811 829 1177 923 remigante
1193 882 1213 917 ‚
1265 854 1500 899 naves·
1532 830 1825 899 adversae
1872 829 2103 900 rostris
2158 841 2571 898 concurrunt
2620 825 2789 895 adeo

645 932 1110 1021 vehementer,
1151 950 1226 1004 ut
1267 937 1454 1011 navis
1507 938 1878 1005 Octaviana
1894 989 1915 1023 ,
1966 948 2185 1006 rostro
2234 934 2531 1009 discusso
2546 984 2565 1019 ‚
2605 931 2787 1025 ligno

647 1040 1118 1109 contineretur.
1171 1043 1631 1115 Committitur
1672 1043 1913 1112 acriter
1953 1040 2222 1134 reliquis
2258 1039 2419 1109 locis
2457 1037 2791 1133 praelium,

645 1148 1198 1242 concurriturque
1219 1148 1306 1217 ad
1341 1148 1547 1217 duces
1567 1152 1853 1217 maxime
1882 1174 1897 1217 ε
1931 1171 2088 1216 nam
2117 1172 2325 1241 quum
2358 1170 2493 1219 suo,
2514 1147 2787 1239 quisque

648 1249 966 1320 auxilium
1004 1253 1209 1331 ferret
1227 1308 1247 1341 ,
1285 1278 1609 1349 magnum
1651 1256 1953 1323 cominus
1994 1256 2063 1322 in
2102 1266 2387 1346 angusto
2422 1252 2595 1319 mari
2634 1274 2789 1345 prae·

647 1353 812 1424 lium
861 1357 1114 1429 sactum
1165 1376 1266 1431 est
1307 1386 1324 1429 ε
1376 1376 1761 1455 quantoque
1814 1361 2189 1452 conjunctis
2246 1360 2455 1453 magis
2512 1357 2788 1425 navibus

647 1462 1047 1559 confligendi
1085 1481 1375 1561 potestas
1420 1466 1738 1556 dabatur,
1776 1481 1964 1537 tanto
2006 1467 2379 1561 superiores
2422 1478 2616 1533 erant
2650 1466 2789 1533 Va·-

645 1570 910 1655 tiniani3
946 1574 1060 1667 qui
1087 1573 1477 1643 admiranda
1511 1576 1761 1655 virtute
1792 1598 1875 1643 ex
1912 1574 2049 1643 suis
2080 1572 2361 1644 navibus
2390 1573 2461 1639 in
2496 1570 2787 1642 hostium

647 1698 852 1746 naves
890 1678 1220 1749 transilire
1255 1705 1394 1749 non
1427 1680 1855 1769 dubitabant,
1892 1694 1959 1749 et
1978 1732 1997 1768 ,
2034 1679 2457 1749 dimicatione
2499 1691 2787 1771 aequata,

649 1778 848 1876 longe
889 1786 1260 1880 superiores
1309 1788 1559 1855 virtute
1578 1841 1597 1874 ‚
1644 1780 1797 1860 rem'
1836 1785 2116 1856 feliciter
2161 1784 2499 1879 gerebant.
2543 1783 2787 1878 Depri·

649 1891 856 1958 mitur
910 1893 1114 1986 ipsius
1168 1894 1438 1961 Octavii
1493 1892 1928 1987 quadriremis
1968 1918 1983 1960 τ
2038 1890 2265 1961 multae
2284 1912 2295 1927 ⁸
2312 1905 2637 1985 praeterea
2676 1913 2787 1957 ca·-

652 1996 959 2088 piuntur,
994 2013 1111 2067 aut
1143 2001 1374 2068 rostris
1403 1999 1759 2093 perforatae
1786 2013 2183 2093 merguntur
2210 2024 2239 2067 ε·
2264 2011 2789 2093 propugnatores

653 2102 1006 2172 Octaviani
1048 2107 1292 2199 partim
1333 2107 1404 2173 in
1445 2106 1729 2175 navibus
1758 2101 2186 2199 jugulantur,
2230 2105 2473 2198 partim
2510 2104 2581 2172 in
2618 2126 2789 2171 mare

651 2211 1174 2304 praecipitantur.
1220 2215 1374 2306 Ipse
1427 2214 1753 2293 Octavius
1796 2237 1865 2281 se
1906 2214 1975 2279 in
2018 2212 2334 2305 scapham
2378 2208 2641 2282 confert
2669 2236 2683 2278 :
2720 2210 2789 2277 in

655 2338 857 2407 quam
887 2316 1111 2411 plures
1145 2342 1356 2412 quum
1391 2318 1865 2412 confugerent,
1890 2318 2203 2413 depressa
2238 2316 2523 2411 scapha,
2560 2314 2787 2385 vulne-

654 2432 837 2491 ratus
859 2436 1084 2493 tamen
1113 2424 1388 2494 adnatat
1415 2424 1500 2493 ad
1528 2450 1733 2495 suum
1764 2421 2300 2520 myoparonemffi
2286 2426 2435 2493 .Eo
2463 2436 2786 2518 receptum,

656 2553 864 2621 quum
917 2531 1218 2660 praelium
1261 2557 1398 2602 nox
1461 2532 1835 2618 dirimeret,
1882 2546 2275 2628 tempestate
2334 2553 2583 2624 magna
2641 2527 2785 2597 velis

623 2622 1014 2731 ‘profugitffi
1068 2640 1454 2734 Sequuntur
1509 2639 1691 2708 hunc
1748 2663 1881 2708 suae
1942 2662 2147 2708 naves
2206 2634 2591 2725 nonnullae,
2640 2657 2785 2730 quas

555 2815 558 2820 ,
655 2764 850 2816 casus
887 2743 972 2815 ab
1010 2741 1122 2815 illo
1167 2744 1467 2839 periculo
1505 2745 1893 2820 vindicarat.

661 2993 824 3051 tionis,
837 2989 930 3042 sed
948 2992 1168 3058 fhrtunoe
1179 3005 1418 3050 servant:
1405 2990 1578 3044 ·unde
1592 3011 1691 3063 pu·
1776 2991 1923 3044 Bene
1931 2988 2323 3044 sehabetlectio
2331 2985 2787 3059 Oudendorpiam.

665 3070 774 3122 tavi
783 3071 1019 3148 ,fortunoe
1033 3092 1142 3126 esse
1156 3072 1691 3144 interpretamentum
1862 3068 2568 3142 2.Myopammm,Non1us,
2582 3084 2714 3132 1111,
2740 3069 2789 3129 6,

652 3150 880 3215 fortuitae
909 3151 1263 3214 dimicationis;
1251 3166 1574 3224 ·utrumque
1590 3151 1690 3202 sal·
1780 3170 2029 3224 myoparo,
2057 3147 2300 3202 navicula
2335 3148 2650 3220 piratarum.
2676 3143 2792 3200 Vid-

665 3241 775 3282 tem
814 3230 992 3284 locum
1049 3250 1161 3284 non
1208 3233 1386 3286 habet.
1437 3230 1693 3284 Variatur
1782 3231 1897 3285 Cic.
1912 3233 2070 3282 Verr.
2096 3249 2119 3281 1
2132 3229 2270 3296 ‚343
2286 3227 2497 3280 Sallust.
2501 3227 2685 3298 ,fi-ag„
2693 3225 2795 3288 l.;3

665 3308 826 3362 etiam
870 3310 928 3362 in
977 3313 1151 3364 maluit
1177 3323 1243 3365 et
1282 3312 1452 3365 noluit.
1489 3313 1555 3362 In
1593 3311 1693 3363 hac

666 3389 980 3445 confusione
1037 3391 1330 3446 lectionum
1399 3391 1657 3462 proposui
1674 3429 1692 3456 ‚

667 3468 800 3541 quid
860 3471 996 3524 mihi
1053 3472 1338 3525 verisimile
1399 3469 1691 3524 videretur.

667 3549 908 3614 Quilibet
926 3551 1039 3622 ipse
1063 3549 1280 3621 judicet.
1311 3552 1389 3604 Μ.
1423 3551 1694 3604 Bentleius

669 3629 828 3683 etiam
871 3645 1024 3701 putat
1045 3669 1060 3696 ,
1087 3633 1212 3699 fort.
1255 3631 1470 3684 dimicat.
1509 3649 1621 3690 esse
1665 3649 1695 3682 e

665 3711 853 3782 glossa.
875 3731 906 3764 a
931 3710 1084 3765 Leid.
1099 3732 1184 3785 pr.
1206 3714 1372 3766 abest.
1400 3709 1538 3766 cod.
1571 3729 1695 3764 nos-

669 3801 750 3842 ter
776 3791 1180 3863 antiquissimus·
1201 3791 1354 3863 ⁵764
1367 3831 1384 3861 ‚
1404 3791 1697 3863 simplicius

670 3881 722 3924 et
736 3869 874 3924 forte
887 3872 1221 3942 concinnius,
1222 3874 1442 3940 fortunae
1459 3893 1557 3924 rem
1574 3889 1699 3924 com-

671 3952 856 4004 mittere
891 3953 1048 4005 noluit
1054 3973 1076 4016 ,⁰
1111 3953 1242 4006 alter
1287 3971 1444 4019 vero,
1471 3954 1698 4020 fortuitae

673 4028 969 4084 dimicationi
1005 4035 1224 4101 sortunoe
1278 4053 1376 4086 rem
1411 4037 1699 4093 committere

669 4109 830 4162 noluit
849 4131 868 4164 :
903 4113 1203 4190 dimicationi
1225 4132 1326 4185 pro
1351 4113 1695 4168 dimicationis.

1779 3307 2795 3376 Val.Max.‚11‚8,5;Senec.‚Contr.‚

1710 3389 1714 3393 ’
1785 3410 1839 3444 2.
1858 3389 2087 3460 Scaliger
2106 3387 2315 3442 derivat
2331 3405 2361 3438 a
2380 3386 2543 3440 simili
2567 3385 2795 3440 muribus

1780 3471 1953 3524 forma
1975 3480 2217 3540 angusta,
2232 3468 2461 3536 oblonga
2474 3503 2492 3532 ,
2510 3479 2568 3520 et
2584 3482 2791 3538 apat-em

1780 3569 1934 3604 varen
1948 3587 1965 3612 ‚
1979 3550 2182 3616 salu-en,
2204 3547 2470 3618 navigare.
2492 3546 2701 3602 Onus..

1864 3630 1915 3684 3.
1947 3629 2083 3682 Velis
2116 3629 2353 3700 profugit.
2394 3625 2673 3692 Incertum
2696 3636 2794 3690 est,

1783 3722 1969 3764 utrum
1984 3709 2135 3769 velis,
2160 3727 2229 3762 au
2252 3711 2343 3759 νυιζτ
2364 3724 2491 3758 vera
2516 3705 2683 3760 lectio
2702 3704 2795 3768 sit,

1784 3808 1854 3844 an
1883 3801 2173 3860 utrumque
2214 3788 2442 3840 verbum
2480 3783 2791 3844 addititiam.

1784 3869 1864 3922 M.
1894 3867 2109 3934 codd„
2132 3869 2256 3920 velis
2296 3870 2407 3920 ωιζτ.
2450 3865 2593 3922 Hinc
2634 3862 2791 3917 Bentl.

1786 3950 1917 4004 velit
1937 3950 2061 4002 velis
2072 3985 2088 4010 ‚
2126 3951 2263 4000 remis
2276 3985 2293 4008 ,
2324 3959 2388 3998 ut
2412 3946 2551 4010 cic„
2572 3942 2791 3999 Tuscul„

1792 4031 1823 4084 3
1839 4068 1855 4096 ‚
1881 4049 1905 4083 1
1923 4049 1994 4096 1.,
2014 4029 2481 4088 omniconuatioroe,
2505 4025 2644 4083 velis,
2662 4033 2713 4076 ut
2730 4025 2791 4074 itu

1786 4111 1944 4164 dicam
1954 4148 1971 4174 ‚
2002 4113 2229 4183 remisque
2246 4105 2503 4178 fugiendo.
2532 4105 2733 4160 Omn-
