3025 5025
654 481 795 550 DE
849 481 1202 550 BELLO
1257 481 1635 553 CIVILI.
1693 483 1889 552 LIB.
1943 485 2094 554 III.
2280 485 2426 584 237

287 610 640 681 studebat:
683 613 982 682 Petreius
1001 609 1048 700 ²,
1101 637 1378 682 summae
1419 611 1785 682 nobilitatis
1828 612 2209 686 adolescens
2234 669 2255 706 ,
2298 621 2433 689 suis

286 742 360 786 ac
397 743 676 787 suorum
720 719 960 812 opibus
1004 721 1336 788 Caesarem
1382 721 1573 788 enixe
1603 719 1899 813 juvabat.

385 826 713 894 XXXVI.
747 826 1134 921 Eodemque
1168 841 1470 920 tempore
1496 827 1837 896 Domitius
1866 827 1935 896 in
1966 829 2432 898 Macedoniam

283 933 508 1000 venit:
557 945 626 1000 et
667 955 874 1025 quum
920 931 1005 1000 ad
1042 957 1196 1002 eum
1247 933 1627 1026 frequentes
1676 934 2021 1002 civitatum
2070 934 2430 1030 legationes

283 1039 641 1106 convenire
692 1040 1045 1134 coepissent
1064 1093 1084 1127 ,
1142 1040 1521 1108 nuntiatum
1580 1053 1681 1108 est
1706 1093 1726 1128 ,
1762 1039 1991 1110 adesse
2052 1043 2430 1135 Scipionem

281 1168 431 1212 cum
473 1142 882 1238 legionibus,
933 1168 1178 1239 magna
1229 1161 1298 1214 et
1351 1146 1665 1240 opinione
1720 1160 1789 1214 et
1839 1145 2019 1236 fama
2066 1149 2366 1218 omnium
2412 1174 2427 1216 ε

281 1274 432 1319 nam
476 1249 874 1346 plerumque
918 1253 986 1320 in
1025 1253 1322 1322 novitate
1365 1252 1544 1322 fama
1585 1252 1938 1324 antecedit.
1975 1255 2103 1322 Hic
2140 1252 2325 1324 nullo
2360 1257 2431 1323 in

282 1354 426 1426 loco
483 1358 900 1428 Macedoniae
947 1373 1280 1447 moratuS,
1329 1383 1579 1453 magno
1628 1361 1883 1454 impetu
1932 1351 2307 1430 contendit¹
2346 1362 2432 1431 ad

283 1465 694 1552 Domitium,
731 1480 799 1534 et
833 1488 1041 1559 quum
1083 1464 1171 1534 ab
1203 1489 1286 1536 eo
1321 1463 1527 1536 millia
1561 1489 1882 1560 passuum
1912 1469 2048 1536 XX
2084 1466 2430 1556 abfuisset,

281 1569 496 1639 subito
527 1595 599 1640 se
630 1570 716 1639 ad
744 1573 1049 1642 Cassium
1092 1573 1476 1666 Longinum
1511 1573 1585 1640 in
1622 1571 2031 1642 Thessaliam
2076 1575 2427 1643 convertit.

281 1677 424 1746 Hoc
459 1676 632 1747 adeo
669 1675 969 1747 celeriter
1004 1677 1190 1765 fecit,
1223 1693 1301 1747 ut
1333 1676 1527 1748 simul
1556 1677 1787 1748 adesse
1814 1694 1883 1748 et
1906 1680 2137 1748 venire
2164 1681 2429 1750 nuntia-

281 1797 489 1852 retur:
516 1796 586 1852 et
613 1809 748 1877 quo
776 1786 901 1854 iter
931 1783 1299 1880 expeditius
1332 1784 1614 1871 faceret,
1639 1787 1734 1854 M.
1764 1789 1818 1854 F
1818 1784 2167 1856 avonium²
2197 1786 2283 1854 ad
2304 1785 2432 1856 flu-

282 1914 432 1959 men
456 1888 1000 1979 Haliacmonem,
1020 1891 1200 1984 quod
1229 1891 1700 1962 Macedoniam
1724 1915 1765 1960 a
1796 1891 2135 1962 Thessalia
2165 1891 2432 1983 dividit,

282 2020 431 2066 cum
499 1997 890 2070 cohortibus
943 2000 1118 2067 VIII
1177 1997 1484 2117 praesidio
1555 1998 2043 2096 impedimentis
2092 1999 2431 2093 legionum

281 2101 574 2199 reliquit,
620 2103 1142 2235 castellumque3
1139 2104 1232 2172 ibi
1279 2103 1527 2174 muniri
1568 2105 1777 2199 jussit.
1833 2106 2091 2174 Eodem
2130 2120 2431 2225 tempore

279 2212 610 2305 equitatus
663 2212 839 2305 regis
897 2195 1142 2305 Cotys³
1184 2211 1270 2280 ad
1341 2225 1559 2280 castra
1616 2213 1828 2282 Cassii
1900 2211 2240 2282 advolavit
2261 2214 2433 2307 ,qui

281 2318 536 2386 circum
579 2316 987 2388 Thessaliam
1023 2342 1165 2387 esse
1201 2330 1657 2388 consueverat.
1695 2321 1867 2386 Tum
1908 2320 2151 2387 timore
2175 2333 2431 2413 perter-

283 2425 444 2494 ritus
465 2425 768 2506 Cassius,
788 2426 1059 2521 cognito
1080 2425 1404 2520 Scipionis
1426 2423 1718 2492 adventu
1729 2425 2055 2519 ,visisque
2075 2425 2429 2563 equitibuS,

281 2556 446 2626 quos
481 2532 808 2626 Scipionis
837 2556 979 2603 esse
1017 2531 1495 2620 arbitrabatur,
1532 2530 1617 2599 ad
1644 2546 1906 2600 montes
1936 2556 2005 2599 se
2042 2518 2431 2620 convertit⁴,

281 2640 392 2733 qui
415 2637 827 2707 Thessaliam
855 2640 1161 2734 cingunt,
1175 2653 1374 2733 atque
1399 2663 1482 2707 ex
1504 2638 1609 2708 his
1638 2636 1800 2707 locis
1826 2637 2254 2707 Ambraciam
2281 2662 2432 2706 ver·

283 2769 391 2814 sus
429 2746 558 2814 iter
598 2744 820 2813 facere
862 2746 1081 2839 coepit.
1127 2747 1216 2814 At
1255 2746 1668 2839 Scipionem,
1696 2758 2169 2839 properantem
2214 2746 2430 2839 sequi,

283 2849 486 2921 literae
515 2866 672 2921 sunt
708 2866 1081 2922 consecutae
1111 2876 1154 2919 a
1177 2854 1271 2919 M.
1303 2852 1628 2941 Favoni0,
1646 2852 2019 2920 Domitium
2048 2874 2203 2923 cum
2224 2848 2431 2947 legio·

365 3094 416 3127 2.
453 3074 690 3125 Petreius.
735 3073 817 3125 Ita
865 3071 1074 3125 codices
1108 3089 1307 3125 omnes.

284 3152 558 3219 Quosdam
571 3150 801 3206 offendit
817 3171 1014 3211 nomen
1025 3170 1312 3205 romanum

284 3232 428 3306 apud
443 3234 733 3299 Barbaros,
752 3244 1085 3304 quapropter
1109 3250 1311 3303 propo-

284 3327 508 3367 suerunt
530 3315 762 3376 Preteus;
785 3313 964 3366 inutili
990 3310 1314 3365 emendatio·

286 3412 385 3459 ne3
414 3412 541 3446 nam
571 3412 684 3446 non
727 3392 947 3446 omnino
987 3392 1313 3463 impossibile

286 3485 382 3539 est,
394 3492 678 3527 romanum
692 3474 1000 3541 obscurum,
1014 3473 1069 3525 in
1085 3490 1146 3525 ea
1157 3485 1314 3543 gente

285 3551 380 3605 diu
428 3565 820 3607 commoratum
837 3592 852 3619 ,
892 3552 1122 3623 aliquam
1145 3571 1313 3619 ‚com-

287 3631 684 3690 mendationem
713 3633 959 3686 habuisse
976 3670 994 3698 ‚
1023 3646 1078 3685 et
1115 3629 1182 3684 ad
1211 3633 1312 3684 ho·

287 3730 442 3767 nores
489 3731 519 3765 a
559 3712 774 3785 populis
820 3724 1063 3766 evectum
1118 3712 1313 3778 fuisse3

289 3806 614 3865 quapropter
637 3794 715 3846 nil
741 3806 910 3845 muto,

284 3932 290 3939 ,
371 3872 502 3925 Car.
543 3873 804 3925 XXXVI.
844 3890 891 3923 1.
925 3871 1200 3924 Contendit.
1230 3872 1317 3924 Ita

285 3969 412 4022 pars
434 3971 622 4024 magna
651 3951 831 4018 codd.‚
850 3963 913 4005 ut
927 3963 1108 4005 noster
1137 3951 1310 4022 5768.

291 4031 417 4099 Alii,
429 4033 592 4085 tendit.
613 4031 793 4104 Cujac.
814 4044 867 4085 et
877 4033 1081 4097 Petav.‚
1096 4032 1309 4083 tetendit.

383 4130 430 4163 2.
466 4112 542 4167 M.
575 4112 863 4167 Favonium.
900 4112 978 4165 Μ.
1012 4110 1275 4167 Favonius
1297 4149 1314 4178 ,

1395 3073 1548 3143 cujus
1585 3083 1797 3142 gentem
1836 3071 2167 3142 ignoramus„
2208 3072 2428 3127 Catonis

1396 3152 1634 3204 imitator
1657 3163 1771 3203 erat
1786 3187 1803 3216 ‚
1822 3163 1981 3222 atque
2000 3152 2333 3223 proscriptus
2354 3155 2425 3207 ob

1395 3249 1583 3285 necem
1613 3231 1833 3285 Caesaris
1849 3270 1865 3300 ,
1893 3231 1997 3285 sibi
2030 3244 2261 3285 mortem
2297 3252 2427 3285 oon·

1400 3312 1573 3365 scivit.

1481 3392 1536 3444 3.
1560 3393 1711 3462 Regis
1736 3391 1905 3462 Cotys.
1932 3392 2015 3443 Ita
2056 3389 2187 3444 dant
2216 3391 2425 3446 codices

1397 3490 1609 3537 omnes;
1626 3484 1679 3524 at
1700 3470 1832 3524 Scal.
1855 3484 1909 3523 et
1921 3472 2268 3539 recentiores,
2288 3471 2422 3534 Coti,

1397 3571 1561 3623 quam
1583 3550 1867 3605 lectionem
1896 3548 2137 3604 defendit
2152 3551 2423 3618 Davisius,

1400 3644 1459 3685 ut
1487 3650 1649 3702 supra
1668 3628 1795 3684 vide
1817 3648 1933 3700 cap.
1969 3636 2024 3693 4.

1484 3718 1537 3776 4.
1567 3711 1663 3764 Ad
1688 3722 1868 3762 montes
1907 3730 1957 3760 se
1995 3714 2242 3763 convertit.
2278 3709 2420 3764 Plin.

1398 3790 1435 3846 l.
1459 3810 1537 3857 ιν,
1564 3809 1681 3862 cap.
1717 3794 1749 3845 8
1769 3788 2007 3860 ,scripsit
2025 3807 2189 3843 xxxrv
2214 3801 2425 3844 montes

1399 3890 1510 3924 esse
1540 3871 1599 3923 in
1628 3868 1899 3923 Thessalia
1918 3907 1937 3935 ,
1966 3886 2150 3923 omnes
2179 3870 2424 3923 theatrali

1398 3949 1563 4003 modo
1614 3948 1866 4017 inflexos,
1903 3950 2129 4003 caveatis
2172 3962 2293 4005 ante
2333 3968 2423 4003 eos

1399 4049 1538 4082 mcxv
1578 4028 1821 4082 urbibus.
1853 4058 1936 4071 —-
1963 4028 2246 4084 Ambracia.
2277 4028 2422 4084 Urba

1400 4109 1572 4181 Epiri.
1600 4107 1732 4162 Vid.
1762 4106 1875 4163 ind.
1908 4127 2086 4186 geogr.
