3025 5025
617 468 758 536 DE
812 469 1159 538 BELLO
1215 471 1586 540 CIVILI.
1646 471 1835 538 LIB.
1892 472 2042 540 III.
2253 467 2401 540 235

359 601 689 670 XXXIII.
722 603 1050 670 Praeterea
1080 601 1332 696 Ephesi
1357 625 1398 670 a
1419 601 1582 671 fano
1604 603 1841 673 Dianae
1870 602 2203 699 depositas
2227 605 2409 672 anti·

264 706 472 797 quitus
517 708 834 800 pecunias
868 709 1091 803 Scipio
1131 707 1276 778 tolli
1304 707 1620 803 jubebat,
1656 724 2057 804 caeterasque
2088 711 2231 804 ejus
2268 710 2409 779 deae

261 811 522 881 statuas¹
537 839 552 880 ε
569 839 780 908 quum
793 815 862 882 in
880 815 1112 886 fanum
1125 829 1403 886 ventum
1419 832 1614 904 esset,
1624 815 1935 886 adhibitis
1949 815 2409 911 compluribus

263 921 564 988 senatorii
587 920 1050 1015 ordiniS‚quos
1069 922 1521 992 advocaverat
1546 923 1800 1017 Scipi0‚
1814 922 2019 992 literae
2042 925 2105 992 ei
2130 922 2413 992 reddun-

263 1037 365 1091 tur
391 1049 430 1091 a
457 1029 814 1122 Pompeio,
837 1058 872 1092 α
895 1053 1080 1098 mare
1109 1030 1444 1100 transiisse
1461 1054 1619 1100 cum
1646 1027 2021 1123 legionibus
2046 1031 2407 1099 Caesarem:

261 1149 648 1228 properaret
671 1134 758 1203 ad
785 1159 856 1204 se
887 1161 1040 1206 cum
1066 1137 1360 1206 exercitu
1382 1138 1611 1206 venire
1626 1189 1645 1224 ,
1668 1138 2026 1231 omniaque
2052 1135 2421 1231 posthabe-

260 1253 368 1306 ret.
399 1271 434 1306 >2
462 1242 586 1310 His
612 1238 822 1311 literis
849 1232 1175 1337 acceptis,
1197 1266 1364 1336 quos
1402 1243 1850 1334 advocaverat
1870 1297 1890 1332 ‚
1916 1243 2227 1312 dimittit:
2266 1243 2412 1337 ipse

257 1343 372 1414 iter
392 1349 459 1415 in
497 1347 968 1417 Macedoniam
1008 1373 1244 1444 parare
1275 1351 1506 1444 incipit
1526 1403 1546 1439 ‚
1576 1353 1939 1446 paucisque
1982 1363 2136 1444 post
2178 1347 2426 1418 diebus.

261 1467 350 1520 est
386 1454 753 1548 profectus.
804 1458 963 1526 Haec
1009 1481 1113 1526 res
1157 1456 1463 1551 Ephesiae
1498 1459 1799 1552 pecuniae
1842 1455 2125 1526 salutem
2170 1454 2411 1525 attulit.

355 1563 688 1630 XXXIV.
747 1563 1008 1649 Caesar,
1038 1565 1312 1660 Antonii
1347 1565 1643 1633 exercitu
1690 1565 2086 1657 conjuncte,
2128 1562 2415 1632 deducta

260 1667 459 1737 Orico
485 1667 781 1762 legione,
799 1693 1002 1763 quam
1021 1670 1286 1741 tuendae
1307 1695 1442 1742 01·ae
1469 1671 1817 1741 maritimae
1844 1693 2045 1738 causa
2066 1684 2415 1764 posuerat,

260 1775 605 1844 tentandas
649 1775 774 1843 sibi
810 1777 1186 1871 provincias
1206 1831 1225 1864 ‚
1259 1775 1653 1872 longiusque
1698 1775 2199 1871 procedendum
2244 1777 2413 1844 exis-

260 1881 578 1970 timabat3
607 1895 677 1950 et
720 1907 928 1976 quum
969 1883 1056 1951 ad
1100 1909 1254 1952 eum
1295 1907 1377 1952 ex
1415 1882 1761 1954 Thessalia
1802 1882 2179 1977 AEtoliaque
2216 1880 2417 1977 legati

261 1990 624 2075 venissent,
660 1990 775 2083 qui
818 1989 1128 2083 praesidio
1171 1993 1374 2062 misso
1419 1990 1897 2085 pollicerentur
1916 2045 1936 2079 ‚
1974 2015 2207 2058 earum
2245 2014 2414 2084 gen-

263 2094 419 2162 tium
466 2095 770 2171 civitates
813 2097 1141 2190 imperata
1169 2096 1496 2185 facturas,
1535 2099 1612 2165 L.
1661 2099 1967 2166 Cassium
2030 2097 2415 2189 Longinum

263 2223 408 2269 cum
454 2199 720 2294 legione
766 2203 1060 2271 tironum
1090 2257 1110 2290 ‚
1160 2228 1308 2296 quae
1353 2201 1817 2298 appellabatur
1853 2204 2130 2271 XXVII
2157 2255 2177 2290 ‚
2219 2217 2419 2296 atque

261 2308 591 2400 equitibus
629 2311 748 2377 CC
775 2309 844 2376 in
871 2307 1355 2394 Thessaliam¹3
1387 2312 1464 2380 C.
1499 2309 1867 2378 Calvisium
1906 2308 2226 2390 Sabinum
2260 2332 2417 2376 cum

264 2541 420 2581 mutuo
427 2530 614 2600 Cujac.
633 2528 1046 2586 Observationes
1057 2548 1186 2595 vm,
1201 2530 1230 2583 3
1240 2537 1272 2594 4
1281 2570 1292 2585 .

339 2610 475 2665 ΟΔΡ.
496 2610 762 2663 XXXIII.
788 2629 840 2663 1.
867 2610 1177 2682 Coeterasque
1194 2614 1298 2680 ejus

264 2688 364 2741 deoe
405 2701 617 2743 statuas.
649 2690 961 2743 Lectionem
1007 2690 1258 2761 Scaligeri
1285 2730 1302 2759 ,

265 2787 378 2839 quai
404 2782 486 2823 est
518 2766 766 2823 codicum
790 2771 1293 2834 vetustissimorum,

265 2867 490 2917 revoc03
517 2868 617 2903 nec
647 2848 808 2909 video
849 2868 948 2909 cur
991 2870 1056 2905 ex
1087 2852 1298 2921 conjec-

267 2930 398 2983 turis
446 2942 503 2982 et
546 2930 870 2987 lectionibus
914 2931 1133 2987 incertis
1181 2950 1297 2983 eam

267 3009 565 3080 simplicem
601 3008 896 3065 admodum
931 3024 1258 3064 mutaremus
1283 3029 1296 3063 :

267 3088 430 3160 Scip1‘o
461 3089 572 3141 tolli
587 3090 793 3160 jubebat
813 3092 1053 3161 depositas
1086 3094 1301 3162 antiqui·-

270 3180 342 3221 ἴω
370 3170 566 3240 Ephesi
579 3175 839 3239 pecunias,
865 3182 1008 3243 atque
1030 3175 1174 3223 ettam
1205 3191 1301 3223 σιε-

270 3260 393 3300 teras
428 3261 621 3301 statuas
655 3252 757 3321 ejas
790 3252 895 3303 deoe
908 3291 923 3314 ‚
951 3251 1065 3306 scil.
1108 3263 1303 3323 praeter

267 3330 760 3401 pecunias,statuas
786 3350 849 3383 ex
877 3349 1036 3397 aui-0,
1065 3343 1302 3402 argento,

270 3421 323 3461 et
347 3428 450 3463 sere
479 3408 760 3476 conflatas,
774 3412 906 3483 quin
930 3412 1096 3465 immo
1116 3425 1304 3465 caetera

269 3507 330 3541 ex
361 3490 518 3543 omni
545 3490 768 3543 materia
798 3491 1076 3563 formaque
1109 3511 1140 3543 a
1168 3491 1304 3562 regi-

269 3569 369 3623 bus
427 3582 484 3623 et
538 3571 754 3641 populis
808 3570 955 3625 dono
1001 3572 1123 3627 data
1137 3610 1154 3637 ,
1187 3588 1306 3643 quse

271 3650 454 3703 omnia
493 3650 902 3721 comprehendit
930 3672 1044 3705 uno
1086 3653 1306 3708 nomine

270 3742 475 3783 statuas.
502 3731 609 3783 Alii
623 3728 730 3783 fide
743 3732 1131 3788 nonnullorum
1145 3730 1305 3787 codd.

271 3808 564 3863 emendant
587 3823 807 3884 certaque
825 3815 926 3882 ejus
945 3817 1018 3865 rei
1031 3813 1112 3865 die
1131 3817 1308 3865 consti-

277 3901 382 3941 tuta
393 3910 416 3951 ;
441 3909 605 3961 quam
633 3890 1061 3949 emendationem
1091 3893 1306 3959 Ursini,

277 3970 636 4025 felicissimam
650 3984 824 4037 vocat,
837 3985 892 4027 et
906 3973 1066 4029 nihili
1086 3992 1196 4029 esse
1208 3973 1310 4027 lec·

273 4050 482 4103 tionem
493 4050 760 4122 vulgatam
769 4054 1094 4124 pronunciat
1101 4054 1306 4107 Morus.

275 4130 411 4196 Cur,
419 4132 598 4189 nescio
615 4151 633 4200 3
648 4150 773 4187 nam
787 4147 968 4189 nostra
985 4134 1144 4191 lectio
1161 4152 1310 4205 aeque

1389 2529 1529 2583 fluit.
1544 2530 1809 2583 Praeterea
1831 2528 2077 2581 auctorit.
2096 2539 2421 2598 temporum,

1388 2611 1662 2675 locorum,
1692 2621 1748 2661 et
1776 2608 2125 2661 historiarum
2146 2607 2422 2672 firmatum

1391 2689 1653 2761 templum
1668 2701 1847 2741 autem
1864 2688 2048 2740 Dianae
2066 2687 2216 2739 omni
2230 2705 2423 2757 genere

1389 2768 1732 2834 divitiarum,
1756 2787 1913 2833 auro,
1936 2778 2155 2837 argento
2171 2804 2187 2833 ,
2206 2766 2425 2833 statuis,

1389 2862 1551 2921 atque
1619 2849 1734 2903 aliis
1794 2846 2189 2920 pretiosissimis
2259 2848 2423 2899 rebus

1391 2929 1687 2984 abundasse
1724 2930 1842 3000 quis
1873 2926 2124 2999 ignorat?
2156 2926 2423 2979 Ceterum

1356 3006 1361 3012 ’
1390 3011 1504 3063 haec
1530 3009 1737 3081 phrasis
1770 3028 1895 3080 pars
1932 3020 2011 3061 est
2044 3027 2162 3079 cap.
2192 3002 2420 3078 praeced.

1389 3091 1448 3145 in
1474 3088 1604 3143 edit.
1629 3089 1914 3159 Scaliger.;
1943 3088 2119 3160 aptius
2144 3107 2276 3141 vero
2296 3088 2424 3140 huic

1389 3189 1504 3242 cap.
1532 3170 1800 3223 cohaerere
1829 3167 2061 3221 videtur.
2188 3214 2193 3220 .

1469 3250 1603 3305 Car.
1626 3250 1891 3303 XXXIV.
1926 3268 1976 3302 1.
2010 3250 2073 3302 In
2106 3248 2421 3300 Thessaliam.

1390 3332 1531 3396 Alii,
1563 3332 1707 3383 inter
1738 3348 1874 3402 quos
1902 3328 2025 3383 cod.
2058 3340 2199 3381 nost.
2236 3328 2387 3397 5764
2410 3366 2427 3393 ,

1391 3416 1442 3463 in
1477 3412 1763 3463 Thessalum·
1786 3414 1853 3461 ire
1860 3431 1881 3471 ;
1904 3410 1993 3463 alii
2006 3448 2025 3474 ‚
2043 3411 2093 3460 in
2126 3407 2425 3459 Thessaliam

1393 3496 1462 3544 ire
1479 3513 1499 3553 ,-
1524 3492 1615 3545 alii
1637 3492 1751 3545 haec
1783 3490 2057 3543 omittunt.
2071 3510 2152 3523 -·
2170 3487 2230 3540 C.
2262 3486 2426 3539 Calvi-

1391 3577 1514 3625 sium
1544 3571 1796 3625 Sabinum.
1838 3570 1903 3623 C.
1934 3563 2230 3630 Calvisius,
2258 3566 2425 3619 homo

1393 3671 1567 3705 novus
1583 3690 1600 3716 ,
1622 3670 1689 3703 ex
1717 3650 1926 3705 Sabinis
1948 3645 2209 3701 diiundus
2222 3683 2239 3712 ‚
2262 3664 2425 3718 quem

1395 3734 1577 3803 magni
1605 3729 1795 3802 judicii
1824 3730 2005 3783 virum
2035 3741 2091 3782 et
2116 3726 2429 3798 reipublicae

1396 3824 1661 3865 amantem
1667 3823 1822 3865 vocat
1831 3812 2053 3881 Cic.,ep.
2065 3807 2133 3862 ad
2144 3808 2265 3861 niv.
2274 3827 2364 3874 πρ
2374 3806 2427 3871 53

1396 3910 1499 3957 111,
1520 3892 1589 3945 25
1604 3904 1684 3957 ;et
1696 3891 1834 3944 Phil.
1851 3909 1942 3958 111,
1965 3910 2049 3944 10.
2064 3888 2250 3942 Primo
2260 3906 2427 3959 quoes-

1399 3984 1577 4026 turam
1599 3971 1758 4043 gessit
1777 4009 1793 4037 ,
1820 3990 1961 4024 anno
1992 3974 2142 4040 6943
2170 3968 2426 4023 tribunat.

1397 4054 1543 4125 pleb.
1560 4055 1631 4120 69
1640 4070 1695 4121 93
1709 4064 1997 4121 praeturam
2008 4050 2289 4119 urbanam,
2304 4066 2428 4119 701:

1397 4144 1701 4206 propraetor
1738 4130 2049 4201 Bithyniam
2078 4142 2133 4184 et
2160 4132 2395 4184 Pontum
2416 4166 2433 4196 ,
