3025 5025
574 444 714 510 DE
767 442 1124 512 BELLO
1181 443 1554 511 CIVILI.
1612 445 1807 517 LIB.
1862 447 2015 515 ΙΙΙ.
2240 445 2388 520 253

263 573 407 643 dum
440 599 707 644 cursum
751 574 1094 642 haberent.
1135 577 1289 668 Ipse
1333 590 1557 644 autem
1576 629 1596 664 ,
1628 580 2037 673 consumptis
2082 581 2391 652 omnihus

263 678 440 774 longe
485 680 746 776 lateque
803 681 1150 749 frumentis
1179 732 1198 768 ,
1243 683 1520 750 summis
1564 697 1708 750 erat
1748 684 1815 750 in
1860 687 2178 777 angustiis
2215 712 2230 754 ε
2277 689 2394 758 sed

263 801 469 856 tamen
507 788 652 856 haec
693 785 1009 880 singulari
1051 788 1367 880 patientia
1408 787 1646 858 milites
1685 788 2006 858 ferebant.
2048 793 2394 863 Recorda-

265 893 490 962 bantur
523 896 738 980 enim,
775 893 1007 962 eadem
1045 917 1114 961 se
1152 895 1491 988 superiore
1525 917 1717 985 ‚anno
1760 897 1831 963 in
1876 898 2194 991 Hispania
2245 925 2397 994 per—

265 1025 470 1092 pessos
491 1053 510 1087 ,
553 999 784 1068 labore
832 1013 899 1068 et
936 999 1252 1094 patientia
1292 1001 1656 1069 maximum
1697 1001 1943 1070 bellum
1989 1003 2394 1074 confecisse:

265 1108 726 1193 meminerant,
769 1104 856 1173 ad
890 1104 1177 1174 Alesiam
1218 1131 1533 1200 magnam
1572 1133 1641 1177 se
1682 1109 1977 1202 inopiam
2017 1135 2402 1204 perpeSSOS,

265 1212 458 1281 multo
474 1215 676 1282 etiam
693 1213 1016 1304 majorem
1036 1212 1121 1279 ad
1138 1212 1496 1281 Avaricum
1513 1268 1531 1301 ,
1553 1217 1993 1283 maximarum
2012 1241 2081 1284 se
2102 1218 2399 1310 gentium

267 1320 538 1388 victores
557 1316 978 1388 discessisse².
1008 1321 1195 1406 Non,
1216 1318 1342 1388 illis
1359 1320 1689 1389 hordeum
1710 1347 1917 1415 quum
1936 1322 2237 1409 daretur,
2264 1349 2401 1392 non

268 1423 588 1518 legumina
630 1424 1028 1494 recusabant
1052 1449 1310 1532 :specus
1343 1450 1505 1496 vero
1521 1413 1570 1514 ³,
1608 1427 1797 1519 cujus
1833 1431 1928 1496 rei
1973 1452 2231 1497 summa
2260 1445 2409 1498 erat

269 1557 338 1598 ex
369 1534 577 1625 Epiro
617 1532 813 1625 copia
834 1585 854 1619 ,
895 1555 1141 1624 magno
1177 1534 1246 1599 in
1289 1532 1547 1601 honore
1589 1533 1946 1620 habebant.
2074 1610 2081 1615 ,

358 1640 680 1706 XLVIII.
739 1640 861 1705 Est
901 1639 1098 1722 etiam
1129 1663 1338 1732 genus
1377 1638 1615 1707 radicis
1646 1641 1993 1722 inventum
2029 1641 2114 1708 ab
2150 1642 2263 1729 iis,
2294 1643 2409 1735 qui

269 1743 519 1814 fuerant
563 1768 718 1813 cum
755 1742 1086 1831 Valerio¹,
1126 1745 1306 1837 quod
1359 1744 1734 1840 appellatur
1786 1747 1994 1816 chara
2012 1745 2059 1835 ²,
2101 1745 2283 1842 quod
2304 1748 2410 1816 ad-

268 1966 358 2006 etc.
395 1954 524 2014 Haec
573 1953 793 2006 Caesaris
839 1965 1158 2024 repetuntur
1172 1992 1189 2019 ,
1233 1954 1291 2006 in

273 2033 402 2096 Plut.
428 2034 540 2086 vita
564 2033 840 2103 Pompeii,
866 2052 913 2086 c.
943 2033 1014 2086 65
1035 2051 1052 2097 ;
1073 2034 1130 2086 in
1159 2033 1288 2086 Caes.

276 2113 371 2182 393
398 2114 530 2167 item
552 2113 610 2164 in
631 2113 859 2185 Appian.
888 2114 949 2166 Β.
982 2113 1041 2168 C.
1070 2115 1126 2164 11
1145 2151 1161 2178 ,
1193 2117 1290 2167 66.

347 2214 397 2245 2.
421 2193 756 2244 Maximarum
777 2213 826 2244 se
845 2194 1060 2262 gentium
1083 2197 1295 2245 victores

273 2273 550 2326 discessisse.
574 2274 642 2326 Τὸ
665 2293 716 2324 se
739 2272 930 2326 inutile
952 2270 1164 2326 videtur
1194 2275 1297 2325 Da·-

275 2353 431 2416 visi03
465 2364 520 2404 et
557 2352 731 2423 reipsa
747 2391 764 2418 ,
795 2371 860 2406 eo
901 2350 1078 2404 deleto
1092 2391 1110 2416 ‚
1148 2353 1297 2405 locus

275 2451 415 2504 aeque
439 2451 596 2485 sanus
611 2444 690 2484 est
705 2469 722 2496 ‚
747 2446 800 2485 et
817 2449 998 2484 sensus
1018 2445 1163 2484 recte
1179 2451 1300 2504 per·

272 2514 486 2585 cipitur.
538 2513 732 2565 Totam
782 2514 922 2565 hanc
974 2511 1260 2583 periodum
1281 2552 1298 2578 ,

279 2598 657 2645 meminerant....
677 2592 972 2655 discessisse,
993 2611 1213 2645 manum
1225 2594 1304 2645 in-

279 2672 611 2744 terpolatoris
621 2691 840 2743 arguere
848 2684 1002 2743 putat
1011 2673 1301 2725 Bentleius.

355 2754 410 2807 3.
449 2754 606 2803 Pecus
627 2771 764 2805 vero.
794 2753 878 2805 Ita
911 2750 1068 2805 codd.
1103 2770 1304 2805 omnes.

282 2832 458 2903 Steph.
476 2831 608 2885 edit.
630 2832 791 2884 habet
806 2833 1059 2893 Panicum,
1075 2845 1136 2885 ut
1147 2850 1310 2903 supra

282 2913 316 2966 l.
333 2914 390 2965 ΙΙ
409 2952 424 2978 ,
444 2913 506 2964 Β.
532 2912 592 2965 C.
607 2949 624 2975 ‚
648 2931 737 2965 22.
759 2910 903 2965 Vide
923 2924 1125 2965 notam.

357 2993 490 3045 Cu.
544 2991 802 3044 XLVIII.
853 3010 902 3045 1.
960 2992 1076 3062 Qu?
1109 2994 1314 3060 fuerant

285 3092 384 3123 cum
447 3070 666 3125 Valerio.
715 3072 940 3125 Prorsus
999 3072 1314 3142 ignorantur

287 3152 530 3217 Valerius
560 3152 660 3203 iste
697 3162 750 3202 et
786 3151 982 3206 milites
1012 3154 1140 3222 ejus.
1173 3153 1314 3205 Vos·

287 3232 390 3287 sius
434 3232 666 3302 amplam
696 3228 764 3283 de
795 3250 858 3283 eo
887 3230 1024 3285 duce
1069 3232 1317 3285 notitiam

289 3310 465 3379 dedit,
494 3309 640 3364 unde
676 3310 878 3378 innuit,
907 3313 1012 3371 hoc
1042 3313 1192 3375 loco,
1233 3312 1317 3383 agi

291 3390 352 3444 de
382 3391 554 3457 Lucio
583 3390 804 3442 Valerio
842 3391 1030 3445 Flacco
1045 3432 1060 3459 ,
1089 3404 1320 3462 praetore

294 3470 541 3525 adversus
567 3468 940 3523 Mithridatem
964 3472 1024 3523 in
1046 3471 1169 3524 Asia
1199 3472 1325 3525 mis·
1365 3472 1371 3483 '

295 3570 373 3617 so,
403 3570 532 3605 cum
572 3551 824 3621 vigesima
864 3550 1074 3621 legione
1117 3550 1177 3603 V
1167 3552 1323 3603 aleria

297 3629 434 3684 dicta
451 3671 468 3699 ,
498 3648 618 3700 quse
656 3643 840 3701 postea
857 3671 872 3698 ,
901 3631 1180 3683 interfecto
1211 3633 1324 3683 Va·

297 3710 424 3763 lerio
443 3750 460 3779 ,
485 3730 518 3761 a
537 3711 710 3780 legato
732 3730 830 3763 suo
857 3710 920 3766 C.
947 3711 1208 3773 Fimbria,
1237 3730 1323 3764 an.

302 3791 366 3843 U.
395 3792 457 3845 C.
491 3792 606 3843 668
630 3784 650 3851 (
670 3790 810 3843 Vell.
842 3792 1045 3843 Patere.
1069 3809 1148 3855 11,
1185 3797 1256 3854 ²4
1276 3788 1326 3856 ),

305 3870 586 3921 Fimbriana
629 3869 732 3922 fuit
772 3871 1048 3941 appellata.
1081 3868 1188 3923 Sed
1224 3871 1328 3923 hoc

303 3968 468 4003 unum
493 3950 671 4002 obstat
692 3950 964 4011 Vossianae
985 3952 1328 4021 conjectura,

305 4030 412 4081 scil.
458 4047 622 4083 xxxvt
654 4030 740 4082 vel
772 4049 959 4083 xxxvn
996 4031 1123 4083 anni
1167 4030 1332 4100 elapsi

305 4122 450 4161 erant
489 4129 520 4162 a
564 4122 740 4163 morte
776 4110 1011 4177 Valerii3
1043 4123 1098 4165 et
1140 4128 1332 4183 parum

1379 1955 1658 2026 probabile
1678 1954 1742 2008 fit
1766 1955 1969 2026 aliquot
1988 1956 2183 2010 milites
2210 1975 2275 2010 ex
2300 1960 2411 2028 ejus

1380 2035 1617 2088 exercitu
1671 2034 1813 2088 inter
1874 2036 2200 2091 Caesarianos
2254 2037 2413 2091 fuisse

1380 2128 1633 2169 versatos.
1680 2114 1942 2169 Praeterea
1957 2155 1973 2182 ,
2002 2117 2047 2168 si
2090 2118 2185 2187 qui
2230 2136 2416 2189 super-

1382 2195 1612 2260 fuerint,
1651 2212 1778 2248 cum
1816 2196 1880 2249 L.
1928 2196 2147 2249 Valerio
2196 2197 2385 2252 Flacco
2398 2237 2415 2264 ,

1381 2273 1580 2345 prioris
1604 2274 1667 2328 L.
1690 2275 1894 2327 Valerii
1914 2275 1993 2326 Fl.
2023 2276 2165 2344 filio,
2188 2278 2284 2347 qui
2310 2296 2417 2330 me·

1385 2366 1627 2406 moratur
1667 2354 1839 2419 infra,
1867 2373 1915 2406 c.
1954 2355 2025 2408 53
2044 2392 2060 2420 ‚
2092 2355 2150 2406 in
2181 2357 2417 2410 exercitu

1385 2432 1659 2504 Pompeii,
1680 2435 1863 2504 potius
1904 2451 2066 2506 quam
2098 2433 2224 2487 alibi
2265 2455 2419 2508 repe-

1387 2514 1487 2566 riri
1528 2512 1840 2567 debuerant.
1884 2514 2017 2579 Sed,
2046 2529 2109 2568 ut
2146 2534 2212 2568 ex
2242 2518 2421 2569 altiori

1388 2612 1502 2646 rem
1528 2606 1766 2665 repetam
1782 2634 1797 2661 ,
1823 2592 1968 2646 unde
1984 2594 2123 2647 banc
2138 2596 2423 2649 lectionem

1393 2686 1713 2745 acceperunt
1750 2674 1959 2727 critici?
1983 2674 2117 2739 Quis
2158 2694 2275 2727 eam
2318 2676 2428 2747 pri-

1393 2772 1513 2807 mus
1562 2751 1815 2807 dederit?
1853 2754 1965 2825 Ipsi
2009 2752 2221 2820 dicant;
2259 2774 2427 2826 quum

1395 2831 1554 2886 codd.
1577 2834 1773 2899 nostri,
1798 2847 1851 2886 et
1868 2852 1991 2887 mss.
2016 2836 2085 2886 ab
2104 2833 2428 2888 Oudendor-

1395 2914 1490 2985 pio
1515 2913 1689 2979 citati,
1710 2913 1966 2979 habeant,
1991 2918 2075 2986 qui
2092 2917 2300 2982 fuer-ant
2320 2916 2380 2968 V
2372 2937 2429 2967 α-

1399 2994 1605 3057 let-ibam
1636 2992 1783 3045 unde
1818 2988 2013 3046 m'erito
2054 2995 2135 3048 Cl.
2168 2996 2433 3049 Gruterus
2475 3028 2481 3033 -

1401 3074 1697 3144 suspicatur
1731 3073 1821 3126 hic
1863 3073 2027 3127 latere
2069 3076 2176 3129 loci
2216 3094 2433 3131 nomen.

1401 3154 1549 3206 Urbs
1600 3155 1657 3205 V
1650 3154 1801 3205 aleres
1853 3172 2073 3225 prorsus
2128 3157 2433 3227 ignoratum

1404 3232 1498 3287 sed
1542 3246 1655 3287 erat
1692 3232 1966 3304 quondam
2006 3234 2107 3287 alia
2152 3234 2439 3308 Hispanica

1405 3332 1525 3384 quae
1573 3314 1781 3366 Valeria
1820 3314 2111 3367 vocabatur
2124 3352 2141 3381 ,
2179 3317 2237 3367 in
2284 3318 2441 3369 meri·

1406 3392 1609 3446 dionali
1633 3406 1785 3465 parte
1808 3392 2109 3448 Celtiberiae
2138 3396 2238 3447 sita
2253 3433 2271 3461 ,
2292 3414 2440 3449 nunc

1407 3492 1615 3545 pauper
1659 3474 1837 3541 vicus,
1874 3474 2095 3527 nomine
2142 3475 2199 3525 V
2192 3476 2352 3538 aler-a,
2384 3477 2441 3527 in

1410 3572 1551 3607 nova
1580 3553 1813 3607 Castilla.
1847 3554 2058 3606 Nomen
2082 3566 2261 3607 autem
2296 3557 2353 3607 V
2348 3558 2445 3607 ale-

1372 3689 1375 3698 ,
1413 3636 1524 3695 rioe,
1554 3634 1693 3687 forte
1731 3645 2051 3704 corruptum
2080 3634 2138 3685 in
2169 3634 2443 3704 prioribus

1414 3732 1539 3767 mss.
1559 3754 1574 3780 ,
1590 3714 1647 3765 in
1665 3714 1722 3764 V
1714 3713 1922 3764 aler-ihus
1942 3713 2089 3765 abiit.
2117 3714 2276 3767 Tunc
2300 3716 2443 3767 mili-

1417 3805 1496 3845 tes
1511 3806 1672 3845 erunt
1690 3792 1993 3857 Afraniani3
2013 3792 2263 3846 Afranius
2286 3796 2452 3865 enim,

1385 3896 1388 3899 ⁴
1419 3872 1577 3935 initio
1602 3872 1756 3939 belli,
1780 3884 2006 3942 praeerat
2032 3872 2301 3944 Hispania
2325 3876 2451 3928 cite-

1417 3952 1579 4017 riori,
1606 3952 1695 4003 cui
1732 3951 2021 4005 Celtiberia
2066 3972 2266 4007 nomen
2310 3970 2449 4028 erat,

1419 4030 1533 4085 vid.
1561 4032 1598 4084 1.
1620 4032 1679 4100 1,
1706 4048 1752 4083 c.
1786 4032 1880 4086 38.

1499 4130 1559 4168 2.
1596 4110 1778 4166 Chat-a.
1806 4112 1981 4167 Multa
2010 4126 2065 4168 et
2088 4115 2233 4171 varia
2258 4114 2331 4168 de
2348 4117 2453 4173 hoe
