3025 5025
644 462 784 542 1³32
931 466 1018 534 C.
1063 463 1355 532 JULII
1410 459 1889 532 CAESARIS
1928 457 2513 530 COMMENT.

627 595 1100 685 rum²‚1nulta
1151 597 1394 666 nostris
1451 592 1536 663 de
1588 594 1951 689 improviso
2002 591 2535 689 imprudentibus
2582 604 2799 684 atque

618 651 962 799 ¹impeditis
1003 702 1281 771 vulnera
1333 701 1780 771 inferebant:
1833 702 2383 830 conspicataeque·
2404 723 2611 768 naves
2656 699 2798 766 tri-

629 835 843 880 remes
873 810 1022 880 duae
1049 833 1288 879 navem
1317 807 1404 876 D.
1442 810 1633 877 Bruti
1653 862 1672 896 ,
1703 833 1849 902 quae
1874 833 1951 876 ex
1979 807 2219 902 insigni
2228 791 2477 875 ³facile
2507 806 2799 898 agnosci

628 931 930 1012 poterat,
975 915 1234 985 duabus
1289 939 1372 984 ex
1428 915 1731 1010 partibus
1782 939 1923 983 sese
1978 916 2047 982 in
2094 938 2242 982 eam
2299 914 2797 980 incitaverant·
2778 961 2799 994 ‚

628 1023 746 1092 sed
787 1038 1051 1092 tantum
1071 1076 1090 1110 ,
1136 1047 1210 1091 re
1259 1014 1530 1116 provisa
1553 1074 1573 1109 ,
1628 1025 1873 1090 Brutus
1936 1019 2271 1090 celeritate
2318 1020 2506 1088 navis
2558 1019 2803 1086 enisus

627 1144 730 1198 est
753 1183 772 1217 ‚
819 1144 896 1197 ut
949 1153 1162 1225 parvo
1217 1143 1560 1198 momento
1608 1127 2045 1197 antecederet.
2094 1126 2232 1196 111ae
2274 1124 2441 1194 adeo
2490 1127 2805 1219 graviter

629 1237 805 1305 inter
833 1261 901 1305 se
929 1239 1219 1305 incitatae
1257 1235 1703 1304 conflixerunt
1722 1289 1741 1323 ,
1770 1249 1847 1304 ut
1876 1233 2455 1303 vehementissime
2484 1246 2803 1324 utraeque

625 1367 709 1410 ex
755 1367 1088 1412 concursu
1137 1341 1556 1426 laborarent3
1602 1340 1811 1410 altera
1862 1365 2025 1410 vero
2041 1395 2060 1429 ,
2106 1354 2445 1434 praerupto
2492 1351 2729 1407 rostro
2747 1325 2800 1424 ⁴,

625 1462 771 1517 tota
805 1448 1272 1518 collahefieret.
1331 1449 1488 1538 Qua
1532 1474 1604 1517 re
1646 1449 1944 1516 animum
1987 1446 2300 1533 adversa,
2337 1470 2484 1540 quae
2539 1445 2796 1538 proxi-

621 1579 751 1623 mae
789 1557 850 1624 ei
880 1555 1030 1625 loco
1069 1581 1152 1624 ex
1187 1557 1376 1624 Bruti
1421 1554 1629 1625 classe
1658 1579 1861 1624 naves
1898 1568 2089 1623 erant
2109 1603 2129 1640 ‚
2166 1553 2237 1620 in
2274 1576 2387 1620 eas
2423 1551 2797 1646 impeditas

620 1661 950 1756 >impetum
995 1662 1280 1750 faciunt,
1319 1659 1753 1755 celeriterque
1798 1661 2029 1730 ambas
2072 1659 2473 1753 deprimunt.

711 1893 762 1926 ².
793 1873 988 1942 Magna
1022 1875 1104 1923 vis
1141 1874 1322 1927 eminus
1361 1873 1504 1927 missa
1536 1871 1658 1924 telo-

626 1972 730 2004 rum
735 1991 929 2006 .......
958 1950 1242 2018 inferebant.
1277 1952 1391 2004 Hac
1427 1952 1659 2014 lectione

629 2033 866 2084 offensus
896 2032 1196 2084 Hotmanus
1227 2050 1292 2084 ex
1323 2032 1544 2103 antiquo
1575 2050 1662 2084 co·

625 2110 745 2164 dice
769 2111 1009 2182 reposuit
1031 2131 1209 2180 magna
1233 2115 1292 2162 vi
1313 2115 1494 2164 eminus
1515 2115 1661 2163 missa

627 2192 824 2242 telorum
871 2191 1170 2258 inferebant,
1208 2190 1380 2247 male:
1411 2209 1539 2244 nam
1578 2195 1659 2243 ‘vis

623 2271 682 2324 h.
726 2271 763 2322 l.
810 2269 1212 2323 multitudinem
1257 2270 1536 2341 significat.
1590 2271 1662 2323 Et

622 2351 797 2422 reipsa
818 2348 937 2403 cod.
961 2361 1142 2402 noster
1167 2351 1233 2403 R.
1269 2350 1420 2420 5768
1442 2368 1455 2403 :
1481 2369 1661 2418 magna

625 2435 804 2482 eminus
833 2434 978 2481 missa
1010 2429 1208 2481 telorum
1239 2425 1531 2491 multitudo(
1548 2430 1659 2481 for-

621 2529 716 2565 san
731 2530 760 2563 e
773 2505 974 2581 glossa)
992 2548 1005 2561 .
1013 2548 1044 2563 ..
1052 2548 1064 2560 .
1087 2508 1370 2574 inserebant.
1392 2509 1660 2561 Caeterum

623 2590 847 2643 minime
877 2607 1060 2644 rarum
1091 2602 1170 2641 est
1199 2601 1260 2643 ut
1287 2588 1496 2640 nomini
1522 2590 1660 2645 ,mul-

622 2668 872 2722 titudinis
912 2668 1164 2739 singulari
1195 2668 1402 2739 plurale
1431 2669 1660 2721 verbum

624 2748 962 2821 adjungatur.
999 2747 1214 2799 Sic'lib.
1241 2747 1329 2799 ΙΙΙ
1347 2784 1362 2811 ,
1387 2748 1450 2799 Β.
1486 2749 1579 2813 C.,
1610 2766 1656 2801 c.

629 2830 662 2883 8
676 2848 698 2881 1
723 2829 911 2883 :Nulla
937 2826 1319 2893 Thessalioefuit
1345 2829 1512 2879 civitas
1544 2831 1660 2899 quin

631 2901 822 2962 Coesan‘
837 2918 1069 2978 parerent
1096 2916 1239 2977 atque
1266 2908 1496 2976 imperata
1514 2906 1660 2973 sace-

628 2999 748 3041 rent.
781 2984 913 3039 Vid.
952 2998 1006 3037 et
1039 2985 1192 3055 Hisp.
1222 2985 1284 3037 B.
1318 2988 1352 3037 6
1371 3023 1386 3050 ,
1417 2997 1472 3037 et
1510 2986 1658 3053 Lim,

627 3086 677 3121 ιι
693 3105 710 3133 ,
744 3066 810 3131 55
843 3066 972 3118 item
982 3064 1220 3117 Gronov.
1244 3062 1312 3116 ad
1325 3065 1442 3117 Liv.
1468 3084 1658 3133 xxxw,

637 3166 659 3199 1
673 3149 724 3199 6.
738 3146 830 3199 Nil
839 3163 965 3215 ergo
977 3142 1311 3197 mutandum.
1324 3176 1382 3187 -
1397 3146 1476 3197 De
1490 3148 1663 3216 impro-

631 3231 746 3280 viso.
784 3226 911 3277 Haec
934 3224 1086 3276 uncis
1106 3223 1322 3277 inclusit
1350 3224 1658 3280 Oberlinus.

630 3304 780 3359 Cur?
809 3304 1024 3357 nescio:
1049 3323 1175 3356 nam
1191 3304 1250 3357 in
1277 3306 1472 3359 nostris
1499 3303 1658 3358 codd.

629 3397 684 3437 et
713 3386 772 3436 in
804 3397 938 3456 optt.
971 3381 1178 3437 adsunt.

717 3466 770 3518 3.
816 3465 905 3517 Ex
948 3467 1141 3533 insigni.
1185 3464 1336 3517 Hanc
1375 3464 1661 3517 lectionem

629 3544 864 3597 restituit
910 3544 1128 3597 Gabriel
1179 3544 1429 3597 Faernus.
1483 3543 1658 3597 Codd.

633 3626 744 3677 fere
773 3642 958 3677 omnes
1001 3644 1061 3675 ex
1103 3628 1237 3693 igni,
1267 3642 1370 3694 pro
1411 3645 1473 3675 ex
1518 3628 1661 3693 igne,

631 3723 743 3757 non
778 3704 915 3759 male
953 3704 996 3756 si
1035 3722 1120 3755 res
1163 3715 1328 3755 noctu
1363 3714 1504 3773 gesta
1535 3703 1663 3755 fuis-

633 3797 728 3839 set.
748 3786 816 3836 At
832 3782 955 3837 edd.
978 3796 1106 3836 vett.
1125 3795 1180 3835 et
1197 3794 1379 3834 noster
1395 3784 1460 3834 R.
1481 3780 1629 3852 5768
1644 3821 1661 3847 ‚

633 3884 694 3915 ex
705 3868 846 3933 signo
857 3882 870 3917 z
887 3861 1032 3915 idem
1043 3874 1135 3915 est.
1154 3864 1352 3931 Insigne
1363 3874 1539 3914 autem
1548 3862 1661 3915 Go-

580 3973 586 3979 ·
633 3942 832 3995 duinus
879 3944 1258 4015 interpretatur
1274 3980 1290 4005 ‚
1331 3943 1627 4013 παράσημον
1643 3980 1658 4001 ,

634 4024 846 4095 signum
871 4022 1074 4093 pictum
1094 4062 1108 4089 ,
1136 4022 1220 4074 vel
1251 4022 1491 4074 caelatum
1514 4022 1663 4093 quod

634 4103 692 4156 in
743 4102 915 4174 puppi
964 4101 1359 4173 applicabatur,
1391 4114 1446 4155 et
1482 4120 1514 4154 a
1554 4122 1662 4174 quo

1746 1871 1896 1924 navis
1941 1889 2139 1924 nomen
2168 1867 2489 1941 recipiebat;
2522 1869 2601 1922 sic
2644 1869 2801 1942 apud

1746 1951 1941 2022 virgil.
1972 1951 2065 2004 lib.
2096 1971 2158 2016 v,
2188 1969 2327 2003 vers.
2366 1967 2498 2002 122:

1810 2031 2045 2076 Centauro
2069 2029 2305 2076 invehitur
2326 2043 2497 2090 magna
2505 2061 2646 2074 .....

1746 2111 1817 2162 Et
1856 2129 1939 2182 ap.
1978 2110 2149 2162 Tacit.
2178 2110 2217 2162 l.
2249 2127 2339 2174 v1,
2372 2109 2544 2161 annal.
2590 2129 2639 2162 c.
2696 2113 2731 2164 3
2744 2118 2798 2173 4.

1746 2191 1853 2243 Nec
1868 2194 2115 2262 quisquam
2133 2193 2283 2241 ariete
2298 2187 2676 2258 sacrficaverit,
2694 2211 2801 2241 cm-

1746 2270 1850 2321 dito
1870 2273 2057 2322 ‘vexisse
2078 2271 2358 2356 Phryxum,
2382 2289 2479 2320 save
2504 2269 2559 2320 id
2581 2272 2795 2331 animal,

1744 2369 1829 2400 seu
1870 2354 2005 2401 ηανιζς
2042 2335 2227 2418 insigne
2257 2350 2379 2416 suit.
2422 2349 2493 2400 At
2531 2349 2797 2402 Davisius

1746 2426 1991 2480 denotari
2044 2439 2199 2520 putat
2248 2429 2459 2498 signum
2515 2431 2799 2498 praetoriae

1743 2508 1869 2561 navi
1891 2507 2171 2579 proprium
2188 2547 2204 2573 ‚
2224 2508 2380 2581 quale
2392 2507 2498 2560 fuit
2521 2509 2797 2563 vexillum

1744 2607 2079 2659 purpureum
2094 2627 2111 2654 ,
2137 2600 2227 2641 aut
2245 2588 2424 2643 turriS.
2441 2586 2587 2640 Vide
2608 2588 2802 2643 Schef-

1745 2666 1841 2719 fer.
1868 2666 1935 2719 de
1961 2668 2116 2721 milit.
2141 2688 2292 2733 nav.‚
2312 2669 2408 2720 lib.
2433 2686 2533 2732 111,
2560 2687 2608 2721 c.
2638 2688 2692 2722 1.
2710 2703 2800 2713 -—

1754 2748 1991 2809 Tantum,
2019 2767 2069 2798 re
2086 2751 2299 2818 provisa.
2322 2749 2483 2799 Recte
2502 2766 2568 2800 ex
2588 2752 2800 2803 nostris

1746 2824 1907 2880 codd.
1934 2828 2183 2883 nonnulli
2208 2839 2424 2879 tanta-re
2443 2831 2665 2897 provisa.

1829 2912 1883 2969 4.
1926 2908 2188 2979 Praerupto
2218 2920 2389 2960 rostro.
2429 2907 2798 2963 Restituimus

1746 3005 1810 3039 ex
1840 2987 2036 3039 Vossio
2058 3027 2073 3055 ,
2102 2998 2157 3039 et
2184 2984 2367 3040 codice
2409 2999 2598 3039 nostro
2635 2991 2797 3061 regio

1750 3066 1925 3136 5768,
1942 3067 2109 3119 veluti
2133 3064 2367 3135 vividius
2386 3079 2440 3118 et
2458 3067 2656 3139 aptius.
2675 3071 2799 3123 Alii

1738 3147 1987 3216 perfracto
2002 3184 2017 3207 ‚
2055 3146 2121 3199 al.
2159 3148 2425 3215 praefracto
2446 3166 2465 3198 .·
2495 3165 2611 3198 non
2650 3150 2804 3202 male

1747 3244 1961 3296 quoque
1976 3264 1994 3290 ,
2024 3224 2117 3279 sed
2162 3224 2220 3278 id
2264 3226 2515 3278 ultimum
2562 3230 2795 3283 rectius,

1746 3306 1875 3376 Reg.
1907 3317 2088 3358 noster
2134 3305 2283 3376 5764
2302 3342 2319 3371 ,
2343 3307 2559 3376 perfecto
2582 3326 2604 3358 :
2628 3326 2795 3361 men-

1702 3422 1706 3427 ,
1746 3381 1891 3438 dose.
1916 3386 2100 3450 Quum
2122 3399 2299 3438 autem
2318 3383 2563 3437 nondum
2590 3404 2655 3439 ea
2674 3400 2795 3449 tor-

1746 3477 1927 3517 menta
1956 3465 2216 3518 haberent
2254 3484 2373 3536 quae
2411 3484 2667 3519 vocamus
2704 3490 2798 3521 ca-

1747 3563 1897 3609 nons,
1927 3546 2113 3597 rostris
2144 3545 2292 3597 aereis
2320 3546 2633 3599 acutissimis
2666 3566 2797 3602 suas

1748 3642 1908 3677 naves
1949 3625 2310 3691 instruebant,
2340 3642 2456 3695 quae
2472 3664 2489 3694 ,
2512 3638 2680 3678 vento
2739 3641 2798 3683 et

1747 3703 1909 3756 remis
1959 3717 2085 3757 actae
2097 3742 2113 3771 ‚
2156 3717 2305 3758 tanto
2359 3706 2565 3776 impetu
2620 3706 2795 3760 simul

1749 3781 2163 3851 collidebantur,
2195 3797 2257 3837 ut
2286 3802 2425 3855 saepe
2449 3784 2591 3837 inter
2608 3804 2665 3838 se
2692 3806 2795 3840 co-

1748 3862 2009 3917 haerentes
2033 3865 2179 3916 nulla
2203 3866 2260 3917 vi
2284 3862 2508 3917 distrahi
2536 3880 2794 3936 possent&

1750 3962 1814 3995 eo
1848 3956 2023 3997 autem
2054 3945 2277 3997 consilio
2307 3962 2467 3997 naves
2484 3946 2675 3997 rostris
2699 3965 2797 3999 ar-

1750 4025 2063 4091 mabantur,
2096 4038 2157 4077 ut
2182 4024 2421 4077 hostium
2449 4025 2800 4095 perforarent

1748 4102 1975 4174 navigia.
