3025 5025
559 479 702 547 DE
755 478 1108 546 BELLO
1153 477 1526 546 CIVILI.
1574 478 1767 546 LIB.
1821 480 1977 548 III.
2236 482 2387 556 223

237 612 556 708 refugere
605 616 990 705 coegerunt.
1037 608 1144 678 Ad
1193 609 1326 678 hoc
1378 608 1855 680 detrimentum
1914 614 2227 702 accessit,
2276 631 2391 708 ut,

233 719 558 814 equitibus
576 743 704 813 per
725 741 914 786 oram
935 716 1338 786 maritimam
1355 715 1443 784 ab
1457 718 1751 786 Antonio
1778 717 2143 812 dispositis,
2160 727 2392 817 aquari

235 826 768 921 prohiberentur.
771 825 928 912 Qua
949 825 1342 892 necessitate
1359 838 1430 892 et
1449 825 1817 918 ignominia
1828 840 2173 921 permotus
2192 830 2393 920 Libo,

233 933 526 1002 discessit
553 957 596 1000 a
622 930 1010 1018 Brundisio,
1039 929 1623 1025 obsessionemque
1646 946 2031 1001 nostrorum
2050 935 2290 1004 omisit.

331 1041 558 1108 XXV.
623 1033 884 1108 Multi
861 1061 999 1130 Jam
1047 1061 1310 1106 menses
1363 1036 1825 1127 transierant¹‚
1880 1053 1950 1108 et
2002 1039 2273 1110 hiems
2250 1067 2393 1135 Jam

233 1147 764 1240 praeeipitaverat
791 1198 811 1233 ‚
863 1167 1082 1238 neque
1142 1143 1494 1212 Brundisio
1556 1149 1770 1214 naves'
1822 1143 2247 1240 legionesque
2304 1150 2391 1218 ad

232 1255 561 1322 Caesarem
608 1251 969 1320 veniebant
1001 1277 1016 1319 :
1063 1273 1142 1318 ac
1192 1248 1531 1319 nonnullae
1572 1251 1715 1345 ejus
1768 1253 1865 1320 rei
1930 1255 2393 1348 praetermissae

233 1361 612 1428 occasiones
655 1358 902 1430 Caesari
933 1356 1334 1427 videbantur
1352 1411 1372 1444 ‚
1405 1355 1591 1451 quod
1626 1372 1807 1428 certe
1850 1383 2027 1454 saepe
2066 1359 2392 1431 flaverant

233 1468 407 1535 venti
429 1464 480 1554 ²,
537 1465 782 1561 quibus
851 1465 1224 1534 necessario
1273 1464 1829 1534 committendum
1896 1466 2319 1536 existimabat
2372 1493 2388 1536 ε

233 1587 616 1668 quantoque
653 1571 795 1665 ejus
825 1569 1108 1668 amplius
1137 1585 1555 1666 processerat
1584 1572 1904 1666 temporis
1921 1625 1941 1660 ‚
1980 1588 2177 1643 tanto
2198 1589 2392 1644 erant

232 1679 584 1754 alacriores
618 1679 704 1748 ad
749 1677 1116 1766 custodiaS‚
1141 1678 1256 1772 qui
1302 1676 1621 1746 classibus
1666 1693 2031 1772 praeerant3
2063 1680 2389 1773 majorem

234 1785 546 1856 fiduciam
585 1784 986 1880 prohibendi
1027 1783 1396 1871 habebant,
1425 1798 1494 1854 et
1521 1783 1773 1854 crebris
1807 1787 2109 1881 Pompeii
2156 1785 2393 1858 litteris

233 1895 759 1990 castigabantur,
771 1892 1088 1988 quoniam
1108 1893 1329 1986 primo
1341 1890 1721 1960 venientem
1739 1893 2072 1962 Caesarem
2086 1917 2225 1963 non
2244 1919 2395 2027 pro·

233 2000 638 2089 hibuissent,
652 2014 730 2072 ut
740 1998 1028 2094 reliquos
1042 1999 1098 2094 ej
1105 2023 1182 2070 us
1193 1999 1523 2070 exercitus
1536 1997 1974 2093 impedirent·
1989 1985 2389 2096 duriusque³

307 2211 442 2264 Cu».
477 2210 659 2263 XXV.
696 2228 745 2263 1.
773 2209 929 2262 Multa·
944 2211 1054 2280 jam
1085 2227 1264 2260 menses

235 2295 540 2344 transierant.
567 2287 848 2356 Vidimus,
865 2307 979 2361 cap.
1005 2293 1068 2354 6,
1097 2289 1266 2342 Caesa·

229 2389 340 2424 rem
364 2370 639 2423 transiisse
668 2371 866 2422 fretum
895 2367 1074 2441 pridie
1097 2387 1264 2422 nonas

230 2449 524 2523 januarias,
538 2449 634 2522 qui
649 2448 763 2502 dies
775 2489 790 2519 ‚
808 2449 867 2502 iu
888 2448 1098 2502 octobri
1113 2465 1266 2502 men·

232 2551 311 2598 se,
337 2552 406 2585 ex
437 2530 647 2587 Usserii
676 2530 1265 2602 computatione‚jnci-

231 2610 408 2677 debat,
417 2623 706 2683 antequam
715 2609 1268 2665 Caesar-kalendarium

230 2692 548 2745 confecisset
577 2709 768 2745 suum:
795 2689 944 2745 unde
989 2692 1096 2745 hoc
1144 2691 1266 2743 loco

233 2773 378 2824 Iaz'ems
391 2774 509 2844 jam
528 2774 939 2843 proecipoe'tavemt.
969 2769 1100 2825 vid.
1129 2789 1266 2843 quo-

233 2872 336 2924 que
366 2870 567 2925 supra,
597 2870 712 2923 cap.
752 2870 780 2905 α
800 2889 817 2919 ,
856 2862 970 2905 not.
1004 2859 1057 2915 4.
1089 2851 1267 2917 Quem

232 2933 413 2985 locum
449 2950 564 2983 non
602 2930 862 2985 intellexit
890 2932 1114 2984 'Vossius
1135 2971 1150 3000 ,
1173 2932 1268 3003 qui

233 3013 500 3066 Casan-em
546 3012 720 3063 multos
766 3030 944 3063 menses
999 3010 1270 3082 scripsisse

233 3091 392 3158 dicit,
416 3092 546 3163 quia
570 3091 712 3144 illius
732 3090 1036 3165 impatienti
1056 3089 1270 3145 deside·

232 3173 315 3226 rio
346 3172 492 3225 meti
516 3169 855 3226 videbantur.
891 3172 962 3225 At
994 3171 1114 3224 eoeli
1152 3183 1269 3224 tan-

235 3250 524 3307 tummodo
538 3291 555 3320 ‚
579 3270 692 3305 non
715 3253 911 3305 mentis
943 3265 1036 3305 aut
1064 3249 1272 3323 cupidi·

235 3353 369 3386 num
387 3351 606 3387 suarum
625 3330 865 3386 adhibita
883 3331 1093 3386 ratione
1106 3371 1121 3400 ,
1134 3342 1270 3384 tem-

234 3434 368 3486 pora
400 3424 714 3485 computare
741 3410 903 3466 debet
926 3412 1236 3466 historicus.

322 3515 375 3547 a.
413 3492 560 3545 Certe
584 3512 714 3565 soepe
730 3494 984 3566 flaverant
1013 3495 1166 3545 venei.
1189 3492 1274 3544 Ita

237 3572 398 3627 codd.
420 3592 607 3627 omnes
620 3592 634 3626 :
648 3592 761 3627 non
779 3572 1080 3645 spernenda
1095 3584 1272 3625 tamen

241 3654 510 3707 Grouovii
527 3655 835 3723 conjectura
850 3691 867 3719 ‚
888 3654 984 3725 qui
1011 3652 1140 3725 legit
1156 3655 1280 3705 cerei

241 3753 346 3805 pro
363 3746 507 3795 certe,
523 3732 670 3805 quod
693 3745 846 3787 notat
863 3744 1146 3794 constantes,
1165 3750 1278 3785 uno

240 3814 395 3885 quasi
421 3827 610 3867 tenore
639 3812 857 3881 ssantes,
889 3825 944 3867 et
981 3826 1046 3867 ut
1071 3814 1273 3866 Lucan.

244 3892 412 3960 dicit,
444 3896 480 3949 l.
500 3915 567 3960 v,
596 3895 746 3957 413:

235 3997 402 4037 ron-tius
437 3997 599 4037 hiberni
636 3998 773 4046 nnius,
810 3994 1030 4051 columque
1056 3998 1281 4049 fretumque

239 4066 382 4119 Quum
405 4084 569 4123 σφι-η,
590 4078 752 4120 ment,
778 4082 896 4123 quam
927 4084 1026 4123 quos
1053 4069 1286 4129 incumbet·

407 4144 538 4179 omo·

242 4209 402 4249 Perfid-
423 4210 600 4251 nubit-ri
617 4220 724 4251 veut
743 4211 1010 4253 humanus
1035 4212 1156 4253 vui-⁸.

1435 2209 1488 2261 3.
1537 2209 1817 2281 Duriusque
1852 2209 2067 2281 quotidie
2107 2221 2289 2282 tempus
2322 2213 2397 2264 ad

1355 2287 1777 2357 transportandum
1796 2325 1811 2348 ,
1841 2289 2101 2341 lenioribus
2122 2295 2284 2343 ventis
2307 2313 2391 2343 ex-

1352 2367 1647 2437 spectabant.
1673 2366 1800 2419 Haec
1817 2368 1981 2421 verba
2004 2368 2266 2422 Oberlino
2291 2371 2389 2422 ob·

1352 2465 1506 2500 scura
1519 2445 1789 2500 videntur.
1802 2447 2063 2517 Quinam,
2078 2449 2255 2522 inquit
2275 2450 2387 2516 ille,

1353 2528 1725 2601 exspectabant
1738 2526 1765 2579 Ρ
1790 2528 2073 2581 Casu-iani
2112 2547 2180 2582 an
2226 2531 2388 2583 Pom-

1351 2607 1573 2680 peimi?
1602 2618 1883 2679 syntaxeos
1914 2606 2050 2661 ordo
2076 2610 2197 2661 vult
2225 2610 2388 2662 Pom-

1351 2689 1606 2759 peianos,
1637 2685 1732 2739 sed
1760 2705 1844 2739 res
1871 2687 2106 2758 postulat
2132 2689 2390 2742 Caesaria-

1353 2786 1468 2821 nos.
1479 2768 1553 2821 Et
1561 2757 1801 2839 reipsain
1814 2766 1963 2821 hunc
1972 2765 2195 2821 modum
2213 2781 2390 2824 totum

1352 2847 1502 2901 hunc
1531 2848 1713 2899 locum
1743 2846 2028 2918 explicant.
2064 2848 2242 2901 Caesar
2270 2868 2389 2901 mo·

1353 2946 1471 2981 ram
1494 2945 1717 2980 suorum
1743 2925 1949 2980 idcirco
1970 2927 2185 3000 justiori
2210 2948 2393 3001 repre·

1353 3007 1615 3061 hensione
1626 3005 1842 3078 dignam
1855 3019 2027 3079 putat,
2042 3006 2189 3080 quod
2202 3007 2391 3063 durius

1355 3086 1602 3159 quotidie
1628 3100 1841 3158 tempus
1860 3127 1877 3157 ‚
1905 3100 1961 3140 et
1988 3106 2099 3160 quo
2137 3088 2283 3142 venti
2322 3088 2391 3142 ad

1355 3165 1836 3240 transportandum
1904 3168 2135 3222 leniores
2214 3170 2391 3224 rarius

1356 3248 1550 3301 flarent
1568 3286 1586 3315 ,
1615 3266 1729 3301 esse
1771 3250 1883 3319 jam
1930 3268 2033 3321 pro
2082 3249 2211 3302 anni
2255 3262 2393 3303 tem-

1356 3340 1563 3401 pestate
1590 3326 2007 3400 exspectandum
2038 3347 2054 3381 ε
2084 3329 2159 3382 ita
2208 3330 2389 3384 Clark.

1359 3421 1414 3461 at
1433 3406 1789 3481 Oudendorp.
1809 3426 2023 3462 sensum
2040 3409 2147 3462 loci
2167 3409 2393 3480 putabat

1359 3508 1470 3543 esse
1501 3489 1651 3542 hune
1684 3507 1698 3541 :
1727 3487 1861 3541 dum
1886 3500 2194 3561 exspectant
2220 3488 2393 3543 lenio·

1359 3588 1445 3622 res
1465 3581 1655 3622 ventos
1686 3567 1754 3621 ad
1780 3567 2255 3640 transportandum
2272 3586 2394 3637 ‚ex-

1362 3647 1657 3721 spectando
1667 3648 1936 3719 accipiunt
1952 3647 2193 3719 quotidie
2206 3646 2397 3701 durius

1363 3741 1591 3799 tempus.
1624 3725 1731 3781 Sed
1764 3728 1881 3781 hoe
1916 3728 2099 3780 omnia
2127 3746 2239 3781 non
2270 3739 2399 3781 sunt

1364 3808 1424 3861 in
1438 3808 1620 3862 verbis
1631 3846 1647 3875 ‚
1664 3826 1790 3860 meo
1810 3807 1995 3860 saltem
2015 3805 2247 3879 judici03
2261 3824 2396 3879 qua-

1364 3898 1591 3960 propter
1621 3886 1690 3940 ad
1726 3887 2081 3961 Pompeianos
2116 3887 2262 3961 ipsos
2298 3888 2401 3942 ista

1366 3969 1572 4035 refero,
1602 3980 1655 4019 et
1686 3966 2015 4039 interpretor
2043 3986 2061 4021 τ
2092 3980 2229 4021 tanto
2258 3979 2403 4021 erant

1367 4049 1629 4099 «lact-iores
1656 4047 1729 4097 ad
1752 4048 2053 4103 ‹tm-tahas...
2076 4052 2395 4123 majoremque

1357 4127 1597 4199 fiduciam
1636 4126 1903 4191 habebant,
1954 4140 2002 4181 ee
2041 4128 2219 4183 mbr-is
2248 4131 2402 4183 Pom·

1364 4213 1466 4282 peii
1477 4210 1665 4271 tinet-125,
1677 4220 1767 4261 etc.
1775 4208 2069 4282 ..cher-iusque
2078 4210 2399 4281 qmeidiaessoe,
