3025 5025
637 500 786 582 412
1435 497 1579 566 DE
1639 495 1989 566 BELLO

633 627 848 698 multa
911 642 1146 698 contra
1205 652 1464 698 morem
1530 631 2217 725 consuetudinemque
2272 630 2617 701 militarem
2664 629 2761 700 fie-

637 749 822 823 rent,
863 759 1010 830 quae
1053 734 1488 807 dissolvendae
1540 734 1947 834 disciplinae·²
1994 739 2491 832 severitatisque
2534 753 2771 821 essent;

637 865 845 936 eaque
905 843 1128 912 omnia
1183 841 1484 937 flagitare
1544 842 1906 912 adventum
1962 867 2155 913 suum
2208 845 2467 914 videret
2501 870 2521 932 ;
2572 859 2773 916 tamen

636 948 1126 1043 praeferendum
1167 950 1569 1020 existimavit
1587 1004 1608 1039 ‚
1647 973 1813 1044 quas
1858 952 1925 1018 in
1962 954 2349 1046 provincias
2362 952 2775 1047 regionesque

636 1057 961 1145 venisset,
997 1080 1108 1126 eas
1137 1059 1230 1125 ita
1269 1055 1641 1151 relinquere
1678 1059 2107 1156 constitutaS‚
2148 1073 2225 1128 ut
2264 1059 2647 1127 domesticis
2670 1057 2775 1126 dis·

639 1163 1055 1232 sensionibus
1096 1162 1540 1262 liberarentur
1558 1217 1576 1252 ,
1600 1163 1757 1257 jura
1792 1163 2103 1260 legesque
2142 1167 2558 1260 acciperent,
2597 1178 2666 1232 et
2688 1189 2776 1232 ex-

639 1283 988 1338 ternorum
1051 1271 1347 1341 hostium
1414 1286 1667 1339 metum
1729 1269 2161 1365 deponerent.
2224 1275 2385 1340 Haec
2434 1273 2508 1340 in
2572 1271 2779 1365 Syria,

640 1375 878 1445 Cilicia
901 1431 921 1465 ‚
972 1377 1130 1446 Asia
1151 1431 1171 1466 ‚
1227 1377 1531 1446 celeriter
1568 1385 1639 1446 s'e
1694 1377 2158 1450 confecturum
2216 1378 2530 1473 sperabat
2560 1427 2581 1460 ,
2626 1377 2783 1471 quod

639 1481 746 1551 hae
799 1484 1164 1578 provinciae
1216 1483 1402 1553 nullo
1456 1482 1633 1553 bello
1696 1485 2193 1579 premebantur.
2235 1487 2321 1554 In
2362 1484 2688 1603 Bithynia
2721 1507 2785 1552 ac

643 1590 860 1658 Ponto
899 1589 1050 1684 plus
1085 1593 1306 1661 oneris
1345 1591 1616 1660 videbat
1656 1591 1781 1660 sibi
1824 1591 2249 1685 impendere:
2288 1617 2427 1661 non
2452 1591 2653 1660 enim
2690 1615 2784 1658 ex-

643 1696 912 1765 cessisse
953 1698 1169 1766 Ponto
1223 1683 1681 1767 Pharnacem³
1732 1698 2067 1785 audierat,
2108 1722 2324 1793 neque
2376 1721 2789 1767 excessurum

643 1803 960 1896 putabat,
995 1828 1205 1897 quum
1243 1804 1539 1873 secundo
1575 1803 1803 1899 praelio
1838 1819 2013 1874 esset
2040 1805 2475 1874 vehementer
2500 1805 2790 1891 inflatus,

644 1907 828 2001 quod
885 1923 1122 1978 contra
1174 1912 1549 1979 Domitium
1601 1910 1960 1981 Calvinum
2010 1912 2276 1982 fecerat.
2331 1914 2792 1982 Commoratus

647 2013 787 2082 fere
824 2016 892 2082 in
937 2015 1247 2085 omnibus
1287 2017 1701 2106 civitatibus»,
1749 2043 1898 2113 quae
1952 2020 2204 2112 majore
2260 2033 2417 2090 sunt
2454 2017 2794 2112 dig-nitate,

647 2123 920 2215 praemia
973 2121 1142 2192 bene
1187 2125 1442 2194 meritis
1504 2140 1573 2194 et
1628 2126 1877 2194 viritim
1930 2139 2001 2194 et
2054 2124 2319 2220 publice
2370 2125 2609 2194 tribuit
2653 2149 2669 2191 :
2718 2123 2795 2191 de

650 2230 1122 2298 controversiis
1165 2229 1501 2299 veteribus
1560 2234 1909 2326 cognoscit
1956 2255 2035 2300 ac
2092 2233 2322 2301 statuit
2364 2258 2379 2300 ε
2426 2255 2618 2325 reges
2646 2282 2665 2316 ‚
2700 2245 2797 2324 ty-

653 2357 898 2404 rannos
921 2387 939 2421 ‚
981 2335 1292 2429 dynastas
1335 2339 1695 2432 provinciae
1719 2392 1738 2426 ‚
1781 2337 2261 2433 finitimosque,
2297 2341 2410 2433 qui
2450 2362 2683 2407 omnes
2720 2335 2801 2405 ad

654 2464 808 2511 eum
858 2457 1373 2533 concurrerant,
1409 2458 1715 2539 receptos
1758 2445 1829 2513 in
1870 2444 2072 2514 fidem
2092 2499 2111 2534 ‚
2150 2444 2640 2515 conditionibus
2687 2445 2799 2513 im-

654 2549 886 2642 positis
922 2551 1280 2643 provinciae
1319 2552 1586 2620 tuendae
1620 2576 1699 2620 ac
1736 2550 2169 2623 defendenda}
2186 2607 2205 2643 ‚
2244 2553 2553 2647 dimittit,
2588 2566 2657 2620 et
2688 2551 2803 2621 sibi

656 2667 724 2723 et
765 2654 1018 2749 populo
1054 2658 1364 2727 Romano
1406 2660 1855 2728 amicissimos.

765 2762 1014 2831 LXVI.
1061 2765 1297 2833 Paucis
1327 2764 1563 2835 diebus
1589 2766 1658 2834 in
1688 2790 1765 2833 ea
1796 2767 2143 2861 provincia
2178 2767 2595 2861 consumptis
2611 2820 2632 2853 ,
2662 2767 2803 2835 Sex.

659 2868 992 2937 Caesarem
1009 2922 1030 2955 ,
1073 2872 1365 2939 amicum
1407 2884 1476 2939 et
1514 2875 1961 2941 necessarium
2000 2895 2196 2942 suum
2216 2927 2239 2961 ‚
2280 2871 2651 2968 legionibus
2696 2873 2805 2967 Sy-

659 2973 902 3067 riaeque
924 2973 942 2999 ¹
985 2976 1297 3071 praeficit3
1337 2980 1477 3073 ipse
1524 2979 1758 3049 eadem
1802 2979 2009 3049 classe
2024 3034 2043 3068 ‚
2086 3004 2221 3073 qua
2262 2994 2573 3069 venerat,
2610 2978 2805 3075 profi-

665 3198 840 3253 codd.
871 3202 1144 3274 plerique,
1173 3204 1494 3275 induigentia.
1530 3207 1692 3259 Bene.
1782 3207 1970 3260 tinere.
1986 3205 2131 3259 Vide
2148 3220 2202 3259 et
2214 3207 2479 3273 Priscian,
2500 3210 2594 3273 18,
2626 3219 2680 3260 et
2700 3217 2807 3259 not.

666 3280 745 3334 M.
805 3280 931 3333 Non
977 3283 1114 3335 male
1155 3296 1334 3337 tmen
1393 3284 1695 3354 indulgentia
1786 3284 1855 3339 ad
1887 3286 1948 3338 B.
1980 3287 2044 3341 C.
2074 3305 2133 3355 1,
2164 3290 2257 3342 82.

666 3361 920 3414 convenit
957 3379 1081 3415 cum
1119 3363 1391 3417 ambitione.
1425 3365 1541 3417 Nec
1570 3384 1698 3436 ergo

667 3458 804 3512 opus
834 3455 914 3495 est
943 3442 1170 3496 Bentleii
1205 3444 1456 3496 Insolentia
1487 3444 1573 3496 vel
1613 3464 1699 3496 ne·

667 3522 926 3592 gligeneia.
973 3522 1078 3576 On.
1114 3524 1248 3576 Vim
1281 3523 1428 3578 vocis
1468 3526 1705 3577 inutiliter

671 3620 832 3673 snpra
863 3600 1061 3655 dictam
1091 3606 1408 3676 comprobat
1436 3624 1541 3657 vox
1572 3604 1703 3657 indi-

673 3682 876 3752 ligentia
892 3684 980 3735 vel
1005 3684 1324 3754 indulgentia.

759 3780 810 3814 2.
843 3763 1174 3817 Diksoloendoe
1202 3765 1487 3836 disciolinoe.
1522 3766 1703 3817 Intra-

673 3838 816 3893 dunt
837 3844 1000 3915 vulgo
1037 3864 1205 3899 causa.
1237 3846 1360 3912 Quo
1400 3864 1512 3899 non
1550 3864 1702 3918 opus.

677 3919 766 3974 Sic
791 3936 847 3975 et
865 3923 1106 3989 Terent,
1131 3924 1255 3993 Ad„
1279 3944 1354 3993 11,
1385 3932 1450 3991 ιί,
1477 3931 1545 3992 63
1564 3926 1705 3992 Liv„

681 4020 750 4054 11.
758 4037 775 4066 ,
799 4023 826 4056 2
837 4022 869 4072 9
881 4040 900 4069 ‚
913 4002 1374 4059 dissolvendarum
1386 4007 1707 4078 religionum

677 4100 814 4147 esse,
835 4082 984 4153 quod
1011 4084 1191 4138 Valer.
1218 4084 1318 4152 M„
1341 4104 1391 4151 1,
1413 4108 1456 4151 x,
1479 4084 1708 4153 rasted-

681 4158 765 4215 dit
797 4158 867 4216 ad
896 4163 1206 4221 solvendam
1239 4166 1707 4238 religionem-per-

1870 3366 1924 3419 3.
1964 3364 2429 3419 Pharnacemvid.
2460 3384 2578 3438 cap.
2614 3373 2708 3431 41.
2741 3366 2809 3417 Μ.

1870 3446 2001 3500 cn».
2048 3446 2245 3499 LXVI.
2295 3464 2345 3498 1.
2399 3446 2517 3499 sa.
2560 3446 2811 3499 omma.
2926 3412 2928 3471 ἶ

1788 3524 1979 3580 Sextus
2015 3526 2193 3579 Julius
2232 3526 2353 3578 Snx.
2390 3525 2450 3578 F.
2492 3527 2555 3579 C.
2595 3526 2667 3579 N.
2696 3526 2809 3579 Su.
2926 3516 2928 3539 ²

1789 3606 1968 3659 anc.
2000 3606 2265 3678 originem
2290 3605 2521 3658 ducebat
2548 3626 2578 3658 a
2596 3606 2712 3659 Sex.
2728 3605 2815 3658 Ju-
2925 3618 2928 3669 ἦ

1792 3686 1861 3738 lio
1887 3686 2083 3739 Caesm
2100 3686 2163 3739 C.
2182 3685 2316 3738 sulii
2339 3684 2618 3739 dictatoris
2636 3683 2815 3758 proavi
2926 3748 2928 3759 ἶ

1792 3766 1970 3819 fratre.
2001 3766 2159 3819 Pater
2183 3768 2297 3839 ejus
2319 3765 2539 3818 Flamen
2562 3780 2679 3819 erat
2696 3764 2819 3831 Qui-

1790 3846 1993 3899 rinalis.
2020 3876 2101 3889 --
2130 3846 2397 3919 Syriaque.
2440 3847 2705 3900 Enelitica
2737 3863 2819 3898 oc·

1794 3927 1963 3979 currit
2008 3926 2065 3978 in
2106 3924 2264 3979 codd.
2300 3958 2382 3969 --
2410 3924 2605 3979 Εαῶηι
2636 3928 2817 3990 classe,

1795 4026 1893 4079 qua
1920 4018 2138 4059 venerat.
2183 4006 2350 4079 Atqui
2392 4016 2615 4060 venerat
2652 4008 2820 4061 cm
2926 4032 2928 4041 ·

1796 4086 1987 4140 itinere
2017 4087 2289 4140 terrestri:
2315 4084 2439 4140 vide
2468 4105 2519 4141 c.
2555 4088 2648 4141 33.
2682 4087 2821 4157 Ergo

1794 4167 2027 4239 scriptor
2044 4204 2060 4232 ,
2089 4181 2233 4220 nunc
2272 4164 2343 4221 de
2370 4167 2535 4221 classe
2564 4166 2788 4236 loquens
2805 4202 2821 4230 ‚
