3025 5025
607 460 750 535 558
1134 433 1151 490 Ὗ
1387 426 1525 531 DE
1586 433 2010 531 BELLO

596 598 664 663 in
705 596 1002 663 omnium
1045 607 1422 686 conspectu.
1456 596 1609 663 Huc
1650 592 2043 679 accedebat,
2086 607 2161 662 ut
2200 592 2383 662 locus
2426 593 2538 661 illa
2578 593 2729 687 pla·-

595 702 754 769 nitie
780 702 1140 793 equitatum
1179 684 1476 767 ornaret³
1475 714 1593 785 ,et
1618 698 1746 767 diei
1784 698 2067 793 solisque
2106 702 2455 787 serenitas3
2494 712 2571 767 ut
2606 702 2731 767 mi-

596 806 857 876 rifibum
893 820 960 875 et
995 805 1366 899 optandum
1401 820 1663 898 tempus
1698 828 1909 901 prope
1947 805 2035 873 ab
2080 803 2199 873 diis
2240 804 2733 873 immortalibus

597 911 756 981 illud
797 912 1136 981 tributum·
1173 926 1343 981 esset
1397 911 1482 979 ad
1532 910 1829 1004 praelium
1883 911 2451 979 committendum.
2497 913 2735 981 Nostri

599 1017 842 1101 laetaxi,
885 1016 1184 1086 nonnulli
1229 1021 1428 1085 etiam
1477 1018 1741 1099 timere,
1788 1018 1968 1110 quod
2017 1019 2085 1085 in
2132 1034 2284 1085 eum
2344 1016 2569 1086 locum
2626 1038 2735 1085 res

600 1124 1012 1216 fortunaeque
1056 1125 1354 1193 omnium
1411 1122 1951 1211 deducerentur,
2008 1138 2126 1209 ut,
2188 1123 2505 1217 quidquid
2578 1137 2737 1217 post

597 1229 832 1299 horam
867 1254 1056 1300 casus
1065 1216 1481 1312 ⁴tribuisset,
1511 1230 1581 1297 in
1606 1228 1812 1297 dubio
1842 1243 2215 1323 poneretur
2256 1232 2489 1324 Itaque
2520 1232 2733 1298 nostri

601 1335 684 1412 ad
721 1334 1166 1405 dimicandum
1210 1334 1607 1427 procedunt3
1634 1333 1698 1403 id
1733 1335 1913 1429 quod
1954 1334 2361 1403 adversarios
2398 1336 2735 1403 existima·
2806 1356 2815 1363 ·

501 1462 504 1466 ·
600 1441 834 1509 bamus
859 1456 1010 1509 'esse
1049 1441 1338 1511 facturos
1378 1466 1394 1508 z
1433 1442 1803 1534 quintamen
1827 1466 1865 1508 a
1887 1443 2253 1537 munitione
2286 1440 2513 1535 oppidi
2555 1440 2736 1509 mille

600 1547 902 1641 passibus
964 1546 1220 1640 longius
1278 1572 1414 1615 non
1474 1546 1807 1615 audebant
1855 1546 2253 1641 procedere-3
2308 1548 2377 1614 in
2422 1571 2563 1640 quo
2612 1546 2736 1613 sibi

600 1676 810 1747 prope
857 1674 1124 1721 murum
1165 1652 1521 1721 adversarii
1542 1643 1992 1748 praelianduin
2031 1646 2540 1721 constituebant.
2577 1642 2735 1744 {Ita-

601 1784 730 1853 que
765 1761 975 1829 nostri
1011 1758 1401 1853 procedunt.
1442 1759 1786 1827 Interdum
1834 1760 2101 1852 aequitas
2144 1758 2271 1827 loci
2320 1755 2734 1827 adversarios

603 1864 1044 1959 efflagitabat,
1071 1880 1146 1933 ut
1178 1863 1290 1933 tali
1318 1865 1695 1933 conditione
1724 1863 2199 1936 contenderent
2226 1864 2311 1931 ad
2338 1866 2734 1932 victoriam:

602 1995 816 2063 neque
859 1985 1082 2041 tamen
1119 1968 1210 2037 illi
1252 1994 1290 2037 a
1335 1994 1454 2038 sua
1489 1971 1965 2039 consuetudine
2008 1956 2451 2039 decedebant⁵
2458 1985 2585 2057 ,ut
2621 1978 2737 2037 aut

601 2077 688 2144 ah
723 2075 982 2145 excelso
1019 2074 1206 2163 loco,
1247 2080 1362 2143 aut
1405 2078 1488 2144 ab
1532 2074 1779 2172 oppido
1822 2074 2247 2148 discederent.
2293 2078 2523 2146 Nostri
2554 2076 2735 2170 pede

603 2206 830 2276 presso
857 2183 1128 2276 propius
1165 2182 1382 2251 rivum
1417 2190 1625 2275 quum
1663 2184 2331 2278 appropinquassent,
2373 2182 2731 2250 adversarii

606 2290 1039 2382 pratrocinari
1073 2287 1222 2357 loco
1264 2289 1490 2381 iniquo
1526 2314 1662 2357 non
1706 2289 2029 2358 desinunt.
2164 2326 2170 2336 ·

709 2396 942 2463 XXX..
972 2398 1134 2464 Erat
1162 2395 1332 2463 acies
1359 2396 1530 2490 XIII
1561 2394 1792 2488 aquilis
1820 2397 2207 2477 constituta,
2244 2415 2390 2487 quoe
2420 2392 2733 2462 lateribus

605 2503 895 2594 equitatu
934 2501 1312 2596 tegebatur,
1356 2526 1509 2569 cum
1546 2500 1673 2569 levi
1710 2517 2045 2568 armatura
2081 2499 2371 2569 millibus
2402 2503 2538 2570 VI:
2568 2526 2761 2595 prae·‚

605 2621 788 2676 terea·
819 2607 1162 2676 auxiliares
1199 2607 1604 2675 accedebant
1630 2624 1837 2702 prope
1864 2605 2142 2674 alteru’m
2174 2621 2451 2675 tantum.
2482 2608 2731 2674 Nostra

606 2704 904 2806 praesidia
925 2711 942 2736 ¹
985 2711 1246 2781 LXXX
1302 2711 1685 2782 cohortibus
1735 2727 1804 2782 et
1842 2715 2015 2782 VIII
2073 2711 2357 2782 millibus
2412 2713 2728 2806 equitum.

605 2821 746 2906 Ita,
781 2844 985 2912 quum
1035 2820 1102 2886 in
1141 2819 1435 2896 extrema
1476 2817 1744 2912 planitie
1792 2820 2089 2913 iniquum
2133 2819 2202 2886 in
2246 2816 2467 2888 locum
2524 2819 2751 2886 nostri·

606 2927 1275 3020 appropinquassent,
1300 2939 1569 3018 'paratus
1608 2925 1816 2994 hostis
1859 2915 2332 3018 crat'superior
2354 2978 2372 3011 ,
2402 2939 2477 2992 ut
2512 2939 2729 2992 trans-

608 3028 842 3102 eundi²
874 3033 1171 3124 superius
1199 3031 1323 3098 iter
1361 3031 1787 3128 vehementer
1820 3045 1991 3100 esset
2025 3029 2485 3125 periculosum.
2530 3030 2731 3117 Quod

608 3162 809 3230 quum
839 3161 882 3207 a
901 3139 1160 3205 Caesare
1186 3151 1356 3206 esset
1383 3136 1915 3206 animadversum
1932 3191 1951 3224 ,
1978 3161 2065 3204 ne
2090 3136 2245 3230 quid
2268 3149 2517 3204 temere
2541 3135 2729 3229 culpa

691 3311 744 3368 3.
777 3310 1003 3363 Ornat-et.
1037 3311 1138 3364 Res
1160 3310 1392 3381 postulat
1419 3310 1626 3379 adjuva·
1716 3311 1916 3381 recepit
1930 3308 2257 3380 Oud.Vulgo
2268 3308 2414 3362 deest
2424 3310 2727 3362 havet-hum.

609 3401 704 3454 ret,
731 3402 820 3442 aut
845 3390 1014 3442 simile
1039 3391 1283 3444 verbum.
1309 3390 1386 3442 Μ.
1417 3387 1594 3442 Credo
1610 3427 1627 3454 ,
1803 3389 1851 3445 5.
1880 3387 2202 3442 Decedebant.
2221 3387 2307 3442 Sic
2324 3386 2441 3443 eod.
2468 3391 2533 3442 R.
2554 3389 2729 3460 Vulgo

600 3475 806 3540 juvaret.
834 3502 913 3512 —
944 3469 1028 3521 Ab
1067 3469 1162 3520 diis
1193 3469 1460 3520 [mmor-tal.
1494 3467 1625 3520 Vid.
1715 3468 2031 3520 discedebant.
2050 3467 2367 3521 Emendavit
2382 3468 2731 3521 Davisius.—

611 3552 671 3610 Β.
702 3550 784 3602 ΑΙ.
817 3568 866 3605 ο,
895 3548 965 3619 75
984 3586 1002 3614 ,
1024 3561 1078 3600 et
1097 3545 1233 3611 Afr„
1258 3555 1330 3618 74
1365 3559 1417 3600 et
1443 3549 1536 3602 82.
1716 3543 2054 3609 Patrocinari(
2068 3545 2200 3612 sihi)
2218 3549 2323 3600 1000
2350 3552 2415 3600 in.
2439 3546 2514 3599 M.

692 3635 746 3693 4.
769 3627 937 3685 Casus.
959 3627 1043 3682 Sic
1061 3627 1286 3680 edidisse
1305 3627 1627 3696 scaligerum
1714 3663 1724 3669 -
1796 3629 1926 3680 Cu».-
1963 3628 2140 3680 XXX.
2198 3645 2245 3680 1.
2282 3627 2470 3681 Nostra
2502 3623 2731 3697 prasidio

610 3719 792 3763 monet
821 3705 1069 3760 Oudend.
1093 3725 1106 3760 ε
1131 3727 1251 3760 nam
1277 3707 1335 3759 in
1359 3705 1517 3764 codd.
1551 3719 1629 3760 est
1718 3701 1935 3769 (noster
1966 3707 2224 3760 exercitus
2251 3708 2568 3760 constitutus
2589 3718 2699 3758 erat
2714 3741 2731 3770 ,

611 3809 780 3842 causas
797 3826 812 3850 ,
837 3807 989 3840 rums
1003 3827 1017 3850 ‚
1047 3807 1174 3840 cras.
1217 3785 1474 3852 Quaedam
1504 3785 1627 3840 edd.
1716 3786 1819 3838 hoc
1852 3799 1929 3839 est
1958 3783 2257 3851 constabat)
2290 3787 2523 3838 LXXX
2553 3787 2731 3837 cohor-t.

611 3888 666 3940 p.
698 3870 799 3920 hor.
831 3871 999 3920 castras
1017 3867 1180 3937 fieret.
1199 3867 1275 3919 Μ.
1291 3889 1370 3902 --
1397 3867 1463 3920 Id
1482 3867 1629 3938 quod.
1717 3866 1794 3918 Μ.
1816 3863 1991 3919 codd.
2012 3865 2230 3936 quidam
2261 3867 2473 3918 colam-tes
2490 3879 2544 3918 et
2566 3865 2731 3917 millia.

612 3947 718 4000 Alii
735 3985 750 4008 ‚
787 3946 942 4018 idque.
973 3979 1052 3990 --
1077 3949 1141 4002 ln
1169 3965 1278 4020 quo·
1313 3949 1424 4009 An,
1457 3947 1589 4018 quod
1601 3953 1633 3998 ι’
1804 3966 1853 3998 2.
1898 3947 1947 3998 T
1943 3945 2215 3998 ramundi.
2240 3945 2499 3998 Nonnulli
2530 3941 2733 3998 codices

615 4039 678 4078 ut
707 4027 774 4079 sit
787 4065 804 4091 ,
833 4027 972 4098 quia.
1002 4027 1080 4079 M.
1109 4027 1236 4081 Mox
1251 4026 1577 4098 proeliandum
1600 4044 1632 4079 c
1718 4024 1919 4079 habent
1956 4029 2175 4077 transire.
2214 4024 2319 4076 Alii
2361 4025 2693 4077 transeundum
2711 4059 2727 4082 ,

617 4104 734 4160 cod.
763 4106 978 4162 Norvic.
1009 4104 1158 4160 dedit
1188 4105 1386 4173 Davis.;
1399 4125 1430 4158 e
1449 4106 1628 4162 Petav.
1721 4123 1875 4158 sensu
1905 4105 2184 4175 paululum
2210 4116 2479 4158 contorto.
