3025 5025
439 568 456 579 .
523 519 677 603 614
771 517 911 586 DE
967 512 1658 584 COMPENDIIS
1710 507 2582 581 SCRIPTURARUM.

2480 656 2666 675 Μ

1082 658 1538 681 mmmm
1542 657 1729 677 m
1732 656 2006 677 mmm

1017 859 1224 964 AD
1307 852 2174 961 LECTOREM.

519 666 607 685 m

526 1379 951 1474 Compendia
975 1386 1470 1477 scripturarum
1484 1435 1507 1470 ,
1540 1404 1704 1476 quae
1730 1383 1994 1451 canc-tels·
2036 1378 2337 1449 Caesarzls
2364 1374 2687 1471 operibus

627 1511 1021 1575 communia
1061 1522 1230 1575 sunt
1239 1560 1264 1594 ,
1299 1508 1697 1599 refi'eruntur
1734 1510 1809 1575 in
1838 1509 2067 1601 primo
2107 1502 2457 1573 volumine
2467 1552 2490 1587 ,
2503 1522 2687 1597 pag.

638 1623 679 1699 5
697 1652 722 1698 1
740 1651 789 1724 9
827 1644 901 1698 et
937 1631 1374 1726 sequentibus
1393 1658 1415 1700 .·
1447 1632 1581 1701 sed
1608 1632 1719 1701 hic
1757 1628 2078 1700 notanda
2110 1625 2439 1722 quaedam
2481 1640 2651 1693 sunt
2663 1678 2688 1712 ,

631 1778 794 1848 quoe
834 1758 956 1825 vel
990 1762 1062 1825 in
1104 1758 1224 1830 illo
1274 1762 1535 1826 omissa
1560 1810 1583 1844 ,
1645 1757 1766 1825 vel
1800 1776 1963 1849 quae
2003 1753 2400 1850 specialiter
2441 1750 2550 1819 ad
2575 1773 2692 1817 se-

633 1878 928 1947 cundum
974 1880 1106 1949 hoc
1169 1882 1491 1949 volumen
1536 1884 1901 1978 pertinent
1923 1933 1946 1967 ,
1996 1881 2536 1975 praesertimque
2593 1870 2701 1943 ad

634 2005 895 2072 Fastos
937 2006 1121 2075 Belli
1163 2008 1387 2077 Ctvz‘lzzs
1421 2031 1444 2073 .·

610 2296 683 2349 A.
715 2294 783 2349 C.
809 2324 892 2338 —-
915 2297 1073 2351 Ante
1097 2292 1397 2353 Christum
1428 2307 1660 2353 natum.

611 2410 679 2465 Β.
707 2404 806 2464 Af.
837 2407 959 2465 sive
991 2412 1060 2466 Β.
1093 2408 1223 2466 Afr.
1260 2443 1336 2453 ——
1367 2408 1605 2467 Bellum
1646 2406 2016 2467 Africanum.

614 2526 682 2580 B.
710 2525 787 2579 H.
819 2523 940 2581 sive
972 2528 1040 2581 B.
1065 2523 1235 2602 Hisp.
1255 2555 1338 2570 -·-
1365 2523 1601 2584 Bellum
1626 2522 2047 2604 Hispaniense,
2076 2521 2173 2580 vel
2199 2519 2610 2600 Hispanicum.

614 2637 773 2692 Ibid.
815 2667 897 2684 —-
927 2636 1066 2696 Sine
1105 2636 1220 2696 alia
1258 2637 1662 2716 designatione
1691 2681 1710 2710 ‚
1744 2635 1967 2695 indicat
2006 2635 2192 2694 libros
2237 2633 2419 2710 hujus
2446 2631 2695 2692 secundi

534 2750 857 2810 voluminis
877 2764 1049 2812 antea
1065 2752 1273 2812 citatos
1289 2796 1306 2824 ‚
1325 2754 1431 2812 sed
1451 2775 1581 2812 non
1598 2753 1958 2833 scriptorum
1979 2752 2235 2812 aliorum
2260 2771 2441 2830 opera
2453 2794 2471 2824 ‚
2490 2769 2695 2829 quam·

536 2868 625 2925 vis
651 2868 716 2926 in
745 2866 860 2926 hoc
899 2867 1168 2949 catalogo
1198 2870 1497 2928 recentius
1526 2870 1733 2928 relata.

617 2985 670 3038 Ι.
704 2985 771 3040 C.
805 2985 880 3039 H.
917 2979 994 3027 -'-
1026 2987 1081 3042 J.
1117 2982 1258 3041 Chr.
1293 2986 1677 3060 Har-euberg,
1722 2983 1895 3063 cujus
1932 2980 2109 3061 plura
2152 2981 2505 3039 inseruntur
2544 2980 2693 3039 Mis-

539 3096 819 3157 cellaneis
859 3096 1262 3176 Lipsiensibus
1282 3101 1490 3172 novis3
1517 3112 1716 3158 tamen
1750 3099 2045 3158 affirmare
2073 3117 2197 3158 non
2229 3097 2440 3156 ausim.

619 3215 749 3271 Sec.
916 3247 994 3257 —
1035 3214 1398 3273 Secundum.

619 3331 698 3386 U.
724 3329 790 3384 C.
915 3361 999 3376 —
1037 3329 1219 3390 Urbis
1245 3329 1517 3389 conditae.

615 3445 690 3499 V.
725 3447 786 3504 S.
821 3449 884 3506 P.
916 3481 991 3490 —
1033 3447 1226 3522 Vide,
1254 3449 1303 3506 si
1328 3422 1543 3528 plecet.
