3025 5025
1034 450 1617 532 AFRICANO.
2238 465 2386 559 477

248 609 470 670 torum
503 595 819 685 Labieni,
846 593 985 666 sive
1024 596 1252 681 veriti,
1280 619 1366 664 ne
1393 593 1668 662 infossa
1699 589 1786 660 ab
1817 591 2144 684 equitibus
2167 599 2411 692 oppri-.

248 719 594 776 merentur
608 757 630 792 ,.
640 702 774 772 rari
796 725 875 771 ac
898 700 1143 797 singuli
1168 700 1253 770 de
1281 723 1447 795 rupe
1476 697 1744 794 prodire
1759 751 1778 786 ,
1791 713 1860 767 et
1887 723 2144 768 summa
2165 716 2396 794 petere

250 812 437 884 collis
476 837 493 879 ε
538 834 707 904 quos
742 809 1029 878 Caesaris
1070 808 1325 901 equites
1370 806 1710 876 consecuti
1751 805 1994 899 partim
2039 805 2395 878 interfece-

248 932 439 1004 runt,
464 917 1059 1012 partimvivorum
1098 929 1255 984 sunt
1284 914 1521 1008 potiti:
1549 910 1786 980 deinde
1820 912 2126 1007 protinus
2160 911 2396 984 collem

246 1040 477 1120 petere
494 1019 985 1092 contenderunt
998 1073 1019 1109 ,
1036 1034 1237 1114 atque
1252 1043 1407 1088 eum
1422 1071 1443 1106 ,
1460 1017 1742 1088 decusso
1765 1017 2046 1088 Labieni
2062 1019 2366 1112 praesidio
2379 1075 2402 1110 ,

246 1131 555 1202 celeriter
588 1141 1113 1223 occupaverunt.
1152 1125 1489 1198 Labienus
1531 1149 1688 1196 cum
1731 1138 1922 1220 parte
1960 1125 2260 1218 equitum
2290 1128 2402 1194 vix

250 1237 415 1333 fiiga
450 1236 575 1307 sibi
616 1236 878 1330 peperit
904 1233 1245 1304 salutem.
2409 1296 2417 1304 ,

274 1407 281 1416 .
358 1345 475 1413 LI.
531 1344 679 1410 Hac
724 1365 797 1410 re
820 1365 947 1435 per
974 1341 1229 1434 equites
1272 1352 1457 1434 gesta
1470 1389 1491 1426 ,
1531 1291 1778 1408 Caesar
1792 1335 2161 1432 legionibus
2196 1363 2402 1434 opera

250 1448 626 1536 distribuit,
683 1461 879 1540 atque
932 1448 1003 1516 in
1066 1471 1173 1517 eo.
1188 1444 1387 1533 colle,
1438 1468 1574 1538 quo
1623 1458 1768 1512 erat
1828 1447 2126 1538 potituS,
2185 1462 2400 1516 castra

252 1554 559 1626 munivit.
586 1551 849 1624 Deinde
876 1552 963 1620 ab
998 1553 1131 1622 suis
1158 1552 1459 1620 maximis
1484 1551 1718 1620 castris
1739 1575 1860 1644 per
1887 1550 2180 1620 medium
2219 1575 2400 1624 cam-

254 1687 470 1758 pum,
504 1685 545 1730 e
587 1661 857 1754 regione
896 1657 1127 1754 oppidi
1162 1659 1376 1726 Uzitae
1392 1709 1413 1743 ‚
1453 1656 1635 1752 quod
1677 1657 1850 1725 inter
1904 1681 2024 1727 sua
2063 1672 2283 1728 castra
2335 1676 2404 1730 et

254 1767 634 1862 Scipionis
615 1791 685 1834 m
707 1765 977 1862 planitie
1004 1764 1295 1860 positum
1322 1777 1467 1832 erat
1475 1762 2010 1893 ,tenebaturque
2009 1788 2049 1834 a
2065 1765 2404 1861 Scipione,

250 1875 399 1944 duo
428 1872 705 1942 brachia
742 1872 1026 1942 instituit
1053 1870 1239 1954 duci,
1276 1883 1346 1942 et
1372 1872 1463 1939 ita
1504 1867 1828 1966 erigere¹,
1835 1885 1938 1940 ut
1965 1869 2052 1940 ad
2085 1872 2404 1966 angulum

256 1981 575 2051 dextrum
628 1979 1097 2072 sinistrumque
1154 1977 1297 2072 ejus
1345 1975 1578 2072 oppidi
1629 1977 2084 2048 convenirent.
2145 1978 2230 2048 Id
2277 1980 2406 2050 hac

257 2089 520 2156 ratione
544 2109 717 2179 opus
743 2081 1145 2154 instruebat.²
1150 2097 1289 2170 ,ut,
1307 2106 1515 2177 quum
1533 2084 1808 2178 propius
1835 2083 2158 2180 oppidum
2177 2088 2422 2182 copias

258 2193 694 2278 admovisset,
716 2213 1239 2285 oppugnareque
1274 2191 1582 2283 coepisset
1599 2241 1620 2276 ,
1643 2203 1822 2260 tecta
1851 2190 2062 2260 latera
2095 2193 2228 2262 suis
2259 2219 2407 2264 mu-

259 2298 629 2370 nitionibus
671 2296 951 2366 haberet
967 2349 988 2384 ,
1012 2319 1099 2364 ne
1114 2349 1135 2383 ,
1159 2295 1246 2364 ab
1286 2297 1616 2388 equitatus
1657 2295 2082 2368 multitudine
2121 2299 2405 2372 circum-

259 2419 543 2492 ventus,
570 2401 659 2472 ab
698 2403 1199 2498 oppugnatione
1234 2399 1714 2490 deterreretur3
1751 2415 2107 2497 praeterea,
2139 2429 2276 2498 quo
2311 2405 2408 2476 fa-

260 2513 457 2583 cilius
492 2508 823 2605 colloquia
850 2508 994 2579 fieri
1024 2522 1333 2604 possent3
1370 2522 1469 2597 et,
1504 2511 1559 2577 si
1593 2509 1708 2603 qui
1743 2507 2098 2605 perfugere
2129 2509 2414 2603 vellent,

262 2620 335 2689 id
360 2617 545 2714 quod
574 2633 769 2687 antea
792 2641 967 2711 saepe
992 2616 1325 2687 acciderat
1361 2640 1607 2709 magno
1638 2640 1796 2687 cum
1823 2640 2058 2687 eorum
2071 2618 2414 2712 periculo,

262 2741 414 2795 tum
458 2723 647 2793 facile
694 2738 761 2792 et
796 2726 937 2793 sine
981 2721 1275 2817 periculo
1320 2721 1528 2791 fieret.
1575 2720 1812 2791 Voluit
1851 2724 2051 2791 etiam
2095 2728 2413 2820 experiri,

262 2856 479 2927 quum
531 2832 807 2925 propius
849 2830 1111 2899 hostem
1170 2830 1554 2899 accessisset
1572 2882 1593 2916 ,
1642 2828 2006 2899 haberetne
2060 2831 2130 2899 in
2189 2832 2413 2902 animo

266 2940 610 3009 dimicare.
623 2936 1005 3006 Accedebat
1030 2937 1228 3004 etiam
1252 2935 1338 3004 ad
1363 2934 1648 3029 reliquas
1674 2959 1935 3024 causas,
1953 2937 2174 3031 quod
2156 2963 2210 3007 ιε
2228 2936 2416 3009 locus

267 3046 625 3141 depressus
676 3058 861 3130 erat,
905 3044 1217 3137 puteique
1272 3044 1364 3110 ibi
1408 3040 1784 3173 complures
1851 3042 1996 3111 fleri
2043 3058 2416 3139 poterant.

267 3152 629 3246 aquatione
655 3152 833 3220 enim
861 3148 1062 3243 longa
1078 3164 1147 3219 et
1157 3163 1440 3245 angusta
1448 3134 1869 3218 ³utebantur.
1887 3150 2071 3221 Dum
2093 3151 2237 3225 haec
2260 3178 2418 3248 ope·

357 3343 611 3397 Can-LI.
660 3360 710 3395 1.
757 3342 979 3412 Erigere.
1016 3343 1193 3395 Immo
1222 3344 1276 3395 da·
1276 3372 1301 3385 -
1392 3350 1461 3407 41
1479 3380 1495 3407 ,
1511 3345 1683 3395 ‘vineas
1703 3356 1754 3394 et
1775 3362 1976 3415 aggeres
2003 3305 2248 3398 misto-uere.
2277 3346 2424 3399 Ciac·

270 3427 461 3495 n'gm,
494 3434 557 3475 nt
580 3422 793 3495 Lipsius
812 3421 966 3475 vidit.
995 3422 1091 3475 Est
1126 3438 1303 3477 autem
1389 3423 1579 3477 conius
1629 3424 1919 3477 exacuebat.
1966 3424 2057 3477 Nil
2107 3444 2257 3497 opus.
2311 3426 2420 3478 Pro

272 3504 491 3573 dirigere
514 3504 619 3555 boc
644 3502 765 3555 loco
790 3502 928 3555 nihil
953 3502 1057 3554 nisi
1082 3517 1224 3556 certa
1244 3503 1307 3554 li·
1390 3504 1478 3563 Id,
1507 3504 1756 3556 nonnulli
1783 3504 1983 3557 habent
2007 3507 2059 3557 Is
2090 3505 2180 3555 hac
2215 3509 2416 3557 ratione.

271 3603 381 3639 nea
403 3596 457 3636 et
476 3582 548 3636 ad
566 3584 746 3636 locum
770 3594 977 3635 certum
998 3580 1193 3636 ducere
1207 3622 1223 3650 ,
1245 3594 1309 3635 ut
1392 3584 1526 3648 Alii,
1543 3584 1657 3635 Hoc
1679 3584 1769 3635 Ιιαο
1795 3589 2002 3646 ratione,
2027 3597 2130 3637 etc.
2154 3602 2236 3627 —‘—-
2251 3584 2422 3637 Collo·

272 3684 327 3719 e.
368 3664 441 3717 56
457 3700 475 3727 ,
516 3662 713 3715 brachia
745 3682 1017 3733 promovere
1057 3683 1204 3733 usque
1242 3662 1313 3714 ad
1394 3666 1507 3734 quia
1521 3662 1642 3733 fieri
1657 3676 1866 3734 possent.
1901 3662 2031 3717 vid.
2064 3683 2178 3735 cap.
2209 3664 2299 3718 56.

276 3745 455 3796 heum.
479 3742 556 3796 Μ.
590 3740 841 3795 Oudend.
875 3742 1087 3795 inverso
1116 3741 1309 3795 ordine
1436 3768 1441 3779 ·
1480 3744 1534 3796 3.
1579 3742 1856 3815 Aquatc‘one
1893 3746 2016 3795 enim
2053 3746 2201 3813 longe
2244 3758 2296 3795 et
2331 3764 2422 3797 an·

274 3822 384 3894 leg.
414 3834 567 3893 putat
591 3826 774 3892 erigere
801 3833 852 3872 et
874 3825 945 3872 ita
974 3821 1101 3875 duci.
1128 3822 1307 3875 Davis.
1392 3834 1559 3891 gusta.
1597 3822 1738 3887 Quia
1781 3835 1834 3875 et
1874 3823 2083 3893 longius
2125 3823 2422 3895 proceden-

276 3904 455 3955 dacore
472 3920 486 3956 ε
503 3902 577 3955 sic
596 3914 651 3955 et
664 3901 842 3955 Jurin.
864 3898 973 3953 Sed
984 3914 1112 3955 nota
1126 3914 1311 3955 nostro
1398 3900 1532 3954 dum
1582 3914 1694 3953 erat
1720 3938 1749 3967 ,-
1783 3915 1844 3955 ut
1892 3904 2036 3955 rivos
2060 3941 2076 3969 ,
2116 3905 2200 3957 vel
2248 3906 2422 3959 fontes

281 3994 341 4037 et
366 3995 515 4035 sueta
534 3983 635 4035 ista
660 3982 901 4035 variatio.
922 3980 1025 4035 On.
1050 3982 1195 4035 Bene
1217 3986 1313 4033 eri-
1400 3979 1610 4034 adirent
1623 4019 1639 4047 ‚
1671 3995 1725 4034 et
1758 3994 2011 4053 praeterea
2049 4002 2160 4039 non
2193 3986 2426 4039 multum

274 4082 397 4140 gere
428 4080 493 4115 ex
518 4063 712 4116 nostris
734 4061 1025 4117 codicibus.
1116 4088 1121 4099 ·
1403 4080 1556 4133 aqum
1612 4063 1948 4133 reperiebant
1973 4102 1978 4109 .
2016 4077 2324 4135 aquatores..
2343 4097 2426 4109 --

366 4161 423 4205 2.
456 4140 747 4196 Iam-uehat.
774 4142 862 4196 sic
890 4155 951 4197 εει
986 4142 1049 4196 Β.
1079 4142 1148 4203 G.
1174 4158 1312 4207 7111,
1410 4141 1794 4197 Habentur-Sic
1806 4141 1964 4197 codd.
1983 4144 2162 4216 Vulgo
2185 4146 2424 4201 utebatur.
