<?xml version="1.0" encoding="UTF-8"?>
<!DOCTYPE html PUBLIC "-//W3C//DTD XHTML 1.0 Transitional//EN"
    "http://www.w3.org/TR/xhtml1/DTD/xhtml1-transitional.dtd">
<html xmlns="http://www.w3.org/1999/xhtml" xml:lang="en" lang="en">
 <head>
  <title>
</title>
<meta http-equiv="Content-Type" content="text/html;charset=utf-8" />
  <meta name='ocr-system' content='tesseract 3.04.00' />
  <meta name='ocr-capabilities' content='ocr_page ocr_carea ocr_par ocr_line ocrx_word'/>
</head>
<body>
  <div class='ocr_page' id='page_1' title='image "./caiusjuliuscsar00plutgoog_0188.png"; bbox 0 0 3025 5025; ppageno 0'>
   <div class='ocr_carea' id='block_1_1' title="bbox 655 485 2425 584">
    <p class='ocr_par' dir='ltr' id='par_1_1' title="bbox 655 485 2425 584">
     <span class='ocr_line' id='line_1_1' title="bbox 655 485 2425 584; baseline 0.001 -26"><span class='ocrx_word' id='word_1_1' title='bbox 655 491 792 558; x_wconf 89' lang='lat' dir='ltr'><strong>DE</strong></span> <span class='ocrx_word' id='word_1_2' title='bbox 847 489 1197 557; x_wconf 81' lang='lat' dir='ltr'><strong>BELLo</strong></span> <span class='ocrx_word' id='word_1_3' title='bbox 1256 489 1631 558; x_wconf 76' lang='lat' dir='ltr'><strong>civim.</strong></span> <span class='ocrx_word' id='word_1_4' title='bbox 1692 489 1881 558; x_wconf 75' lang='lat' dir='ltr'><strong>Lm.</strong></span> <span class='ocrx_word' id='word_1_5' title='bbox 1938 491 2039 556; x_wconf 87' lang='lat'><strong>11.</strong></span> <span class='ocrx_word' id='word_1_6' title='bbox 2135 485 2141 490; x_wconf 84' lang='lat'>·</span> <span class='ocrx_word' id='word_1_7' title='bbox 2282 489 2425 584; x_wconf 83' lang='lat'><strong>173</strong></span> 
     </span>
    </p>
   </div>
   <div class='ocr_carea' id='block_1_2' title="bbox 273 618 2442 2208">
    <p class='ocr_par' dir='ltr' id='par_1_2' title="bbox 273 618 2442 2208">
     <span class='ocr_line' id='line_1_2' title="bbox 276 618 2427 716; baseline 0 -26"><span class='ocrx_word' id='word_1_8' title='bbox 276 618 536 690; x_wconf 84' lang='lat' dir='ltr'><strong>sublato</strong></span> <span class='ocrx_word' id='word_1_9' title='bbox 562 619 645 689; x_wconf 90' lang='lat' dir='ltr'><strong>ad</strong></span> <span class='ocrx_word' id='word_1_10' title='bbox 681 620 822 714; x_wconf 85' lang='lat' dir='ltr'><strong>ejus</strong></span> <span class='ocrx_word' id='word_1_11' title='bbox 853 634 1167 689; x_wconf 89' lang='lat' dir='ltr'><strong>conatum</strong></span> <span class='ocrx_word' id='word_1_12' title='bbox 1201 634 1427 705; x_wconf 75' lang='lat' dir='ltr'><strong>scum,</strong></span> <span class='ocrx_word' id='word_1_13' title='bbox 1449 622 1706 690; x_wconf 83' lang='lat' dir='ltr'><strong>vitavit.</strong></span> <span class='ocrx_word' id='word_1_14' title='bbox 1742 621 2012 709; x_wconf 83' lang='lat' dir='ltr'>Fabius,</span> <span class='ocrx_word' id='word_1_15' title='bbox 2040 647 2078 690; x_wconf 88' lang='lat' dir='ltr'><strong>a</strong></span> <span class='ocrx_word' id='word_1_16' title='bbox 2108 624 2427 716; x_wconf 85' lang='lat' dir='ltr'><strong>proximis</strong></span> 
     </span>
     <span class='ocr_line' id='line_1_3' title="bbox 274 724 2426 822; baseline 0.001 -28"><span class='ocrx_word' id='word_1_17' title='bbox 274 724 589 796; x_wconf 85' lang='lat' dir='ltr'><strong>militibus</strong></span> <span class='ocrx_word' id='word_1_18' title='bbox 625 729 1153 814; x_wconf 78' lang='lat' dir='ltr'><strong>circumventuS‚</strong></span> <span class='ocrx_word' id='word_1_19' title='bbox 1184 725 1598 796; x_wconf 84' lang='lat' dir='ltr'><strong>interficitur.</strong></span> <span class='ocrx_word' id='word_1_20' title='bbox 1628 730 1774 795; x_wconf 86' lang='lat' dir='ltr'><strong>Hac</strong></span> <span class='ocrx_word' id='word_1_21' title='bbox 1814 727 2205 822; x_wconf 80' lang='lat' dir='ltr'><strong>fugientium</strong></span> <span class='ocrx_word' id='word_1_22' title='bbox 2247 727 2426 797; x_wconf 91' lang='lat' dir='ltr'><strong>mul-</strong></span> 
     </span>
     <span class='ocr_line' id='line_1_4' title="bbox 273 832 2431 928; baseline 0.001 -27"><span class='ocrx_word' id='word_1_23' title='bbox 273 834 556 902; x_wconf 89' lang='lat' dir='ltr'><strong>titudine</strong></span> <span class='ocrx_word' id='word_1_24' title='bbox 579 832 600 858; x_wconf 83' lang='lat'>²</span> <span class='ocrx_word' id='word_1_25' title='bbox 649 857 729 902; x_wconf 86' lang='lat' dir='ltr'><strong>ac</strong></span> <span class='ocrx_word' id='word_1_26' title='bbox 777 833 972 902; x_wconf 90' lang='lat' dir='ltr'><strong>turba</strong></span> <span class='ocrx_word' id='word_1_27' title='bbox 1024 847 1236 928; x_wconf 84' lang='lat' dir='ltr'><strong>portae</strong></span> <span class='ocrx_word' id='word_1_28' title='bbox 1297 847 1672 902; x_wconf 86' lang='lat' dir='ltr'><strong>castrorum</strong></span> <span class='ocrx_word' id='word_1_29' title='bbox 1730 848 2146 928; x_wconf 82' lang='lat' dir='ltr'><strong>occupantur</strong></span> <span class='ocrx_word' id='word_1_30' title='bbox 2167 888 2186 922; x_wconf 92' lang='lat'>‚</span> <span class='ocrx_word' id='word_1_31' title='bbox 2230 850 2431 928; x_wconf 89' lang='lat' dir='ltr'><strong>atque</strong></span> 
     </span>
     <span class='ocr_line' id='line_1_5' title="bbox 273 938 2429 1035; baseline 0 -28"><span class='ocrx_word' id='word_1_32' title='bbox 273 941 398 1008; x_wconf 88' lang='lat' dir='ltr'><strong>iter</strong></span> <span class='ocrx_word' id='word_1_33' title='bbox 436 939 846 1035; x_wconf 81' lang='lat' dir='ltr'><strong>impeditur3</strong></span> <span class='ocrx_word' id='word_1_34' title='bbox 882 938 1238 1035; x_wconf 85' lang='lat' dir='ltr'><strong>pluresque</strong></span> <span class='ocrx_word' id='word_1_35' title='bbox 1280 940 1350 1007; x_wconf 90' lang='lat' dir='ltr'><strong>in</strong></span> <span class='ocrx_word' id='word_1_36' title='bbox 1386 965 1465 1009; x_wconf 92' lang='lat' dir='ltr'><strong>eo</strong></span> <span class='ocrx_word' id='word_1_37' title='bbox 1509 939 1661 1008; x_wconf 92' lang='lat' dir='ltr'><strong>loco</strong></span> <span class='ocrx_word' id='word_1_38' title='bbox 1699 941 1839 1008; x_wconf 88' lang='lat' dir='ltr'><strong>sine</strong></span> <span class='ocrx_word' id='word_1_39' title='bbox 1875 938 2187 1028; x_wconf 86' lang='lat' dir='ltr'><strong>vulnere,</strong></span> <span class='ocrx_word' id='word_1_40' title='bbox 2228 967 2429 1035; x_wconf 90' lang='lat' dir='ltr'><strong>quam</strong></span> 
     </span>
     <span class='ocr_line' id='line_1_6' title="bbox 276 1045 2431 1142; baseline 0.001 -30"><span class='ocrx_word' id='word_1_41' title='bbox 276 1047 341 1112; x_wconf 92' lang='lat' dir='ltr'><strong>in</strong></span> <span class='ocrx_word' id='word_1_42' title='bbox 395 1045 626 1140; x_wconf 86' lang='lat' dir='ltr'><strong>praelio</strong></span> <span class='ocrx_word' id='word_1_43' title='bbox 686 1061 802 1115; x_wconf 89' lang='lat' dir='ltr'><strong>aut</strong></span> <span class='ocrx_word' id='word_1_44' title='bbox 859 1047 1018 1142; x_wconf 84' lang='lat' dir='ltr'><strong>fuga</strong></span> <span class='ocrx_word' id='word_1_45' title='bbox 1051 1099 1070 1133; x_wconf 92' lang='lat'>‚</span> <span class='ocrx_word' id='word_1_46' title='bbox 1125 1048 1462 1115; x_wconf 83' lang='lat' dir='ltr'><strong>intereunt</strong></span> <span class='ocrx_word' id='word_1_47' title='bbox 1499 1072 1521 1114; x_wconf 89' lang='lat'><strong>.·</strong></span> <span class='ocrx_word' id='word_1_48' title='bbox 1584 1071 1801 1140; x_wconf 89' lang='lat' dir='ltr'><strong>neque</strong></span> <span class='ocrx_word' id='word_1_49' title='bbox 1848 1045 2133 1115; x_wconf 90' lang='lat' dir='ltr'><strong>multum</strong></span> <span class='ocrx_word' id='word_1_50' title='bbox 2184 1047 2431 1136; x_wconf 90' lang='lat' dir='ltr'><strong>abfuit,</strong></span> 
     </span>
     <span class='ocr_line' id='line_1_7' title="bbox 275 1149 2435 1249; baseline 0.002 -31"><span class='ocrx_word' id='word_1_51' title='bbox 275 1154 432 1246; x_wconf 87' lang='lat' dir='ltr'><strong>quin</strong></span> <span class='ocrx_word' id='word_1_52' title='bbox 503 1155 704 1221; x_wconf 88' lang='lat' dir='ltr'><strong>etiam</strong></span> <span class='ocrx_word' id='word_1_53' title='bbox 762 1155 994 1222; x_wconf 87' lang='lat' dir='ltr'><strong>castris</strong></span> <span class='ocrx_word' id='word_1_54' title='bbox 1048 1149 1588 1248; x_wconf 82' lang='lat' dir='ltr'><strong>expellerentur3</strong></span> <span class='ocrx_word' id='word_1_55' title='bbox 1641 1177 1719 1221; x_wconf 83' lang='lat' dir='ltr'><strong>ac</strong></span> <span class='ocrx_word' id='word_1_56' title='bbox 1779 1151 2081 1222; x_wconf 89' lang='lat' dir='ltr'><strong>nonnulli</strong></span> <span class='ocrx_word' id='word_1_57' title='bbox 2128 1154 2435 1249; x_wconf 88' lang='lat' dir='ltr'><strong>protinus</strong></span> 
     </span>
     <span class='ocr_line' id='line_1_8' title="bbox 277 1258 2433 1354; baseline 0 -28"><span class='ocrx_word' id='word_1_58' title='bbox 277 1259 510 1328; x_wconf 88' lang='lat' dir='ltr'><strong>eodem</strong></span> <span class='ocrx_word' id='word_1_59' title='bbox 541 1283 746 1330; x_wconf 89' lang='lat' dir='ltr'><strong>cursu</strong></span> <span class='ocrx_word' id='word_1_60' title='bbox 786 1262 856 1328; x_wconf 91' lang='lat' dir='ltr'><strong>in</strong></span> <span class='ocrx_word' id='word_1_61' title='bbox 887 1259 1210 1354; x_wconf 90' lang='lat' dir='ltr'><strong>oppidum</strong></span> <span class='ocrx_word' id='word_1_62' title='bbox 1239 1258 1745 1328; x_wconf 88' lang='lat' dir='ltr'><strong>contenderunt.</strong></span> <span class='ocrx_word' id='word_1_63' title='bbox 1782 1259 1913 1328; x_wconf 88' lang='lat' dir='ltr'><strong>Sed</strong></span> <span class='ocrx_word' id='word_1_64' title='bbox 1950 1285 2104 1328; x_wconf 90' lang='lat' dir='ltr'><strong>cum</strong></span> <span class='ocrx_word' id='word_1_65' title='bbox 2140 1259 2270 1328; x_wconf 91' lang='lat' dir='ltr'><strong>loci</strong></span> <span class='ocrx_word' id='word_1_66' title='bbox 2308 1283 2433 1326; x_wconf 88' lang='lat' dir='ltr'><strong>na·-</strong></span> 
     </span>
     <span class='ocr_line' id='line_1_9' title="bbox 277 1351 2434 1460; baseline 0.001 -29"><span class='ocrx_word' id='word_1_67' title='bbox 277 1379 424 1433; x_wconf 87' lang='lat' dir='ltr'><strong>tura</strong></span> <span class='ocrx_word' id='word_1_68' title='bbox 452 1380 523 1433; x_wconf 89' lang='lat' dir='ltr'><strong>et</strong></span> <span class='ocrx_word' id='word_1_69' title='bbox 549 1368 842 1434; x_wconf 88' lang='lat' dir='ltr'><strong>munitio</strong></span> <span class='ocrx_word' id='word_1_70' title='bbox 883 1380 1255 1435; x_wconf 87' lang='lat' dir='ltr'><strong>castrorum</strong></span> <span class='ocrx_word' id='word_1_71' title='bbox 1293 1365 1546 1441; x_wconf 87' lang='lat' dir='ltr'><strong>aditum</strong></span> <span class='ocrx_word' id='word_1_72' title='bbox 1579 1351 2051 1460; x_wconf 82' lang='lat' dir='ltr'><strong>prohibebat³3</strong></span> <span class='ocrx_word' id='word_1_73' title='bbox 2079 1380 2221 1434; x_wconf 91' lang='lat' dir='ltr'><strong>tum</strong></span> <span class='ocrx_word' id='word_1_74' title='bbox 2252 1364 2434 1460; x_wconf 89' lang='lat' dir='ltr'><strong>quod</strong></span> 
     </span>
     <span class='ocr_line' id='line_1_10' title="bbox 280 1470 2435 1568; baseline 0 -28"><span class='ocrx_word' id='word_1_75' title='bbox 280 1470 358 1540; x_wconf 86' lang='lat' dir='ltr'><strong>ad</strong></span> <span class='ocrx_word' id='word_1_76' title='bbox 394 1471 702 1567; x_wconf 85' lang='lat' dir='ltr'><strong>praelium</strong></span> <span class='ocrx_word' id='word_1_77' title='bbox 743 1475 988 1567; x_wconf 82' lang='lat' dir='ltr'><strong>egressi</strong></span> <span class='ocrx_word' id='word_1_78' title='bbox 1027 1473 1340 1542; x_wconf 89' lang='lat' dir='ltr'><strong>Curionis</strong></span> <span class='ocrx_word' id='word_1_79' title='bbox 1379 1471 1619 1540; x_wconf 88' lang='lat' dir='ltr'><strong>milites</strong></span> <span class='ocrx_word' id='word_1_80' title='bbox 1655 1475 1735 1542; x_wconf 91' lang='lat' dir='ltr'><strong>iis</strong></span> <span class='ocrx_word' id='word_1_81' title='bbox 1773 1473 1971 1542; x_wconf 90' lang='lat' dir='ltr'><strong>rebus</strong></span> <span class='ocrx_word' id='word_1_82' title='bbox 2008 1471 2435 1568; x_wconf 81' lang='lat' dir='ltr'><strong>indigebant,</strong></span> 
     </span>
     <span class='ocr_line' id='line_1_11' title="bbox 278 1579 2435 1673; baseline 0 -28"><span class='ocrx_word' id='word_1_83' title='bbox 278 1603 419 1672; x_wconf 84' lang='lat' dir='ltr'><strong>quae</strong></span> <span class='ocrx_word' id='word_1_84' title='bbox 484 1579 573 1647; x_wconf 88' lang='lat' dir='ltr'><strong>ad</strong></span> <span class='ocrx_word' id='word_1_85' title='bbox 637 1581 1205 1673; x_wconf 82' lang='lat' dir='ltr'><strong>oppugnationem</strong></span> <span class='ocrx_word' id='word_1_86' title='bbox 1268 1593 1641 1647; x_wconf 90' lang='lat' dir='ltr'><strong>castrorum</strong></span> <span class='ocrx_word' id='word_1_87' title='bbox 1704 1592 1895 1647; x_wconf 84' lang='lat' dir='ltr'><strong>erant</strong></span> <span class='ocrx_word' id='word_1_88' title='bbox 1961 1581 2130 1648; x_wconf 90' lang='lat' dir='ltr'><strong>usui.</strong></span> <span class='ocrx_word' id='word_1_89' title='bbox 2198 1580 2435 1673; x_wconf 86' lang='lat' dir='ltr'><strong>Itaque</strong></span> 
     </span>
     <span class='ocr_line' id='line_1_12' title="bbox 278 1683 2439 1780; baseline -0.001 -26"><span class='ocrx_word' id='word_1_90' title='bbox 278 1686 486 1754; x_wconf 88' lang='lat' dir='ltr'><strong>Curio</strong></span> <span class='ocrx_word' id='word_1_91' title='bbox 531 1685 898 1756; x_wconf 86' lang='lat' dir='ltr'><strong>exercitum</strong></span> <span class='ocrx_word' id='word_1_92' title='bbox 941 1687 1010 1754; x_wconf 94' lang='lat' dir='ltr'><strong>in</strong></span> <span class='ocrx_word' id='word_1_93' title='bbox 1053 1699 1271 1754; x_wconf 86' lang='lat' dir='ltr'><strong>castra</strong></span> <span class='ocrx_word' id='word_1_94' title='bbox 1325 1683 1615 1772; x_wconf 85' lang='lat' dir='ltr'><strong>reducit,</strong></span> <span class='ocrx_word' id='word_1_95' title='bbox 1656 1687 1792 1754; x_wconf 91' lang='lat' dir='ltr'><strong>suis</strong></span> <span class='ocrx_word' id='word_1_96' title='bbox 1838 1685 2147 1755; x_wconf 88' lang='lat' dir='ltr'><strong>omnibus</strong></span> <span class='ocrx_word' id='word_1_97' title='bbox 2197 1699 2439 1780; x_wconf 86' lang='lat' dir='ltr'><strong>praeter</strong></span> 
     </span>
     <span class='ocr_line' id='line_1_13' title="bbox 277 1791 2439 1879; baseline 0 -21"><span class='ocrx_word' id='word_1_98' title='bbox 277 1793 556 1860; x_wconf 89' lang='lat' dir='ltr'><strong>Fabium</strong></span> <span class='ocrx_word' id='word_1_99' title='bbox 601 1791 1046 1862; x_wconf 90' lang='lat' dir='ltr'><strong>incolumibus</strong></span> <span class='ocrx_word' id='word_1_100' title='bbox 1070 1846 1090 1879; x_wconf 86' lang='lat'>,</span> <span class='ocrx_word' id='word_1_101' title='bbox 1129 1819 1212 1862; x_wconf 84' lang='lat' dir='ltr'><strong>ex</strong></span> <span class='ocrx_word' id='word_1_102' title='bbox 1257 1817 1541 1861; x_wconf 90' lang='lat' dir='ltr'><strong>numero</strong></span> <span class='ocrx_word' id='word_1_103' title='bbox 1592 1791 2127 1860; x_wconf 83' lang='lat' dir='ltr'><strong>adversariorum</strong></span> <span class='ocrx_word' id='word_1_104' title='bbox 2176 1794 2439 1862; x_wconf 89' lang='lat' dir='ltr'><strong>circiter</strong></span> 
     </span>
     <span class='ocr_line' id='line_1_14' title="bbox 279 1885 2441 1992; baseline 0 -26"><span class='ocrx_word' id='word_1_105' title='bbox 279 1900 400 1967; x_wconf 87' lang='lat' dir='ltr'><strong>DC</strong></span> <span class='ocrx_word' id='word_1_106' title='bbox 439 1897 811 1967; x_wconf 87' lang='lat' dir='ltr'><strong>interfectis</strong></span> <span class='ocrx_word' id='word_1_107' title='bbox 831 1952 850 1986; x_wconf 86' lang='lat'><strong><em>‚</em></strong></span> <span class='ocrx_word' id='word_1_108' title='bbox 879 1924 958 1969; x_wconf 91' lang='lat' dir='ltr'><strong>ac</strong></span> <span class='ocrx_word' id='word_1_109' title='bbox 985 1897 1165 1968; x_wconf 90' lang='lat' dir='ltr'><strong>mille</strong></span> <span class='ocrx_word' id='word_1_110' title='bbox 1198 1885 1643 1984; x_wconf 71' lang='lat' dir='ltr'><strong>vulneratis⁴;</strong></span> <span class='ocrx_word' id='word_1_111' title='bbox 1690 1899 1804 1992; x_wconf 83' lang='lat' dir='ltr'><strong>qui</strong></span> <span class='ocrx_word' id='word_1_112' title='bbox 1845 1923 2112 1986; x_wconf 82' lang='lat' dir='ltr'><strong>omneS‚</strong></span> <span class='ocrx_word' id='word_1_113' title='bbox 2147 1898 2441 1968; x_wconf 87' lang='lat' dir='ltr'><strong>discessu</strong></span> 
     </span>
     <span class='ocr_line' id='line_1_15' title="bbox 281 2003 2442 2101; baseline 0 -27"><span class='ocrx_word' id='word_1_114' title='bbox 281 2007 628 2093; x_wconf 88' lang='lat' dir='ltr'><strong>Curionis,</strong></span> <span class='ocrx_word' id='word_1_115' title='bbox 647 2004 967 2098; x_wconf 88' lang='lat' dir='ltr'><strong>multique</strong></span> <span class='ocrx_word' id='word_1_116' title='bbox 999 2018 1355 2101; x_wconf 69' lang='lat' dir='ltr'><strong>praeterea,</strong></span> <span class='ocrx_word' id='word_1_117' title='bbox 1375 2030 1497 2101; x_wconf 91' lang='lat' dir='ltr'><strong>per</strong></span> <span class='ocrx_word' id='word_1_118' title='bbox 1529 2003 2019 2075; x_wconf 88' lang='lat' dir='ltr'><strong>simulationem</strong></span> <span class='ocrx_word' id='word_1_119' title='bbox 2049 2003 2404 2074; x_wconf 86' lang='lat' dir='ltr'><strong>vulnerum</strong></span> <span class='ocrx_word' id='word_1_120' title='bbox 2423 2058 2442 2092; x_wconf 89' lang='lat'>‚</span> 
     </span>
     <span class='ocr_line' id='line_1_16' title="bbox 279 2111 2436 2208; baseline -0.001 -28"><span class='ocrx_word' id='word_1_121' title='bbox 279 2136 358 2180; x_wconf 80' lang='lat' dir='ltr'><strong>ex</strong></span> <span class='ocrx_word' id='word_1_122' title='bbox 409 2113 652 2182; x_wconf 87' lang='lat' dir='ltr'><strong>castris</strong></span> <span class='ocrx_word' id='word_1_123' title='bbox 703 2113 771 2180; x_wconf 91' lang='lat' dir='ltr'><strong>in</strong></span> <span class='ocrx_word' id='word_1_124' title='bbox 827 2111 1151 2207; x_wconf 90' lang='lat' dir='ltr'><strong>oppidum</strong></span> <span class='ocrx_word' id='word_1_125' title='bbox 1207 2127 1485 2207; x_wconf 91' lang='lat' dir='ltr'><strong>propter</strong></span> <span class='ocrx_word' id='word_1_126' title='bbox 1543 2113 1853 2182; x_wconf 87' lang='lat' dir='ltr'><strong>timorem</strong></span> <span class='ocrx_word' id='word_1_127' title='bbox 1902 2137 2043 2182; x_wconf 88' lang='lat' dir='ltr'><strong>sese</strong></span> <span class='ocrx_word' id='word_1_128' title='bbox 2090 2114 2436 2208; x_wconf 88' lang='lat' dir='ltr'><strong>recipiunt.</strong></span> 
     </span>
    </p>
   </div>
   <div class='ocr_carea' id='block_1_3' title="bbox 282 2325 1333 2947">
    <p class='ocr_par' dir='ltr' id='par_1_3' title="bbox 282 2325 1333 2947">
     <span class='ocr_line' id='line_1_17' title="bbox 284 2325 1326 2396; baseline 0 -18"><span class='ocrx_word' id='word_1_129' title='bbox 284 2343 442 2396; x_wconf 86' lang='lat' dir='ltr'><strong>quam</strong></span> <span class='ocrx_word' id='word_1_130' title='bbox 479 2325 718 2378; x_wconf 84' lang='lat' dir='ltr'><strong>Romani</strong></span> <span class='ocrx_word' id='word_1_131' title='bbox 744 2335 930 2376; x_wconf 79' lang='lat' dir='ltr'><strong>exertos</strong></span> <span class='ocrx_word' id='word_1_132' title='bbox 977 2325 1192 2377; x_wconf 78' lang='lat' dir='ltr'><strong>humeros</strong></span> <span class='ocrx_word' id='word_1_133' title='bbox 1229 2325 1326 2378; x_wconf 80' lang='lat' dir='ltr'><strong>ha-</strong></span> 
     </span>
     <span class='ocr_line' id='line_1_18' title="bbox 282 2404 1325 2475; baseline 0 -17"><span class='ocrx_word' id='word_1_134' title='bbox 282 2406 481 2458; x_wconf 77' lang='lat' dir='ltr'><strong>bebant</strong></span> <span class='ocrx_word' id='word_1_135' title='bbox 525 2405 586 2458; x_wconf 84' lang='lat' dir='ltr'><strong>in</strong></span> <span class='ocrx_word' id='word_1_136' title='bbox 627 2423 836 2475; x_wconf 76' lang='lat' dir='ltr'><strong>pugna3</strong></span> <span class='ocrx_word' id='word_1_137' title='bbox 876 2404 1007 2475; x_wconf 89' lang='lat' dir='ltr'><strong>quin</strong></span> <span class='ocrx_word' id='word_1_138' title='bbox 1049 2405 1192 2470; x_wconf 88' lang='lat' dir='ltr'><strong>imo,</strong></span> <span class='ocrx_word' id='word_1_139' title='bbox 1223 2405 1325 2458; x_wconf 86' lang='lat' dir='ltr'><strong>hac</strong></span> 
     </span>
     <span class='ocr_line' id='line_1_19' title="bbox 285 2482 1326 2558; baseline 0.001 -20"><span class='ocrx_word' id='word_1_140' title='bbox 285 2485 338 2538; x_wconf 88' lang='lat' dir='ltr'><strong>in</strong></span> <span class='ocrx_word' id='word_1_141' title='bbox 386 2497 548 2558; x_wconf 70' lang='lat' dir='ltr'><strong>parte</strong></span> <span class='ocrx_word' id='word_1_142' title='bbox 597 2482 760 2538; x_wconf 87' lang='lat' dir='ltr'><strong>duces</strong></span> <span class='ocrx_word' id='word_1_143' title='bbox 806 2484 1102 2557; x_wconf 77' lang='lat' dir='ltr'><strong>praesertim</strong></span> <span class='ocrx_word' id='word_1_144' title='bbox 1141 2485 1326 2539; x_wconf 85' lang='lat' dir='ltr'><strong>loricis</strong></span> 
     </span>
     <span class='ocr_line' id='line_1_20' title="bbox 284 2562 1326 2638; baseline -0.001 -20"><span class='ocrx_word' id='word_1_145' title='bbox 284 2568 634 2638; x_wconf 82' lang='lat' dir='ltr'><strong>tegebantur;</strong></span> <span class='ocrx_word' id='word_1_146' title='bbox 656 2563 804 2636; x_wconf 86' lang='lat' dir='ltr'><strong>quod</strong></span> <span class='ocrx_word' id='word_1_147' title='bbox 826 2562 1046 2636; x_wconf 88' lang='lat' dir='ltr'><strong>quidem</strong></span> <span class='ocrx_word' id='word_1_148' title='bbox 1065 2566 1326 2637; x_wconf 86' lang='lat' dir='ltr'><strong>probatur</strong></span> 
     </span>
     <span class='ocr_line' id='line_1_21' title="bbox 284 2644 1331 2718; baseline -0.002 -20"><span class='ocrx_word' id='word_1_149' title='bbox 284 2646 607 2718; x_wconf 81' lang='lat' dir='ltr'><strong>cognomine</strong></span> <span class='ocrx_word' id='word_1_150' title='bbox 631 2644 1014 2716; x_wconf 82' lang='lat' dir='ltr'><strong>Cethegorum,</strong></span> <span class='ocrx_word' id='word_1_151' title='bbox 1043 2664 1177 2716; x_wconf 88' lang='lat' dir='ltr'><strong>quos</strong></span> <span class='ocrx_word' id='word_1_152' title='bbox 1197 2664 1331 2697; x_wconf 71' lang='lat' dir='ltr'><strong>exer-</strong></span> 
     </span>
     <span class='ocr_line' id='line_1_22' title="bbox 287 2725 1327 2791; baseline 0 -15"><span class='ocrx_word' id='word_1_153' title='bbox 287 2738 356 2779; x_wconf 75' lang='lat' dir='ltr'><strong>tos</strong></span> <span class='ocrx_word' id='word_1_154' title='bbox 374 2726 674 2791; x_wconf 81' lang='lat' dir='ltr'><strong>vocabant,</strong></span> <span class='ocrx_word' id='word_1_155' title='bbox 691 2744 792 2777; x_wconf 89' lang='lat' dir='ltr'><strong>nec</strong></span> <span class='ocrx_word' id='word_1_156' title='bbox 809 2744 935 2777; x_wconf 88' lang='lat' dir='ltr'><strong>sane</strong></span> <span class='ocrx_word' id='word_1_157' title='bbox 957 2725 1048 2777; x_wconf 82' lang='lat' dir='ltr'><strong>tali</strong></span> <span class='ocrx_word' id='word_1_158' title='bbox 1066 2725 1327 2779; x_wconf 85' lang='lat' dir='ltr'><strong>vocabulo</strong></span> 
     </span>
     <span class='ocr_line' id='line_1_23' title="bbox 284 2804 1333 2878; baseline -0.002 -19"><span class='ocrx_word' id='word_1_159' title='bbox 284 2808 423 2861; x_wconf 81' lang='lat' dir='ltr'><strong>hanc</strong></span> <span class='ocrx_word' id='word_1_160' title='bbox 453 2818 671 2878; x_wconf 83' lang='lat' dir='ltr'><strong>gentem</strong></span> <span class='ocrx_word' id='word_1_161' title='bbox 703 2804 1122 2876; x_wconf 74' lang='lat' dir='ltr'><strong>insignivissent‚</strong></span> <span class='ocrx_word' id='word_1_162' title='bbox 1146 2805 1191 2857; x_wconf 90' lang='lat' dir='ltr'><strong>si</strong></span> <span class='ocrx_word' id='word_1_163' title='bbox 1219 2824 1333 2857; x_wconf 91' lang='lat' dir='ltr'><strong>om-</strong></span> 
     </span>
     <span class='ocr_line' id='line_1_24' title="bbox 288 2886 1325 2947; baseline -0.002 -8"><span class='ocrx_word' id='word_1_164' title='bbox 288 2888 449 2939; x_wconf 85' lang='lat' dir='ltr'><strong>nibus</strong></span> <span class='ocrx_word' id='word_1_165' title='bbox 477 2886 540 2938; x_wconf 87' lang='lat' dir='ltr'><strong>in</strong></span> <span class='ocrx_word' id='word_1_166' title='bbox 577 2902 784 2937; x_wconf 85' lang='lat' dir='ltr'><strong>morem</strong></span> <span class='ocrx_word' id='word_1_167' title='bbox 814 2886 1044 2939; x_wconf 81' lang='lat' dir='ltr'><strong>venisset</strong></span> <span class='ocrx_word' id='word_1_168' title='bbox 1083 2886 1325 2947; x_wconf 78' lang='lat' dir='ltr'><strong>humeros,</strong></span> 
     </span>
    </p>
   </div>
   <div class='ocr_carea' id='block_1_4' title="bbox 288 2963 1329 3109">
    <p class='ocr_par' dir='ltr' id='par_1_4' title="bbox 288 2963 1329 3109">
     <span class='ocr_line' id='line_1_25' title="bbox 289 2963 1329 3038; baseline -0.002 -19"><span class='ocrx_word' id='word_1_169' title='bbox 289 2969 431 3021; x_wconf 84' lang='lat' dir='ltr'><strong>inter</strong></span> <span class='ocrx_word' id='word_1_170' title='bbox 475 2963 826 3038; x_wconf 78' lang='lat' dir='ltr'><strong>pugnandum</strong></span> <span class='ocrx_word' id='word_1_171' title='bbox 859 3003 876 3030; x_wconf 88' lang='lat'>‚</span> <span class='ocrx_word' id='word_1_172' title='bbox 922 2982 1152 3018; x_wconf 86' lang='lat' dir='ltr'><strong>exerere.</strong></span> <span class='ocrx_word' id='word_1_173' title='bbox 1197 2963 1329 3018; x_wconf 86' lang='lat' dir='ltr'><strong>Vid.</strong></span> 
     </span>
     <span class='ocr_line' id='line_1_26' title="bbox 288 3043 1170 3109; baseline -0.005 -8"><span class='ocrx_word' id='word_1_174' title='bbox 288 3049 495 3101; x_wconf 85' lang='lat' dir='ltr'><strong>Lucan.</strong></span> <span class='ocrx_word' id='word_1_175' title='bbox 533 3045 716 3098; x_wconf 87' lang='lat' dir='ltr'><strong>Phars.</strong></span> <span class='ocrx_word' id='word_1_176' title='bbox 749 3043 846 3096; x_wconf 84' lang='lat' dir='ltr'><strong>lib.</strong></span> <span class='ocrx_word' id='word_1_177' title='bbox 888 3063 988 3109; x_wconf 88' lang='lat'><strong>11,</strong></span> <span class='ocrx_word' id='word_1_178' title='bbox 1022 3043 1170 3108; x_wconf 77' lang='lat'><strong>543:</strong></span> 
     </span>
    </p>
   </div>
   <div class='ocr_carea' id='block_1_5' title="bbox 411 3125 1245 3181">
    <p class='ocr_par' dir='ltr' id='par_1_5' title="bbox 411 3125 1245 3181">
     <span class='ocr_line' id='line_1_27' title="bbox 411 3125 1245 3181; baseline -0.002 -16"><span class='ocrx_word' id='word_1_179' title='bbox 411 3158 420 3165; x_wconf 94' lang='lat'><strong>.</strong></span> <span class='ocrx_word' id='word_1_180' title='bbox 440 3156 450 3166; x_wconf 92' lang='lat'><strong>.</strong></span> <span class='ocrx_word' id='word_1_181' title='bbox 467 3155 478 3165; x_wconf 94' lang='lat'><strong>.</strong></span> <span class='ocrx_word' id='word_1_182' title='bbox 497 3156 507 3166; x_wconf 91' lang='lat'><strong>.</strong></span> <span class='ocrx_word' id='word_1_183' title='bbox 527 3126 744 3181; x_wconf 71' lang='lat' dir='ltr'><strong>Exci-tique</strong></span> <span class='ocrx_word' id='word_1_184' title='bbox 759 3138 898 3165; x_wconf 69' lang='lat' dir='ltr'><strong>manus</strong></span> <span class='ocrx_word' id='word_1_185' title='bbox 915 3138 1054 3165; x_wconf 70' lang='lat' dir='ltr'><strong>vesana</strong></span> <span class='ocrx_word' id='word_1_186' title='bbox 1067 3125 1245 3179; x_wconf 71' lang='lat' dir='ltr'><strong>Cethegi.</strong></span> 
     </span>
    </p>
   </div>
   <div class='ocr_carea' id='block_1_6' title="bbox 230 3200 1338 3257">
    <p class='ocr_par' dir='ltr' id='par_1_6' title="bbox 230 3200 1338 3257">
     <span class='ocr_line' id='line_1_28' title="bbox 230 3200 1338 3257; baseline -0.003 0"><span class='ocrx_word' id='word_1_187' title='bbox 230 3225 235 3230; x_wconf 93' lang='lat'><strong>·</strong></span> <span class='ocrx_word' id='word_1_188' title='bbox 292 3205 406 3257; x_wconf 78' lang='lat' dir='ltr'><strong>Hos</strong></span> <span class='ocrx_word' id='word_1_189' title='bbox 453 3200 649 3255; x_wconf 87' lang='lat' dir='ltr'><strong>eodem</strong></span> <span class='ocrx_word' id='word_1_190' title='bbox 693 3219 850 3253; x_wconf 83' lang='lat' dir='ltr'><strong>sensu</strong></span> <span class='ocrx_word' id='word_1_191' title='bbox 900 3205 1133 3252; x_wconf 79' lang='lat' dir='ltr'><strong>cinctutos</strong></span> <span class='ocrx_word' id='word_1_192' title='bbox 1179 3213 1338 3254; x_wconf 76' lang='lat' dir='ltr'><strong>vocat</strong></span> 
     </span>
    </p>
   </div>
   <div class='ocr_carea' id='block_1_7' title="bbox 292 3280 1348 4235">
    <p class='ocr_par' dir='ltr' id='par_1_7' title="bbox 292 3280 934 3351">
     <span class='ocr_line' id='line_1_29' title="bbox 292 3280 934 3351; baseline -0.006 -15"><span class='ocrx_word' id='word_1_193' title='bbox 292 3284 487 3337; x_wconf 83' lang='lat' dir='ltr'><strong>Horat.</strong></span> <span class='ocrx_word' id='word_1_194' title='bbox 503 3321 520 3345; x_wconf 88' lang='lat'>,</span> <span class='ocrx_word' id='word_1_195' title='bbox 546 3294 642 3334; x_wconf 87' lang='lat' dir='ltr'><strong>art.</strong></span> <span class='ocrx_word' id='word_1_196' title='bbox 667 3292 811 3351; x_wconf 87' lang='lat' dir='ltr'><strong>poet.</strong></span> <span class='ocrx_word' id='word_1_197' title='bbox 840 3280 934 3333; x_wconf 84' lang='lat'><strong>50.</strong></span> 
     </span>
    </p>

    <p class='ocr_par' dir='ltr' id='par_1_8' title="bbox 297 3360 1340 3673">
     <span class='ocr_line' id='line_1_30' title="bbox 382 3360 1338 3429; baseline -0.004 -13"><span class='ocrx_word' id='word_1_198' title='bbox 382 3384 436 3416; x_wconf 64' lang='grc' dir='ltr'><strong>α.</strong></span> <span class='ocrx_word' id='word_1_199' title='bbox 459 3362 577 3414; x_wconf 83' lang='lat' dir='ltr'><strong>Hac</strong></span> <span class='ocrx_word' id='word_1_200' title='bbox 590 3363 889 3429; x_wconf 77' lang='lat' dir='ltr'><strong>fugientium</strong></span> <span class='ocrx_word' id='word_1_201' title='bbox 912 3360 1229 3413; x_wconf 78' lang='lat' dir='ltr'><strong>multitudine.</strong></span> <span class='ocrx_word' id='word_1_202' title='bbox 1256 3361 1338 3412; x_wconf 86' lang='lat' dir='ltr'><strong>Ita</strong></span> 
     </span>
     <span class='ocr_line' id='line_1_31' title="bbox 300 3439 1338 3512; baseline -0.003 -16"><span class='ocrx_word' id='word_1_203' title='bbox 300 3446 480 3507; x_wconf 63' lang='lat' dir='ltr'><strong>Voss„</strong></span> <span class='ocrx_word' id='word_1_204' title='bbox 495 3444 675 3512; x_wconf 80' lang='lat' dir='ltr'><strong>Cujae.</strong></span> <span class='ocrx_word' id='word_1_205' title='bbox 685 3480 700 3507; x_wconf 90' lang='lat'><strong>,</strong></span> <span class='ocrx_word' id='word_1_206' title='bbox 711 3439 870 3492; x_wconf 89' lang='lat' dir='ltr'><strong>codd.</strong></span> <span class='ocrx_word' id='word_1_207' title='bbox 885 3441 1062 3492; x_wconf 78' lang='lat' dir='ltr'><strong>Davis.</strong></span> <span class='ocrx_word' id='word_1_208' title='bbox 1080 3459 1109 3492; x_wconf 88' lang='lat' dir='ltr'><strong>e</strong></span> <span class='ocrx_word' id='word_1_209' title='bbox 1119 3442 1184 3492; x_wconf 88' lang='lat' dir='ltr'><strong>R.</strong></span> <span class='ocrx_word' id='word_1_210' title='bbox 1199 3441 1338 3511; x_wconf 83' lang='lat' dir='ltr'><strong>angl.</strong></span> 
     </span>
     <span class='ocr_line' id='line_1_32' title="bbox 297 3518 1340 3588; baseline -0.004 -13"><span class='ocrx_word' id='word_1_211' title='bbox 297 3524 416 3576; x_wconf 87' lang='lat' dir='ltr'><strong>MS.</strong></span> <span class='ocrx_word' id='word_1_212' title='bbox 437 3563 452 3588; x_wconf 88' lang='lat'>,</span> <span class='ocrx_word' id='word_1_213' title='bbox 488 3520 696 3582; x_wconf 79' lang='lat' dir='ltr'><strong>Clarke,</strong></span> <span class='ocrx_word' id='word_1_214' title='bbox 733 3532 788 3573; x_wconf 88' lang='lat' dir='ltr'><strong>et</strong></span> <span class='ocrx_word' id='word_1_215' title='bbox 819 3540 918 3572; x_wconf 85' lang='lat' dir='ltr'><strong>nos</strong></span> <span class='ocrx_word' id='word_1_216' title='bbox 940 3539 971 3572; x_wconf 88' lang='lat' dir='ltr'><strong>e</strong></span> <span class='ocrx_word' id='word_1_217' title='bbox 1002 3518 1123 3573; x_wconf 86' lang='lat' dir='ltr'><strong>cod.</strong></span> <span class='ocrx_word' id='word_1_218' title='bbox 1153 3532 1340 3572; x_wconf 87' lang='lat' dir='ltr'><strong>nostro</strong></span> 
     </span>
     <span class='ocr_line' id='line_1_33' title="bbox 305 3600 938 3673; baseline -0.008 -16"><span class='ocrx_word' id='word_1_219' title='bbox 305 3604 479 3673; x_wconf 84' lang='lat'><strong>⁵768.</strong></span> <span class='ocrx_word' id='word_1_220' title='bbox 512 3602 620 3654; x_wconf 83' lang='lat' dir='ltr'><strong>Alii</strong></span> <span class='ocrx_word' id='word_1_221' title='bbox 652 3620 736 3662; x_wconf 77' lang='lat' dir='ltr'><strong>ac,</strong></span> <span class='ocrx_word' id='word_1_222' title='bbox 771 3600 860 3652; x_wconf 84' lang='lat' dir='ltr'><strong>alii</strong></span> <span class='ocrx_word' id='word_1_223' title='bbox 891 3620 938 3652; x_wconf 86' lang='lat' dir='ltr'><strong>a.</strong></span> 
     </span>
    </p>

    <p class='ocr_par' dir='ltr' id='par_1_9' title="bbox 303 3681 1348 4235">
     <span class='ocr_line' id='line_1_34' title="bbox 383 3681 1341 3737; baseline -0.008 0"><span class='ocrx_word' id='word_1_224' title='bbox 383 3684 438 3737; x_wconf 85' lang='lat'><strong>3.</strong></span> <span class='ocrx_word' id='word_1_225' title='bbox 483 3681 588 3734; x_wconf 82' lang='lat' dir='ltr'><strong>Sed</strong></span> <span class='ocrx_word' id='word_1_226' title='bbox 616 3700 720 3731; x_wconf 84' lang='lat' dir='ltr'><strong>cum</strong></span> <span class='ocrx_word' id='word_1_227' title='bbox 761 3681 856 3732; x_wconf 77' lang='lat' dir='ltr'><strong>loci</strong></span> <span class='ocrx_word' id='word_1_228' title='bbox 891 3692 1070 3732; x_wconf 78' lang='lat' dir='ltr'><strong>natura</strong></span> <span class='ocrx_word' id='word_1_229' title='bbox 1108 3692 1158 3729; x_wconf 80' lang='lat' dir='ltr'><strong>et</strong></span> <span class='ocrx_word' id='word_1_230' title='bbox 1186 3684 1341 3730; x_wconf 77' lang='lat' dir='ltr'><strong>muni-</strong></span> 
     </span>
     <span class='ocr_line' id='line_1_35' title="bbox 304 3759 1342 3830; baseline -0.004 -17"><span class='ocrx_word' id='word_1_231' title='bbox 304 3767 372 3815; x_wconf 81' lang='lat' dir='ltr'><strong>tio</strong></span> <span class='ocrx_word' id='word_1_232' title='bbox 399 3773 668 3815; x_wconf 80' lang='lat' dir='ltr'><strong>castrorum</strong></span> <span class='ocrx_word' id='word_1_233' title='bbox 699 3760 883 3811; x_wconf 78' lang='lat' dir='ltr'><strong>aditum</strong></span> <span class='ocrx_word' id='word_1_234' title='bbox 903 3759 1218 3830; x_wconf 74' lang='lat' dir='ltr'><strong>prolzibebat;</strong></span> <span class='ocrx_word' id='word_1_235' title='bbox 1245 3770 1342 3811; x_wconf 77' lang='lat' dir='ltr'><strong>tum</strong></span> 
     </span>
     <span class='ocr_line' id='line_1_36' title="bbox 303 3838 1340 3913; baseline -0.002 -20"><span class='ocrx_word' id='word_1_236' title='bbox 303 3843 438 3913; x_wconf 82' lang='lat' dir='ltr'><strong>quod</strong></span> <span class='ocrx_word' id='word_1_237' title='bbox 453 3883 468 3905; x_wconf 89' lang='lat'>‚</span> <span class='ocrx_word' id='word_1_238' title='bbox 514 3854 603 3893; x_wconf 81' lang='lat' dir='ltr'><strong>etc.</strong></span> <span class='ocrx_word' id='word_1_239' title='bbox 656 3840 740 3891; x_wconf 84' lang='lat' dir='ltr'><strong>Ita</strong></span> <span class='ocrx_word' id='word_1_240' title='bbox 791 3852 935 3892; x_wconf 87' lang='lat' dir='ltr'><strong>recte</strong></span> <span class='ocrx_word' id='word_1_241' title='bbox 989 3838 1340 3910; x_wconf 84' lang='lat' dir='ltr'><strong>Oudendorp.</strong></span> 
     </span>
     <span class='ocr_line' id='line_1_37' title="bbox 306 3916 1347 3990; baseline -0.002 -17"><span class='ocrx_word' id='word_1_242' title='bbox 306 3918 614 3975; x_wconf 82' lang='lat' dir='ltr'><strong>emendavit</strong></span> <span class='ocrx_word' id='word_1_243' title='bbox 644 3938 708 3971; x_wconf 87' lang='lat' dir='ltr'><strong>ex</strong></span> <span class='ocrx_word' id='word_1_244' title='bbox 737 3916 896 3973; x_wconf 89' lang='lat' dir='ltr'><strong>codd.</strong></span> <span class='ocrx_word' id='word_1_245' title='bbox 927 3918 1124 3990; x_wconf 87' lang='lat' dir='ltr'><strong>quibus</strong></span> <span class='ocrx_word' id='word_1_246' title='bbox 1147 3930 1202 3971; x_wconf 89' lang='lat' dir='ltr'><strong>et</strong></span> <span class='ocrx_word' id='word_1_247' title='bbox 1227 3937 1347 3971; x_wconf 86' lang='lat' dir='ltr'><strong>nos-</strong></span> 
     </span>
     <span class='ocr_line' id='line_1_38' title="bbox 306 3998 1346 4070; baseline -0.005 -17"><span class='ocrx_word' id='word_1_248' title='bbox 306 4003 380 4053; x_wconf 84' lang='lat' dir='ltr'><strong>tri</strong></span> <span class='ocrx_word' id='word_1_249' title='bbox 414 4001 795 4055; x_wconf 84' lang='lat' dir='ltr'><strong>assentiuntur.</strong></span> <span class='ocrx_word' id='word_1_250' title='bbox 822 4000 1084 4070; x_wconf 80' lang='lat' dir='ltr'><strong>Vulgata:</strong></span> <span class='ocrx_word' id='word_1_251' title='bbox 1113 3998 1216 4051; x_wconf 77' lang='lat' dir='ltr'><strong>Sed</strong></span> <span class='ocrx_word' id='word_1_252' title='bbox 1241 4018 1346 4049; x_wconf 82' lang='lat' dir='ltr'><strong>cum</strong></span> 
     </span>
     <span class='ocr_line' id='line_1_39' title="bbox 311 4081 1346 4155; baseline -0.001 -25"><span class='ocrx_word' id='word_1_253' title='bbox 311 4081 406 4132; x_wconf 75' lang='lat' dir='ltr'><strong>loci</strong></span> <span class='ocrx_word' id='word_1_254' title='bbox 448 4094 628 4135; x_wconf 82' lang='lat' dir='ltr'><strong>natura</strong></span> <span class='ocrx_word' id='word_1_255' title='bbox 641 4118 658 4141; x_wconf 88' lang='lat'><strong>,</strong></span> <span class='ocrx_word' id='word_1_256' title='bbox 699 4090 797 4131; x_wconf 82' lang='lat' dir='ltr'><strong>tum</strong></span> <span class='ocrx_word' id='word_1_257' title='bbox 836 4082 1041 4130; x_wconf 77' lang='lat' dir='ltr'><strong>munitio</strong></span> <span class='ocrx_word' id='word_1_258' title='bbox 1081 4092 1346 4155; x_wconf 37' lang='lat' dir='ltr'><strong>cast-rorum</strong></span> 
     </span>
     <span class='ocr_line' id='line_1_40' title="bbox 313 4158 1348 4235; baseline 0.002 -24"><span class='ocrx_word' id='word_1_259' title='bbox 313 4161 492 4215; x_wconf 78' lang='lat' dir='ltr'><strong>aditum</strong></span> <span class='ocrx_word' id='word_1_260' title='bbox 499 4158 796 4235; x_wconf 76' lang='lat' dir='ltr'><strong>prohibebat</strong></span> <span class='ocrx_word' id='word_1_261' title='bbox 803 4196 818 4220; x_wconf 82' lang='lat'><em>,</em></span> <span class='ocrx_word' id='word_1_262' title='bbox 842 4159 974 4231; x_wconf 81' lang='lat' dir='ltr'><strong>quod</strong></span> <span class='ocrx_word' id='word_1_263' title='bbox 979 4192 996 4222; x_wconf 85' lang='lat'>,</span> <span class='ocrx_word' id='word_1_264' title='bbox 1020 4170 1109 4215; x_wconf 81' lang='lat' dir='ltr'><strong>etc.</strong></span> <span class='ocrx_word' id='word_1_265' title='bbox 1129 4178 1150 4214; x_wconf 83' lang='grc'><strong>.·</strong></span> <span class='ocrx_word' id='word_1_266' title='bbox 1167 4158 1348 4229; x_wconf 80' lang='lat' dir='ltr'><strong>inepte</strong></span> 
     </span>
    </p>
   </div>
   <div class='ocr_carea' id='block_1_8' title="bbox 1408 2322 2470 4242">
    <p class='ocr_par' dir='ltr' id='par_1_10' title="bbox 1408 2322 2456 3177">
     <span class='ocr_line' id='line_1_41' title="bbox 1408 2322 2448 2396; baseline -0.001 -18"><span class='ocrx_word' id='word_1_267' title='bbox 1408 2325 1533 2378; x_wconf 79' lang='lat' dir='ltr'><strong>satis</strong></span> <span class='ocrx_word' id='word_1_268' title='bbox 1549 2322 1779 2390; x_wconf 89' lang='lat' dir='ltr'><strong>dictum;</strong></span> <span class='ocrx_word' id='word_1_269' title='bbox 1797 2325 1947 2396; x_wconf 85' lang='lat' dir='ltr'><strong>quasi</strong></span> <span class='ocrx_word' id='word_1_270' title='bbox 1960 2323 2083 2376; x_wconf 90' lang='lat' dir='ltr'><strong>ideo</strong></span> <span class='ocrx_word' id='word_1_271' title='bbox 2098 2325 2327 2377; x_wconf 90' lang='lat' dir='ltr'><strong>munitio</strong></span> <span class='ocrx_word' id='word_1_272' title='bbox 2342 2343 2448 2377; x_wconf 88' lang='lat' dir='ltr'><strong>cas-</strong></span> 
     </span>
     <span class='ocr_line' id='line_1_42' title="bbox 1411 2402 2447 2475; baseline 0 -19"><span class='ocrx_word' id='word_1_273' title='bbox 1411 2417 1624 2456; x_wconf 87' lang='lat' dir='ltr'><strong>trorum</strong></span> <span class='ocrx_word' id='word_1_274' title='bbox 1660 2402 1867 2456; x_wconf 90' lang='lat' dir='ltr'><strong>aditum</strong></span> <span class='ocrx_word' id='word_1_275' title='bbox 1897 2404 2260 2475; x_wconf 88' lang='lat' dir='ltr'><strong>prohibuisset</strong></span> <span class='ocrx_word' id='word_1_276' title='bbox 2276 2443 2291 2474; x_wconf 87' lang='lat'>‚</span> <span class='ocrx_word' id='word_1_277' title='bbox 2320 2403 2447 2475; x_wconf 84' lang='lat' dir='ltr'><strong>quia</strong></span> 
     </span>
     <span class='ocr_line' id='line_1_43' title="bbox 1413 2483 2447 2556; baseline 0 -19"><span class='ocrx_word' id='word_1_278' title='bbox 1413 2483 1609 2539; x_wconf 85' lang='lat' dir='ltr'><strong>milites</strong></span> <span class='ocrx_word' id='word_1_279' title='bbox 1636 2497 1913 2537; x_wconf 83' lang='lat' dir='ltr'><strong>caruerant</strong></span> <span class='ocrx_word' id='word_1_280' title='bbox 1945 2484 2194 2537; x_wconf 88' lang='lat' dir='ltr'><strong>omnibus</strong></span> <span class='ocrx_word' id='word_1_281' title='bbox 2224 2485 2289 2537; x_wconf 90' lang='lat' dir='ltr'><strong>iis</strong></span> <span class='ocrx_word' id='word_1_282' title='bbox 2327 2502 2447 2556; x_wconf 76' lang='lat' dir='ltr'><strong>quae</strong></span> 
     </span>
     <span class='ocr_line' id='line_1_44' title="bbox 1413 2561 2450 2635; baseline -0.002 -18"><span class='ocrx_word' id='word_1_283' title='bbox 1413 2561 1483 2618; x_wconf 85' lang='lat' dir='ltr'><strong>ad</strong></span> <span class='ocrx_word' id='word_1_284' title='bbox 1498 2562 1950 2635; x_wconf 71' lang='lat' dir='ltr'><strong>oppugnationem</strong></span> <span class='ocrx_word' id='word_1_285' title='bbox 1963 2577 2084 2617; x_wconf 91' lang='lat' dir='ltr'><strong>sunt</strong></span> <span class='ocrx_word' id='word_1_286' title='bbox 2099 2565 2235 2616; x_wconf 86' lang='lat' dir='ltr'><strong>usui.</strong></span> <span class='ocrx_word' id='word_1_287' title='bbox 2244 2598 2310 2607; x_wconf 93' lang='lat'>—</span> <span class='ocrx_word' id='word_1_288' title='bbox 2323 2566 2450 2635; x_wconf 81' lang='lat' dir='ltr'><strong>Quoe</strong></span> 
     </span>
     <span class='ocr_line' id='line_1_45' title="bbox 1417 2644 2447 2715; baseline 0.002 -20"><span class='ocrx_word' id='word_1_289' title='bbox 1417 2644 1486 2695; x_wconf 83' lang='lat' dir='ltr'><strong>ad</strong></span> <span class='ocrx_word' id='word_1_290' title='bbox 1518 2647 1935 2715; x_wconf 76' lang='lat' dir='ltr'><strong>oppugnationem.</strong></span> <span class='ocrx_word' id='word_1_291' title='bbox 1981 2644 2160 2696; x_wconf 85' lang='lat' dir='ltr'><strong>Clark.</strong></span> <span class='ocrx_word' id='word_1_292' title='bbox 2204 2664 2310 2715; x_wconf 85' lang='lat' dir='ltr'><strong>quoe</strong></span> <span class='ocrx_word' id='word_1_293' title='bbox 2353 2664 2447 2697; x_wconf 82' lang='lat' dir='ltr'><strong>res.</strong></span> 
     </span>
     <span class='ocr_line' id='line_1_46' title="bbox 1415 2720 2453 2795; baseline -0.001 -19"><span class='ocrx_word' id='word_1_294' title='bbox 1415 2725 1498 2777; x_wconf 83' lang='lat' dir='ltr'><strong>Ita</strong></span> <span class='ocrx_word' id='word_1_295' title='bbox 1512 2742 1727 2795; x_wconf 86' lang='lat' dir='ltr'><strong>quoque</strong></span> <span class='ocrx_word' id='word_1_296' title='bbox 1758 2722 2005 2776; x_wconf 90' lang='lat' dir='ltr'><strong>nonnulli</strong></span> <span class='ocrx_word' id='word_1_297' title='bbox 2054 2720 2211 2775; x_wconf 89' lang='lat' dir='ltr'><strong>codd.</strong></span> <span class='ocrx_word' id='word_1_298' title='bbox 2248 2721 2453 2777; x_wconf 81' lang='lat' dir='ltr'><strong>addunt</strong></span> 
     </span>
     <span class='ocr_line' id='line_1_47' title="bbox 1419 2803 2449 2875; baseline 0 -20"><span class='ocrx_word' id='word_1_299' title='bbox 1419 2824 1523 2866; x_wconf 80' lang='lat' dir='ltr'><strong>res,</strong></span> <span class='ocrx_word' id='word_1_300' title='bbox 1562 2816 1624 2855; x_wconf 86' lang='lat' dir='ltr'><strong>ut</strong></span> <span class='ocrx_word' id='word_1_301' title='bbox 1654 2804 1940 2857; x_wconf 88' lang='lat' dir='ltr'><strong>sexcenties</strong></span> <span class='ocrx_word' id='word_1_302' title='bbox 1975 2803 2215 2875; x_wconf 80' lang='lat' dir='ltr'><strong>loquitur</strong></span> <span class='ocrx_word' id='word_1_303' title='bbox 2249 2816 2449 2857; x_wconf 81' lang='lat' dir='ltr'><strong>auctor.</strong></span> 
     </span>
     <span class='ocr_line' id='line_1_48' title="bbox 1419 2882 2455 2949; baseline -0.002 -12"><span class='ocrx_word' id='word_1_304' title='bbox 1419 2885 1481 2937; x_wconf 89' lang='lat' dir='ltr'><strong>B.</strong></span> <span class='ocrx_word' id='word_1_305' title='bbox 1518 2882 1586 2936; x_wconf 89' lang='lat' dir='ltr'><strong>G.</strong></span> <span class='ocrx_word' id='word_1_306' title='bbox 1614 2885 1651 2935; x_wconf 90' lang='lat' dir='ltr'><strong>l.</strong></span> <span class='ocrx_word' id='word_1_307' title='bbox 1679 2884 1761 2949; x_wconf 88' lang='lat' dir='ltr'><strong>II,</strong></span> <span class='ocrx_word' id='word_1_308' title='bbox 1790 2902 1835 2935; x_wconf 85' lang='lat' dir='ltr'><strong>c.</strong></span> <span class='ocrx_word' id='word_1_309' title='bbox 1874 2884 1939 2936; x_wconf 87' lang='lat'><strong>18</strong></span> <span class='ocrx_word' id='word_1_310' title='bbox 1964 2900 1979 2935; x_wconf 73' lang='grc' dir='ltr'><strong><em>ε</em></strong></span> <span class='ocrx_word' id='word_1_311' title='bbox 2004 2884 2097 2935; x_wconf 81' lang='lat' dir='ltr'><strong>loci</strong></span> <span class='ocrx_word' id='word_1_312' title='bbox 2134 2895 2310 2935; x_wconf 79' lang='lat' dir='ltr'><strong>natat-a</strong></span> <span class='ocrx_word' id='word_1_313' title='bbox 2345 2897 2455 2935; x_wconf 74' lang='lat' dir='ltr'><strong>erat</strong></span> 
     </span>
     <span class='ocr_line' id='line_1_49' title="bbox 1420 2962 2453 3037; baseline 0.003 -23"><span class='ocrx_word' id='word_1_314' title='bbox 1420 2964 1551 3026; x_wconf 77' lang='lat' dir='ltr'><strong>hoec,</strong></span> <span class='ocrx_word' id='word_1_315' title='bbox 1579 2983 1715 3037; x_wconf 75' lang='lat' dir='ltr'><strong>quem</strong></span> <span class='ocrx_word' id='word_1_316' title='bbox 1742 2964 1919 3024; x_wconf 79' lang='lat' dir='ltr'><strong>locum,</strong></span> <span class='ocrx_word' id='word_1_317' title='bbox 1950 2976 2038 3015; x_wconf 82' lang='lat' dir='ltr'><strong>etc.</strong></span> <span class='ocrx_word' id='word_1_318' title='bbox 2073 2963 2257 3015; x_wconf 91' lang='lat' dir='ltr'><strong>Nostri</strong></span> <span class='ocrx_word' id='word_1_319' title='bbox 2293 2962 2453 3018; x_wconf 88' lang='lat' dir='ltr'><strong>codd.</strong></span> 
     </span>
     <span class='ocr_line' id='line_1_50' title="bbox 1423 3045 2456 3117; baseline 0.002 -22"><span class='ocrx_word' id='word_1_320' title='bbox 1423 3045 1480 3096; x_wconf 85' lang='grc' dir='ltr'><strong>τό</strong></span> <span class='ocrx_word' id='word_1_321' title='bbox 1519 3064 1593 3094; x_wconf 81' lang='lat' dir='ltr'><strong>res</strong></span> <span class='ocrx_word' id='word_1_322' title='bbox 1632 3062 1743 3096; x_wconf 91' lang='lat' dir='ltr'><strong>non</strong></span> <span class='ocrx_word' id='word_1_323' title='bbox 1788 3055 2103 3113; x_wconf 83' lang='lat' dir='ltr'><strong>agnoscunt,</strong></span> <span class='ocrx_word' id='word_1_324' title='bbox 2131 3057 2456 3117; x_wconf 85' lang='lat' dir='ltr'><strong>quapropter</strong></span> 
     </span>
     <span class='ocr_line' id='line_1_51' title="bbox 1421 3124 1869 3177; baseline 0.002 -1"><span class='ocrx_word' id='word_1_325' title='bbox 1421 3124 1500 3176; x_wconf 90' lang='lat' dir='ltr'><strong>nil</strong></span> <span class='ocrx_word' id='word_1_326' title='bbox 1530 3124 1869 3177; x_wconf 84' lang='lat' dir='ltr'><strong>mutavimus.</strong></span> 
     </span>
    </p>

    <p class='ocr_par' dir='ltr' id='par_1_11' title="bbox 1425 3203 2470 4242">
     <span class='ocr_line' id='line_1_52' title="bbox 1506 3203 2453 3267; baseline 0.001 -12"><span class='ocrx_word' id='word_1_327' title='bbox 1506 3210 1560 3267; x_wconf 75' lang='grc'><strong>4.</strong></span> <span class='ocrx_word' id='word_1_328' title='bbox 1588 3203 1671 3255; x_wconf 79' lang='lat' dir='ltr'><strong>Ac</strong></span> <span class='ocrx_word' id='word_1_329' title='bbox 1696 3204 1772 3255; x_wconf 87' lang='lat' dir='ltr'><strong>M.</strong></span> <span class='ocrx_word' id='word_1_330' title='bbox 1800 3204 2087 3255; x_wconf 62' lang='lat' dir='ltr'><strong>vulneratis.</strong></span> <span class='ocrx_word' id='word_1_331' title='bbox 2113 3204 2178 3255; x_wconf 88' lang='lat' dir='ltr'><strong>In</strong></span> <span class='ocrx_word' id='word_1_332' title='bbox 2206 3204 2319 3255; x_wconf 89' lang='lat' dir='ltr'><strong>aliis</strong></span> <span class='ocrx_word' id='word_1_333' title='bbox 2337 3223 2453 3257; x_wconf 89' lang='lat' dir='ltr'><strong>om-</strong></span> 
     </span>
     <span class='ocr_line' id='line_1_53' title="bbox 1425 3282 2458 3355; baseline 0.003 -21"><span class='ocrx_word' id='word_1_334' title='bbox 1425 3283 1584 3334; x_wconf 88' lang='lat' dir='ltr'><strong>nibus</strong></span> <span class='ocrx_word' id='word_1_335' title='bbox 1604 3283 1800 3353; x_wconf 85' lang='lat' dir='ltr'><strong>legitur</strong></span> <span class='ocrx_word' id='word_1_336' title='bbox 1824 3294 1967 3355; x_wconf 81' lang='lat' dir='ltr'><strong>atque</strong></span> <span class='ocrx_word' id='word_1_337' title='bbox 1991 3284 2274 3337; x_wconf 81' lang='lat' dir='ltr'><strong>vulneratis.</strong></span> <span class='ocrx_word' id='word_1_338' title='bbox 2296 3282 2458 3337; x_wconf 82' lang='lat' dir='ltr'><strong>Unde</strong></span> 
     </span>
     <span class='ocr_line' id='line_1_54' title="bbox 1427 3360 2461 3434; baseline 0.003 -21"><span class='ocrx_word' id='word_1_339' title='bbox 1427 3363 1486 3414; x_wconf 90' lang='lat' dir='ltr'><strong>F.</strong></span> <span class='ocrx_word' id='word_1_340' title='bbox 1533 3360 1785 3415; x_wconf 84' lang='lat' dir='ltr'><strong>Hotman.</strong></span> <span class='ocrx_word' id='word_1_341' title='bbox 1830 3362 2202 3434; x_wconf 88' lang='lat' dir='ltr'><strong>reponendum</strong></span> <span class='ocrx_word' id='word_1_342' title='bbox 2250 3365 2461 3434; x_wconf 84' lang='lat' dir='ltr'><strong>putavit</strong></span> 
     </span>
     <span class='ocr_line' id='line_1_55' title="bbox 1428 3442 2462 3504; baseline 0.004 -12"><span class='ocrx_word' id='word_1_343' title='bbox 1428 3454 1517 3493; x_wconf 85' lang='lat' dir='ltr'><strong>aut</strong></span> <span class='ocrx_word' id='word_1_344' title='bbox 1530 3442 1819 3504; x_wconf 79' lang='lat' dir='ltr'><strong>vulneratis,</strong></span> <span class='ocrx_word' id='word_1_345' title='bbox 1848 3454 1910 3494; x_wconf 88' lang='lat' dir='ltr'><strong>ut</strong></span> <span class='ocrx_word' id='word_1_346' title='bbox 1926 3443 2190 3495; x_wconf 87' lang='lat' dir='ltr'><strong>vulnerati</strong></span> <span class='ocrx_word' id='word_1_347' title='bbox 2212 3462 2316 3495; x_wconf 86' lang='lat' dir='ltr'><strong>una</strong></span> <span class='ocrx_word' id='word_1_348' title='bbox 2338 3462 2462 3497; x_wconf 87' lang='lat' dir='ltr'><strong>cum</strong></span> 
     </span>
     <span class='ocr_line' id='line_1_56' title="bbox 1427 3518 2459 3588; baseline 0.001 -14"><span class='ocrx_word' id='word_1_349' title='bbox 1427 3522 1721 3575; x_wconf 85' lang='lat' dir='ltr'><strong>interfectis</strong></span> <span class='ocrx_word' id='word_1_350' title='bbox 1767 3540 2053 3575; x_wconf 87' lang='lat' dir='ltr'><strong>numerum</strong></span> <span class='ocrx_word' id='word_1_351' title='bbox 2092 3522 2243 3573; x_wconf 88' lang='lat' dir='ltr'><strong>illum</strong></span> <span class='ocrx_word' id='word_1_352' title='bbox 2269 3518 2289 3584; x_wconf 95' lang='lat'>(</span> <span class='ocrx_word' id='word_1_353' title='bbox 2315 3524 2411 3576; x_wconf 92' lang='lat' dir='ltr'><strong>DC</strong></span> <span class='ocrx_word' id='word_1_354' title='bbox 2437 3522 2459 3588; x_wconf 96' lang='lat'><em>)</em></span> 
     </span>
     <span class='ocr_line' id='line_1_57' title="bbox 1428 3599 2463 3673; baseline 0.003 -21"><span class='ocrx_word' id='word_1_355' title='bbox 1428 3602 1790 3665; x_wconf 78' lang='lat' dir='ltr'><strong>confecerint3</strong></span> <span class='ocrx_word' id='word_1_356' title='bbox 1822 3599 1915 3653; x_wconf 84' lang='lat' dir='ltr'><strong>sed</strong></span> <span class='ocrx_word' id='word_1_357' title='bbox 1950 3604 2063 3673; x_wconf 82' lang='lat' dir='ltr'><strong>ejus</strong></span> <span class='ocrx_word' id='word_1_358' title='bbox 2102 3604 2463 3672; x_wconf 85' lang='lat' dir='ltr'><strong>conjecturam</strong></span> 
     </span>
     <span class='ocr_line' id='line_1_58' title="bbox 1429 3680 2461 3753; baseline 0.002 -20"><span class='ocrx_word' id='word_1_359' title='bbox 1429 3681 1623 3734; x_wconf 82' lang='lat' dir='ltr'><strong>evertit</strong></span> <span class='ocrx_word' id='word_1_360' title='bbox 1665 3680 1941 3753; x_wconf 78' lang='lat' dir='ltr'><strong>Appianus</strong></span> <span class='ocrx_word' id='word_1_361' title='bbox 1960 3718 1977 3745; x_wconf 88' lang='lat'>‚</span> <span class='ocrx_word' id='word_1_362' title='bbox 2010 3682 2104 3752; x_wconf 86' lang='lat' dir='ltr'><strong>qui</strong></span> <span class='ocrx_word' id='word_1_363' title='bbox 2133 3682 2264 3733; x_wconf 88' lang='lat' dir='ltr'><strong>Bell.</strong></span> <span class='ocrx_word' id='word_1_364' title='bbox 2300 3682 2461 3735; x_wconf 82' lang='lat' dir='ltr'><strong>civil.</strong></span> 
     </span>
     <span class='ocr_line' id='line_1_59' title="bbox 1429 3761 2463 3833; baseline 0.002 -21"><span class='ocrx_word' id='word_1_365' title='bbox 1429 3761 1466 3813; x_wconf 92' lang='lat'><strong>1.</strong></span> <span class='ocrx_word' id='word_1_366' title='bbox 1482 3762 1563 3818; x_wconf 90' lang='grc' dir='ltr'><strong>ΙΙ,</strong></span> <span class='ocrx_word' id='word_1_367' title='bbox 1584 3781 1639 3832; x_wconf 90' lang='lat' dir='ltr'><strong>p.</strong></span> <span class='ocrx_word' id='word_1_368' title='bbox 1669 3762 1781 3830; x_wconf 76' lang='lat'><strong>748</strong></span> <span class='ocrx_word' id='word_1_369' title='bbox 1802 3778 1814 3811; x_wconf 92' lang='lat'>:</span> <span class='ocrx_word' id='word_1_370' title='bbox 1832 3761 2100 3829; x_wconf 81' lang='grc' dir='ltr'><strong>Κουρίωνος</strong></span> <span class='ocrx_word' id='word_1_371' title='bbox 2122 3761 2208 3831; x_wconf 81' lang='grc' dir='ltr'><strong>μὲν</strong></span> <span class='ocrx_word' id='word_1_372' title='bbox 2226 3798 2243 3824; x_wconf 92' lang='grc'>,</span> <span class='ocrx_word' id='word_1_373' title='bbox 2269 3762 2463 3833; x_wconf 87' lang='lat' dir='ltr'><strong>inquit,</strong></span> 
     </span>
     <span class='ocr_line' id='line_1_60' title="bbox 1433 3833 2465 3911; baseline 0.003 -19"><span class='ocrx_word' id='word_1_374' title='bbox 1433 3833 1499 3901; x_wconf 82' lang='grc' dir='ltr'><strong>εἷς</strong></span> <span class='ocrx_word' id='word_1_375' title='bbox 1528 3842 1647 3911; x_wconf 73' lang='grc' dir='ltr'>ἀνὴρ</span> <span class='ocrx_word' id='word_1_376' title='bbox 1673 3842 1873 3898; x_wconf 71' lang='grc' dir='ltr'><strong>ἔπεσεν.</strong></span> <span class='ocrx_word' id='word_1_377' title='bbox 1904 3840 2094 3910; x_wconf 76' lang='grc' dir='ltr'><strong>Οὐάρου</strong></span> <span class='ocrx_word' id='word_1_378' title='bbox 2116 3836 2176 3892; x_wconf 67' lang='grc' dir='ltr'><strong>δὲ</strong></span> <span class='ocrx_word' id='word_1_379' title='bbox 2199 3841 2465 3907; x_wconf 78' lang='grc' dir='ltr'><strong>ἑξακόσιοι,</strong></span> 
     </span>
     <span class='ocr_line' id='line_1_61' title="bbox 1433 3919 2467 3989; baseline 0.005 -19"><span class='ocrx_word' id='word_1_380' title='bbox 1433 3919 1517 3971; x_wconf 79' lang='grc' dir='ltr'><strong>καὶ</strong></span> <span class='ocrx_word' id='word_1_381' title='bbox 1558 3919 1940 3989; x_wconf 71' lang='grc' dir='ltr'><strong>κατετρώθησαν</strong></span> <span class='ocrx_word' id='word_1_382' title='bbox 1982 3920 2055 3971; x_wconf 79' lang='grc' dir='ltr'><strong>ἔτι</strong></span> <span class='ocrx_word' id='word_1_383' title='bbox 2086 3923 2322 3983; x_wconf 74' lang='grc' dir='ltr'><strong>πλείονας.</strong></span> <span class='ocrx_word' id='word_1_384' title='bbox 2356 3924 2467 3975; x_wconf 84' lang='lat' dir='ltr'><strong>Ve-</strong></span> 
     </span>
     <span class='ocr_line' id='line_1_62' title="bbox 1434 3998 2468 4069; baseline 0.005 -18"><span class='ocrx_word' id='word_1_385' title='bbox 1434 4000 1642 4051; x_wconf 86' lang='lat' dir='ltr'><strong>rissima</strong></span> <span class='ocrx_word' id='word_1_386' title='bbox 1702 3998 1867 4069; x_wconf 79' lang='lat' dir='ltr'><strong>igitur</strong></span> <span class='ocrx_word' id='word_1_387' title='bbox 1930 3998 2128 4052; x_wconf 87' lang='lat' dir='ltr'><strong>codicis</strong></span> <span class='ocrx_word' id='word_1_388' title='bbox 2193 4001 2468 4057; x_wconf 77' lang='lat' dir='ltr'><strong>Ursiniani</strong></span> 
     </span>
     <span class='ocr_line' id='line_1_63' title="bbox 1436 4079 2470 4151; baseline 0.003 -20"><span class='ocrx_word' id='word_1_389' title='bbox 1436 4079 1716 4151; x_wconf 86' lang='lat' dir='ltr'><strong>scriptura.</strong></span> <span class='ocrx_word' id='word_1_390' title='bbox 1728 4080 1913 4145; x_wconf 69' lang='lat' dir='ltr'><strong>Duas.</strong></span> <span class='ocrx_word' id='word_1_391' title='bbox 1926 4079 2117 4131; x_wconf 88' lang='lat' dir='ltr'><strong>Noster</strong></span> <span class='ocrx_word' id='word_1_392' title='bbox 2130 4082 2193 4132; x_wconf 84' lang='lat' dir='ltr'><strong>R.</strong></span> <span class='ocrx_word' id='word_1_393' title='bbox 2212 4080 2240 4133; x_wconf 85' lang='lat'>5</span> <span class='ocrx_word' id='word_1_394' title='bbox 2249 4100 2279 4150; x_wconf 88' lang='lat'><em>7</em></span> <span class='ocrx_word' id='word_1_395' title='bbox 2288 4086 2319 4135; x_wconf 91' lang='lat'><strong>6</strong></span> <span class='ocrx_word' id='word_1_396' title='bbox 2330 4086 2360 4136; x_wconf 92' lang='lat'>8</span> <span class='ocrx_word' id='word_1_397' title='bbox 2374 4100 2470 4134; x_wconf 82' lang='lat' dir='ltr'><strong>no·</strong></span> 
     </span>
     <span class='ocr_line' id='line_1_64' title="bbox 1439 4159 2468 4242; baseline 0.004 -30"><span class='ocrx_word' id='word_1_398' title='bbox 1439 4171 1548 4213; x_wconf 82' lang='lat' dir='ltr'><strong>tam</strong></span> <span class='ocrx_word' id='word_1_399' title='bbox 1579 4159 1931 4214; x_wconf 82' lang='lat' dir='ltr'><strong>millenariam</strong></span> <span class='ocrx_word' id='word_1_400' title='bbox 1956 4178 2168 4242; x_wconf 79' lang='lat' dir='ltr'><strong>quoque</strong></span> <span class='ocrx_word' id='word_1_401' title='bbox 2198 4160 2359 4216; x_wconf 83' lang='lat' dir='ltr'><strong>habet</strong></span> <span class='ocrx_word' id='word_1_402' title='bbox 2384 4178 2436 4209; x_wconf 67' lang='grc' dir='ltr'>ω</span> <span class='ocrx_word' id='word_1_403' title='bbox 2454 4202 2468 4216; x_wconf 90' lang='grc'><strong>.</strong></span> 
     </span>
    </p>
   </div>
  </div>
 </body>
</html>
