3025 5025
669 460 812 534 DE
866 460 1216 529 BELLo
1269 410 1891 540 CIVIL1.L113.
1944 468 2001 535 1.
2326 466 2426 541 65

285 591 884 727 impedimentaque
925 607 997 663 et
1033 594 1253 663 omnis
1289 596 1623 689 equitatus
1664 612 2084 691 sequeretur3
2108 601 2330 675 subito
2364 604 2431 671 vi

283 686 671 771 νοῶσι-111113
700 716 772 770 et
811 724 1002 795 aquae
1037 701 1496 795 magnitudine
1539 728 1711 797 pons
1746 718 1848 774 est
1887 707 2337 803 interruptuS‚
2364 724 2435 779 et

281 807 525 905 reliqua
554 804 920 877 multitudo
955 809 1258 903 equitum
1302 807 1679 881 interclusa.
1724 811 1882 900 Quo
1916 817 2187 909 cognito
2232 841 2271 885 a
2298 818 2433 887 Pe-

281 917 440 985 treio
488 930 562 985 et
593 914 878 985 Afranio
895 899 923 944 ⁴

951 938 1035 983 ex
1077 938 1324 1010 aggere
1365 930 1565 1011 atque
1606 918 1898 988 cratibus
1914 972 1933 1007 ,
1972 946 2118 1014 quae
2158 920 2433 993 flumine

279 1022 702 1109 ferebantur,
759 1018 1066 1091 celeriter
1117 1046 1240 1091 suo
1280 1036 1484 1117 ponte
1530 1022 1843 1095 Afranius
1871 1078 1893 1112 ‚
1932 1051 2132 1119 quem
2184 1029 2433 1124 oppido

279 1130 638 1223 castrisque
671 1120 1110 1221 conjunctum
1137 1128 1430 1199 habebat
1438 1129 1779 1225 ‚legiones
1809 1134 1911 1202 IV
1932 1135 2431 1229 equitatumque

281 1260 540 1310 ornnem
566 1235 943 1328 transjecit,
963 1234 1356 1331 duabusque
1384 1238 1689 1307 Fabianis
1724 1240 2019 1309 occurrit
2044 1238 2431 1335 legionibus.

281 1343 477 1437 Cujus
513 1341 816 1411 adventu
857 1342 1164 1411 nuntiato
1183 1345 1310 1431 ‚'L.
1338 1342 1625 1415 Plancus
1642 1325 1690 1434 ⁵,
1718 1348 1830 1439 qui
1853 1344 2223 1441 legionibus
2253 1372 2433 1442 prae-

212 1572 218 1576 ·
279 1554 351 1607 De
391 1574 455 1609 eo
501 1552 676 1608 multa
714 1561 770 1605 et
799 1550 1024 1629 ,τεχνικὰ
1061 1547 1314 1607 disseruit

279 1653 418 1689 carus
441 1630 615 1689 Marti
639 1631 960 1687 Msumcxus
975 1670 992 1697 ,
1011 1634 1054 1683 le
1071 1630 1315 1685 mareclaeal

279 1714 332 1766 de
349 1714 507 1777 Saxo,
535 1715 790 1792 Rev-eries,-
807 1713 868 1765 T.
890 1724 940 1776 r,
959 1712 1098 1775 ch.3,
1124 1725 1218 1765 art.
1242 1710 1274 1767 6
1294 1730 1309 1764 τ

277 1813 360 1847 une
379 1798 538 1867 petite
565 1804 748 1845 escorte
767 1793 828 1843 de
852 1792 939 1843 dix
965 1793 1170 1843 hommes
1189 1804 1313 1844 reste

279 1880 439 1947 nupt-es
451 1876 516 1927 de
535 1873 834 1939 l'e'tendard,
855 1883 946 1925 etc.

351 1956 403 2008 3.
431 1956 492 2007 V
485 1958 507 2006 ἰ
535 1966 808 2006 ‘ventorum
841 1952 977 2005 Scal.
1013 1963 1070 2004 et
1100 1952 1311 2022 vulgata

276 2033 453 2101 lectio,
469 2035 867 2104 ‘adjumentorum
880 2052 900 2084 .·
911 2026 1118 2085 Insulse
1131 2030 1312 2083 admo-

278 2112 422 2169 dum:
439 2133 571 2167 nam
585 2111 861 2185 quomodo
875 2130 1012 2183 pons
1023 2112 1312 2163 interrum-

275 2196 327 2267 pi
353 2206 534 2267 potest
556 2195 613 2247 vi
640 2195 1009 2264 jumentorum
1024 2229 1042 2256 ,
1073 2190 1232 2243 simul
1255 2203 1310 2244 et

275 2292 415 2347 aquae
444 2271 822 2345 magnitudine
853 2271 876 2323 Ρ
905 2270 952 2325 si
981 2268 1126 2323 illius
1159 2290 1310 2343 aqua

276 2356 346 2409 vis
380 2366 611 2427 pontem
638 2354 814 2424 rupit,
845 2351 913 2404 ad
949 2349 1082 2423 quid
1107 2364 1309 2423 spectat

275 2435 347 2489 vis
369 2438 747 2507 jumentorum
779 2451 941 2503 super
975 2450 1100 2485 eum
1134 2443 1308 2484 trans·

275 2514 554 2569 euntium?
579 2511 842 2566 Praeterea
873 2513 986 2585 ipse
1017 2513 1194 2564 Caesar
1233 2507 1308 2566 ait

275 2595 406 2650 iufra
423 2615 438 2650 ε
457 2595 550 2647 sed
580 2605 855 2666 tempestate
871 2613 997 2663 pons
1021 2603 1129 2643 erat
1155 2595 1305 2642 inter-

273 2689 462 2748 ruptus,
500 2671 651 2728 unde
681 2671 972 2726 certissime
1007 2673 1181 2725 Caesar
1216 2671 1307 2725 hic

275 2757 479 2829 scripsit
505 2759 565 2806 vi
592 2767 873 2814 ventorum,
909 2765 970 2804 ut
997 2752 1157 2804 hahet
1183 2749 1302 2805 cod.

274 2833 487 2890 Norvic.
511 2834 622 2886 Alii
644 2835 756 2887 fere
774 2851 958 2885 omnes
976 2829 1306 2902 simpliciter,

267 2919 602 2987 jumentorum.
630 2909 814 2966 sedin
844 2913 946 2964 hac
972 2929 1104 2966 voce
1117 2913 1307 2982 jumen-

276 3007 448 3059 torum,
479 2993 628 3048 facili
651 3011 834 3046 errore
852 2989 1234 3044 librariorum
1217 3009 1303 3042 m-

273 3079 513 3130 venimus
532 3078 590 3126 vi
602 3085 876 3134 ventorum
900 3073 956 3125 h.
978 3073 1124 3124 enim
1139 3065 1306 3123 modo

275 3157 557 3210 scribitur:
575 3159 911 3214 iumentorum,
937 3157 1000 3214 ιιί,
1033 3156 1082 3202 iu
1099 3170 1200 3221 pro
1216 3155 1304 3213 ὐἱς

275 3248 324 3289 et
347 3257 392 3288 m
412 3255 521 3308 pro
537 3255 594 3288 v.
611 3234 834 3286 Orosius
861 3249 1075 3304 quoque
1098 3244 1150 3282 et
1171 3231 1308 3282 Pan-

275 3317 514 3388 tagathus
533 3316 720 3385 legunt
739 3317 798 3364 vi
815 3325 1096 3372 ventorum,
1118 3323 1172 3363 et
1197 3310 1304 3362 Dio

274 3397 551 3450 confirmat
579 3394 618 3446 l.
649 3393 796 3446 XLI.

349 3484 401 3540 4.
430 3478 488 3530 A
512 3477 708 3528 Petreio
734 3484 783 3524 et
802 3471 1034 3540 Afranio-
1059 3466 1187 3523 Haec
1209 3489 1307 3522 no-

275 3555 436 3622 mina,
456 3555 630 3609 veluti
649 3565 889 3625 suspecta
901 3590 919 3618 ‚
937 3550 1162 3604 delenda
1179 3569 1304 3603 cen-

277 3649 388 3690 sent
412 3637 592 3690 Ciacc.
622 3647 678 3687 et
707 3633 842 3686 Scal.
873 3630 966 3684 sed
989 3631 1067 3684 nil
1091 3643 1304 3683 mutan·

278 3713 417 3771 dum
430 3717 752 3786 -Aggera
775 3713 879 3764 Hic
897 3730 1051 3782 agger
1077 3711 1305 3764 sumitur

277 3815 372 3868 pro
401 3797 565 3868 lignis
604 3809 659 3848 et
685 3793 910 3848 materia
947 3791 1139 3864 quibus
1166 3809 1304 3862 pons

281 3880 560 3930 constabat.
575 3871 724 3928 Vide
743 3886 859 3928 not.
885 3893 935 3934 π,
964 3873 1104 3924 infra
1127 3891 1172 3924 c.
1202 3871 1302 3934 4²,

279 3957 369 4008 ubi
393 3961 588 4029 aggeris
608 3951 759 4010 idem
778 3972 982 4010 sensus,
1011 3949 1110 4004 alia
1140 3950 1307 4022 appli-

280 4039 427 4092 catio.
450 4071 531 4084 --·
558 4038 664 4092 Suo
691 4047 843 4107 ponte
873 4031 1130 4100 Afranius.
1163 4033 1306 4083 B'ene

283 4135 360 4168 suo
393 4137 457 4172 ex
483 4113 682 4186 οοόᾶ.;
715 4134 845 4172 nam
879 4112 1130 4172 Afranius
1163 4108 1306 4167 solus

375 4231 475 4298 II.

1397 1564 1622 1625 pontem
1660 1551 1872 1609 fecerat.
1900 1556 2042 1611 Male
2072 1556 2206 1611 Seal.
2236 1569 2291 1611 et
2313 1556 2431 1611 vul·

1397 1646 1517 1706 gata
1542 1635 1682 1687 hanc
1712 1630 1899 1689 vocem
1925 1638 2197 1697 omittunt.

1483 1714 1537 1768 5.
1556 1716 1617 1767 L.
1633 1716 1866 1769 Plancus.
1891 1718 1955 1769 L.
1980 1706 2255 1787 Munatius
2273 1718 2431 1771 Plau·-

1397 1813 1506 1847 cus,
1523 1794 1766 1848 Munatia
1778 1814 1905 1868 gens
1920 1833 1937 1863 ,
1958 1796 2194 1868 plebeia:
2213 1816 2338 1850 nam
2359 1798 2427 1863 Q.

1395 1873 1671 1927 Munatius
1698 1874 1927 1929 Plancus
1953 1872 2057 1929 fuit
2086 1873 2211 1931 trib.
2245 1876 2319 1948 pl.
2342 1894 2429 1931 an.

1401 1954 1534 2025 577.
1587 1955 1897 2027 Cognomen
1940 1954 2155 2009 Plancus
2198 1955 2432 2011 inditum

1394 2033 1498 2086 fuit
1524 2032 1699 2087 autori
1720 2034 1879 2107 hujus
1896 2036 2095 2107 gentis,
2119 2034 2246 2110 quia
2268 2055 2431 2109 supra

1394 2112 1621 2166 modum
1649 2112 1877 2186 pedibus
1907 2114 2097 2186 planus
2125 2118 2243 2170 fuit.
2266 2116 2431 2169 Pauci

1396 2205 1574 2247 autem
1606 2212 1674 2246 ex.
1708 2212 1771 2247 ea
1810 2207 1965 2264 gente
1995 2198 2278 2249 innotuere
2308 2209 2431 2249 ante

1393 2286 1639 2326 nostrum
1674 2274 1930 2327 Plancum
1947 2313 1963 2340 ,
1993 2274 2143 2345 cujus
2170 2274 2431 2329 nonnulla

1394 2366 1576 2406 extant
1590 2352 1641 2405 N
1644 2352 1710 2405 N.
1731 2352 1876 2425 apud
1894 2356 1953 2405 V
1945 2355 2134 2407 aillant.
2156 2356 2209 2409 Is
2227 2358 2429 2425 legatus

1393 2446 1506 2485 erat
1538 2430 1759 2485 Caesaris
1788 2434 1845 2485 in
1870 2434 1929 2485 B.
1961 2431 2028 2486 G.
2047 2473 2063 2500 ‚
2091 2436 2129 2487 l.
2150 2435 2222 2500 V,
2259 2454 2305 2487 c.
2334 2442 2427 2497 24.

1393 2515 1729 2580 Quaesturam
1752 2525 1873 2565 aute
1895 2515 2275 2585 provincialem
2298 2514 2429 2567 inie-

1393 2606 1497 2655 rat,
1518 2612 1603 2648 an.
1635 2594 1745 2660 693
1762 2613 1777 2657 ;
1796 2593 1903 2644 trib
1916 2593 2083 2664 pleb„
2104 2612 2171 2645 an
2189 2594 2422 2663 69831e-

1391 2686 1543 2744 gatus
1571 2668 1768 2724 deinde
1798 2672 1964 2724 factus
1995 2673 2240 2738 Caesaris,
2274 2678 2387 2742 699
2404 2693 2423 2740 ;

1391 2766 1512 2824 post
1552 2765 1751 2823 praetor
1789 2753 2025 2804 urbanus
2056 2757 2163 2823 708
2180 2772 2197 2819 3
2230 2751 2423 2806 eodem

1392 2851 1535 2885 anno
1581 2833 1859 2903 praefectus
1907 2832 2057 2884 urbis
2102 2852 2131 2886 a
2179 2831 2383 2889 Caesare
2404 2853 2423 2900 ;

1389 2927 1692 2986 propraetor
1714 2913 1771 2964 in
1804 2913 1975 2970 Gallia
2002 2909 2257 2966 ulteriore
2290 2933 2421 2986 7093

1391 2994 1457 3044 ab
1480 3012 1541 3045 ea
1565 2992 1843 3064 provincia
1867 3011 2106 3046 reversus
2122 3033 2138 3059 ,
2163 2995 2420 3066 quoniam

1389 3071 1597 3144 aliquot
1630 3085 1807 3124 motus
1846 3079 2060 3126 exortos
2095 3093 2420 3146 compresse·-

1388 3165 1473 3206 rat
1489 3191 1504 3217 ‚
1527 3151 1906 3223 triumphavit,
1929 3165 1991 3204 ut
2020 3153 2310 3225 fragmenta
2332 3173 2419 3207 ca·

1390 3231 1616 3303 pitolina
1646 3241 1934 3284 testantur:

1389 3317 1436 3357 1..
1477 3317 1781 3358 MVNATIVS.
1814 3318 1861 3356 L.
1898 3317 1946 3356 F.
1989 3317 2035 3357 L.
2068 3317 2120 3357 N.
2157 3314 2418 3360 PLANCVS.

1530 3389 1753 3428 PRocos.
1771 3389 1861 3428 AN.
1893 3387 2052 3427 Dccx.
2078 3387 2278 3436 Dcch.

1549 3459 1639 3500 Ex.
1667 3459 1869 3498 GALLIA
1906 3459 1978 3498 lv.
2000 3459 2122 3498 ΚΑΙ...
2146 3459 2259 3498 IAN.

1389 3551 1575 3616 Quum
1594 3543 1740 3602 idem
1763 3551 1880 3616 ille,
1908 3563 2030 3621 post
2048 3549 2309 3604 Caesarem
2332 3569 2419 3606 oc·

1387 3631 1559 3683 cisum
1574 3667 1591 3695 ,
1619 3627 1855 3683 Antonio
1884 3627 2197 3702 Lepidoque
2234 3625 2419 3685 addic-

1390 3723 1476 3763 tus
1493 3745 1510 3772 ‚
1535 3723 1589 3763 et
1610 3729 1822 3780 magnas
1848 3711 1907 3763 in
1928 3711 2251 3764 ‘triumvirali
2268 3730 2419 3783 pros·

1389 3790 1657 3862 criptione
1684 3802 1859 3860 partes
1888 3809 2071 3860 agens,
2098 3790 2291 3862 Lepidi
2310 3794 2417 3846 fra·

1391 3870 1487 3922 tris
1529 3888 1715 3922 necem
1755 3869 1821 3920 ab
1865 3870 1982 3940 ipso
2019 3873 2415 3943 impetraverit,

1389 3967 1636 4002 concessa
1661 3949 1720 3999 in
1744 3949 1915 4000 vicem
1946 3949 2122 4003 fratris
2146 3953 2229 4005 sui
2258 3973 2415 4020 nece3

1390 4027 1739 4082 foedissimum
1766 4025 1871 4081 hoc
1900 4028 2121 4084 fraterni
2148 4034 2418 4104 sanguinis

1391 4109 1773 4168 commercium
1783 4147 1799 4178 ‚
1816 4107 2036 4178 milites,
2052 4107 2295 4168 libertate
2308 4131 2419 4168 car·

2008 4215 2050 4288 5
