3025 5025
534 472 670 540 DE
723 471 1074 541 BELLO
1127 470 1487 540 CIVILI.
1548 472 1735 550 LIB.
1792 472 1947 541 III.

2186 470 2333 571 317

311 594 418 663 CI.
439 594 682 665 Iisdem
697 594 846 665 fere.
857 594 1272 713 temporibus
1297 592 1588 665 Cassius¹
1602 620 1757 665 eum
1771 594 1977 665 classe
1998 598 2341 691 Syrorum,

205 716 271 770 et
303 702 725 789 Phoenicum,
748 714 816 769 et
847 700 1207 788 Cilicum,
1190 726 1260 767 m
1281 700 1571 773 Srciliam
1597 703 1818 778 venit:
1850 716 1920 771 et
1938 728 2143 796 quum
2170 718 2343 773 esset

210 809 472 879 Caesaris
519 807 744 877 elassis
797 806 1010 878 divisa
1056 809 1126 875 in
1169 806 1334 875 duas
1390 822 1613 902 partes
1639 860 1659 895 ,
1710 822 1779 876 et
1834 807 2119 879 dimidiae
2168 812 2344 927 parti

208 928 503 1007 praeesset
537 917 620 983 Ρ.
657 913 988 1008 Sulpicius
1031 928 1277 1007 praetor
1312 915 1581 983 Vibone
1617 913 1703 982 ad
1741 915 2021 1002 fretum,
2058 896 2344 985 dimidiae

208 1022 295 1089 M.
325 1020 726 1115 Pomponius
753 1020 840 1093 ad
869 1022 1285 1106 Messanam3
1317 1022 1502 1114 prius
1540 1022 1809 1091 Cassius
1838 1020 1927 1092 ad
1961 1023 2345 1091 Messanam

207 1127 472 1197 navibus
543 1126 886 1201 advolavit
907 1178 927 1213 ‚
978 1150 1180 1220 quam
1244 1128 1652 1221 Pomponius
1712 1127 1797 1195 de
1848 1128 1991 1221 ejus
2054 1126 2349 1197 adventu

211 1248 660 1327 cognosceret3
685 1232 1286 1327 perturbatumque
1307 1256 1464 1303 eum
1489 1247 1755 1321 naetuS‚
1773 1233 1971 1303 nullis
1998 1233 2349 1322 custodiis,

210 1364 411 1433 neque
444 1338 792 1417 ordinibus
827 1340 1062 1425 certiS,
1094 1363 1340 1432 magno
1377 1354 1581 1410 vento
1608 1354 1676 1409 et
1716 1340 2009 1409 seeundo
2056 1339 2348 1435 comple-

206 1460 304 1515 tas
345 1446 684 1519 onerarias
729 1469 934 1515 naves
978 1444 1180 1532 taeda,
1223 1458 1293 1515 et
1333 1446 1517 1539 pice,
1552 1461 1621 1519 et
1663 1460 1858 1541 stupa
1881 1502 1902 1533 ‚
1948 1447 2349 1541 reliquisque

287 1678 414 1731 Cn».
429 1677 524 1733 CL
549 1694 594 1729 ι.
615 1674 830 1729 Cassius.
845 1674 970 1729 Non
991 1674 1226 1740 Quintus

217 1756 436 1824 Cassius,
455 1756 524 1809 de
553 1775 662 1827 quo
691 1758 800 1826 jam
821 1756 990 1808 locuti
1021 1773 1230 1818 sumus,

215 1836 249 1889 l.
275 1856 296 1888 1
311 1876 327 1902 ,
351 1856 393 1889 c.
426 1858 454 1891 α
476 1877 491 1904 ,
513 1834 608 1888 sed
626 1836 784 1888 Caius
801 1874 817 1901 ,
841 1836 980 1887 inter
1011 1835 1232 1888 Caesaris

213 1934 536 1987 percussores
551 1934 711 1980 unus,
729 1916 891 1986 quiin
911 1916 1099 1967 faciem
1121 1918 1232 1985 ejus

216 1998 398 2051 vulnus
413 1996 642 2061 inflixit,
661 1996 903 2066 quamvis
928 1996 994 2047 ab
1013 1993 1203 2047 eodem
1217 2032 1234 2059 ,

213 2090 329 2149 post
374 2095 608 2149 pugnam
659 2076 798 2127 hane
844 2074 1200 2128 Pharsalicam
1217 2112 1236 2141 ,

215 2156 496 2210 liberaliter
550 2168 786 2209 servatus
833 2155 1011 2206 fuerit.
1063 2154 1238 2224 Hujus

219 2236 375 2289 multa
389 2236 652 2289 habemus
664 2235 998 2299 numismata,
1009 2252 1239 2305 quornm

219 2318 438 2369 maxima
480 2334 604 2387 pars
636 2316 846 2389 ,habent
875 2328 1036 2385 eaput
1073 2314 1240 2369 liber·

219 2398 348 2448 tatis.
371 2397 433 2449 C.
461 2396 674 2449 CASSI.
699 2395 878 2459 IMP.;
899 2408 1060 2465 caput
1079 2394 1242 2445 liber-

223 2477 352 2530 tatis.
374 2478 442 2529 In
476 2494 656 2530 aversa
687 2486 868 2547 parte,
889 2474 968 2526 M.
1002 2472 1242 2526 SERVI-

219 2555 380 2608 LIV-s
401 2555 567 2609 LEG.
587 2555 966 2622 ,acrostolium
983 2554 1148 2606 navis.
1163 2584 1246 2594 -

221 2635 279 2689 Ρ.
301 2635 540 2707 Sulpicius
555 2647 756 2706 praetor.
777 2637 858 2686 De
879 2653 944 2685 eo
963 2632 1088 2688 vide
1102 2652 1246 2703 sup„

221 2715 258 2767 l.
279 2735 328 2782 1,
349 2735 395 2770 e.
427 2721 591 2786 74—
608 2715 813 2768 Vibone.
839 2714 983 2767 Bene
999 2714 1245 2766 restitue-

222 2809 343 2848 runt
382 2795 630 2847 Davisius
676 2807 727 2846 et
771 2794 1036 2846 Clarkius.
1071 2789 1243 2845 Cocld.

225 2875 389 2928 nostri
460 2891 674 2946 quoque
727 2873 927 2925 habent
975 2865 1242 2920 athone.

223 2953 390 3008 Porro
436 2956 493 3005 V
487 2954 566 3008 ibo
608 2955 738 3009 urbs
780 2965 892 3006 erat
935 2951 1005 3005 ad,
1049 2953 1248 3006 fretum

224 3033 476 3088 Siculum.
498 3032 642 3086 Vide
661 3032 852 3086 Cellar.
880 3033 1041 3098 Plin„
1059 3033 1243 3104 Hippo,

225 3115 351 3183 quod
372 3133 498 3166 nunc
529 3114 765 3165 Vibonem
794 3113 1074 3164 Valentiam
1098 3132 1250 3162 voca—

229 3213 340 3246 mus.
368 3195 498 3246 Eam
528 3193 690 3245 etiam
719 3193 962 3244 nominat
988 3191 1128 3244 inter
1159 3209 1250 3242 nr-

225 3273 314 3328 bes
360 3273 620 3326 Calabrioe
657 3273 972 3325 Ptolemaeus
989 3310 1004 3336 ‚
1041 3284 1094 3324 et
1140 3289 1252 3322 non

226 3353 378 3425 longe
407 3373 438 3406 a
458 3353 644 3406 Locris
661 3353 819 3424 ponit
833 3350 944 3416 ,ad
973 3352 1252 3422 littusop-

227 3434 461 3504 positum
499 3434 772 3496 Messanae.
817 3429 992 3485 Hodie
1028 3432 1248 3494 Bivona,

231 3533 284 3564 en
318 3513 642 3580 Calabra-3·
655 3513 746 3566 M:
763 3513 1073 3580 Pomponius.
1109 3511 1254 3572 Gens

231 3591 527 3664 Pomponia
555 3591 766 3662 plebeia
791 3591 928 3644 fuit:
962 3591 1007 3642 si
1035 3589 1256 3661 quidem

232 3672 304 3726 Μ.
331 3671 666 3742 Pomponius
683 3670 910 3741 quidam⁸
922 3671 1258 3730 tribunatum

233 3753 374 3822 pleb.
385 3753 574 3822 gessit,
597 3763 682 3805 an.
716 3752 852 3814 306,
878 3769 1002 3804 mox
1022 3763 1144 3820 post
1163 3749 1257 3804 de-

231 3833 581 3886 cemviratum
601 3833 931 3902 abrogatum.
954 3827 1260 3890 Consularis

235 3923 412 3964 tamen
437 3924 552 3964 erat
569 3923 622 3962 et
639 3911 856 3974 illustris
873 3929 886 3962 :
907 3929 936 3962 a
951 3909 1228 3980 Pompone
1243 3948 1260 3975 ,

235 3989 284 4045 N
287 4009 426 4044 umae
455 3992 598 4062 regis
627 3990 742 4052 filio
757 4028 773 4056 ‚
805 3991 1070 4060 originem
1099 3987 1261 4042 duce-

233 4071 354 4139 bat,
382 4072 427 4126 si
465 4071 754 4124 Plutarcho
797 4069 962 4122 fidem
1011 4067 1262 4122 adhibea-

1317 1694 1376 1727 re
1404 1676 1608 1738 Matho,
1630 1694 1709 1747 gr.
1739 1676 1897 1747 μαθῆς
1924 1677 2011 1729 vel
2037 1677 2202 1747 μαθὼν
2224 1716 2239 1745 ,
2256 1676 2353 1747 qui.

1317 1754 1498 1821 discit;
1518 1757 1679 1818 Molo,
1703 1758 1768 1808 ab
1797 1758 1984 1827 μόλων,
2004 1757 2098 1827 qui
2124 1776 2353 1827 parvum

1319 1855 1514 1907 corpus
1545 1835 1739 1900 habet,
1776 1856 1839 1888 ex
1873 1834 2071 1901 Suida3
2104 1836 2344 1896 Flaccus.

1321 1918 1386 1968 ab
1427 1916 1640 1967 aurium
1685 1914 2057 1981 deformitate3
2088 1917 2274 1983 Rufus,
2322 1934 2353 1971 a

1320 1995 1543 2067 capillis.
1575 1996 1749 2068 Hujus
1776 1996 1991 2049 familiae
2018 1998 2356 2050 consulatum

1322 2076 1558 2129 obtinuit
1580 2076 1657 2129 M.
1674 2068 2006 2149 Pomponius
2022 2116 2041 2151 ἱ
2056 2077 2133 2129 Μ.
2156 2078 2216 2129 F.
2236 2077 2353 2127 Ma-

1325 2156 1420 2207 tho
1435 2194 1451 2220 ,
1477 2174 1620 2207 anno
1652 2156 1759 2208 520
1776 2195 1791 2221 ,
1812 2169 1865 2209 et
1908 2157 2263 2227 triumphavit
2287 2154 2356 2207 de

1325 2236 1548 2297 Sar-deis,
1571 2254 1712 2287 anno
1732 2235 1999 2305 sequenti,
2018 2248 2080 2287 ut
2097 2248 2358 2289 testantur

1325 2333 1594 2367 marmora
1626 2314 1931 2385 eapitolina.
1975 2316 2191 2386 Insigne
2228 2334 2359 2387 pro·

1326 2396 1509 2467 prium
1528 2395 1656 2447 huic
1670 2396 1815 2465 genti
1838 2396 2107 2465 reperitur
2128 2396 2187 2449 in
2205 2414 2363 2449 num-

1329 2475 1430 2528 mis
1456 2475 1694 2546 primum
1715 2474 1949 2526 Hercules
1973 2474 2278 2545 Musagetes‚
2304 2476 2363 2528 in

1327 2573 1554 2608 nummo
1574 2555 1643 2618 Q.
1668 2555 1983 2625 Pomponii,
2000 2557 2093 2625 qui
2114 2555 2215 2607 fuit
2234 2553 2361 2608 aedi-

1323 2636 1399 2690 Jis.
1421 2634 1621 2686 curulis
1644 2634 1784 2686 cirea
1808 2653 1893 2688 an.
1926 2635 1955 2687 5
1970 2653 2069 2705 173
2090 2648 2359 2699 caeterum,

1330 2734 1442 2768 nou
1507 2713 1720 2766 aliunde
1777 2727 1955 2768 notuS.
2006 2715 2073 2766 Iu
2124 2712 2365 2785 ejusdem

1332 2793 1567 2846 nummis
1610 2794 1959 2866 reperiuntur
1995 2795 2229 2847 vicissim
2262 2813 2362 2846 no-

1333 2893 1455 2928 vem
1495 2873 1690 2939 Musae,
1724 2893 1847 2925 cum
1888 2875 1997 2926 suis
2046 2874 2359 2944 insignibus,

1335 2956 1455 3020 Qua
1485 2951 1558 3006 de
1580 2971 1735 3006 causa
1764 2973 2015 3006 nummos
2038 2973 2163 3006 suos
2190 2955 2263 3006 ita
2292 2954 2364 3006 si·-

1337 3033 1577 3105 gnaverit
1594 3071 1611 3098 ,
1643 3035 1911 3099 nescitur;
1950 3053 2117 3104 quum
2139 3053 2249 3088 non
2277 3035 2367 3088 ille

1335 3115 1543 3186 primus
1560 3113 1766 3166 cultum
1791 3115 2069 3166 Musarum
2097 3115 2153 3166 in
2179 3116 2369 3169 urbem

1337 3193 1601 3247 invexerit
1633 3211 1647 3245 ε
1674 3211 1799 3244 nam
1854 3194 2074 3246 Fulvius
2118 3193 2369 3248 Nobilior

1339 3287 1462 3326 ante
1489 3291 1613 3324 eum
1636 3274 1692 3325 in
1719 3272 1969 3326 ae'dilitate
1989 3293 2082 3326 sua
2102 3272 2270 3326 aedem
2294 3275 2370 3330 eis
2404 3303 2407 3306 ⁴

1339 3353 1398 3406 in
1423 3353 1569 3408 circo
1593 3353 1857 3406 Flaminio
1890 3367 2239 3407 consecrarat.
2268 3354 2372 3407 sed

1341 3435 1482 3488 forte
1507 3434 1645 3486 hanc
1667 3434 1837 3504 ipsam
1864 3433 2033 3486 aedem
2056 3435 2113 3487 in
2136 3451 2229 3485 sua
2251 3432 2374 3486 aedi·

1340 3513 1488 3568 litate
1520 3515 1706 3566 refecit
1730 3515 1797 3578 Q.
1840 3513 2195 3585 Pomponium,
2222 3517 2374 3584 eujus

1343 3593 1399 3646 h.
1420 3594 1458 3646 l.
1477 3594 1681 3646 mentio
1708 3594 1787 3646 fit.
1818 3594 1883 3646 T.
1914 3594 2244 3664 Pomponius
2270 3595 2373 3644 At·-

1343 3673 1480 3725 tieus
1497 3708 1514 3740 ,
1534 3673 1811 3726 Ciceronis
1838 3675 2063 3737 amicus,
2084 3684 2139 3725 et
2160 3693 2190 3725 a
2209 3673 2372 3726 Corn.

1346 3751 1557 3822 Nepote
1590 3752 1831 3806 laudatus
1848 3792 1864 3818 ‚
1890 3773 1955 3806 ex
1996 3751 2180 3805 eadem
2221 3766 2375 3824 gente

1347 3845 1460 3884 erat
1473 3831 1828 3899 oriundus,et
1843 3835 2123 3886 Musarum
2138 3831 2377 3888 assiduus

1347 3929 1541 3965 eomes.
1573 3903 1747 3983 Hujus
1768 3915 1944 3972 autem
1979 3913 2191 3966 nullum
2236 3925 2380 3972 extat

1347 4003 1775 4046 monumentum.
1849 3994 2159 4064 Cognomen
2218 3993 2378 4065 hujus

1347 4072 1440 4125 vel.
1482 4072 1703 4124 fortasse
1743 4073 1909 4144 patris
1955 4072 2171 4128 videtur
2222 4074 2381 4128 fuisse

235 4167 368 4206 mus.
389 4150 906 4234 Cognominaugentis
919 4150 1267 4224 propr-infue-
1353 4151 1519 4212 P1vs
1532 4189 1549 4223 2
1566 4163 1618 4204 et
1628 4152 1733 4219 fuit
1748 4150 1913 4212 aedilis
1928 4171 2069 4212 anno
2084 4155 2155 4208 U.
2169 4154 2231 4207 C.
2249 4158 2323 4227 67
2334 4172 2361 4220 η
2371 4195 2384 4206 .
