3025 5025
628 420 773 502 242
916 418 992 484 C.
1051 417 1336 490 JULlI
1393 415 1868 484 CAESARIS
1924 415 2481 484 COMMENT.

619 546 810 616 classi
840 548 1160 641 AEgyptiae
1187 558 1502 639 praeerat,
1536 545 1623 613 ad
1658 545 1939 614 Oricum
1976 545 2193 632 venit3
2224 545 2769 638 submersamque

617 657 876 741 navim,
909 650 1236 722 remulco²
1277 651 1635 745 multisque
1670 651 2077 720 contendens
2118 650 2418 740 funibus,
2450 649 2769 738 adduxit3

615 775 814 855 atque
857 759 1132 828 alteram
1167 782 1441 845 navem,
1482 783 1632 852 quae
1668 772 1815 826 erat
1851 756 1937 828 ad
1976 756 2344 836 custodiam
2400 757 2485 826 ab
2546 757 2767 826 Acilio

611 867 858 961 posita,
893 864 1194 960 pluribus
1237 889 1587 960 aggressus
1628 865 1943 952 navibUS‚
1980 864 2047 932 in
2092 864 2333 957 quibus
2375 863 2461 932 ad
2518 863 2764 932 libram

611 974 859 1052 fecerat
895 957 1168 1061 turres³‚
1198 985 1273 1041 ut
1303 996 1386 1040 ex
1423 972 1749 1065 superiori
1782 994 2087 1065 pugnans
2118 969 2267 1040 loco
2284 1023 2303 1058 ,
2332 972 2764 1064 integrosque

606 1187 700 1238 bas
713 1222 731 1250 ,
761 1203 872 1236 non
905 1185 1151 1253 Pompeii,
1187 1200 1374 1236 verum
1401 1194 1455 1235 et
1486 1183 1638 1232 Pom-

600 1267 740 1334 ponii
790 1282 1003 1335 quoque
1033 1261 1176 1332 filius
1223 1262 1381 1314 valet.
1425 1261 1544 1327 Tu,
1575 1273 1638 1313 ut

603 1345 764 1407 libet,
797 1344 1020 1412 Pompeii
1042 1330 1127 1394 ve]
1153 1343 1408 1412 Pompeius
1433 1341 1634 1394 retine:

603 1443 700 1494 ego
732 1425 836 1476 hoc
877 1422 1035 1476 malo,
1077 1423 1144 1476 D.
1182 1424 1426 1474 Vossrus.
1443 1453 1525 1464 —
1546 1423 1643 1474 Ad

609 1505 828 1556 Oricum.
855 1502 994 1557 Male
1022 1502 1272 1554 nonnulli
1297 1499 1477 1560 delent
1500 1521 1635 1572 prae-

599 1584 958 1655 positionem:
989 1601 1114 1633 nam
1156 1581 1440 1652 Pompeius
1485 1582 1634 1633 venit

601 1664 694 1723 ad,
721 1661 776 1714 id
801 1675 909 1726 est,
931 1663 1080 1732 juxta
1115 1660 1366 1725 Oricum;
1391 1659 1534 1712 idem
1556 1673 1634 1714 est

598 1760 660 1794 ac
705 1743 749 1794 si
797 1741 976 1805 dicas,
1007 1739 1076 1794 ad
1127 1753 1322 1794 terram
1366 1739 1546 1806 venit,
1570 1742 1631 1794 in

596 1840 700 1892 qua
732 1822 952 1874 Oricum
981 1833 1075 1873 est.

684 1922 734 1953 2.
769 1901 1010 1960 Remuleo.
1041 1900 1145 1950 Per
1184 1899 1437 1950 remulcum
1468 1900 1626 1953 Voss.

591 1980 844 2051 intelligit
887 1979 1220 2041 machinam,
1259 1997 1365 2049 qua
1407 1978 1627 2032 funibus

593 2060 877 2114 attrahitur
906 2059 1088 2123 navis,
1124 2072 1180 2111 et
1215 2057 1449 2130 denique
1479 2061 1629 2130 quic-

590 2139 726 2210 quid
769 2159 962 2192 navem
999 2140 1126 2192 fune
1169 2151 1484 2210 promovet,
1515 2140 1626 2192 sive

585 2221 825 2290 jumenta
841 2257 857 2283 ,
881 2221 992 2272 sive
1015 2219 1271 2272 machina
1284 2257 1300 2283 ,
1321 2219 1432 2271 sive
1453 2219 1627 2272 homi-

587 2319 684 2353 nes
705 2300 840 2365 sint;
857 2297 1002 2351 unde
1022 2299 1162 2370 legas
1179 2317 1265 2370 ap.
1289 2299 1406 2350 Liv.
1435 2299 1472 2352 l.
1499 2319 1622 2367 xxv,

588 2399 636 2432 c.
670 2381 776 2445 30,
810 2391 862 2432 et
895 2380 952 2430 in
978 2378 1200 2431 Ausonii
1237 2379 1486 2432 Mosella:

511 2471 516 2486 ¹
586 2465 641 2504 Et
659 2479 781 2519 quum
794 2478 864 2521 per
879 2466 1009 2519 ripen,
1023 2478 1225 2518 nunquam
1243 2475 1417 2504 cessante
1433 2465 1621 2512 remulco,

587 2538 806 2577 Inteudunt
825 2535 928 2575 collo
953 2535 1145 2574 malorum
1170 2534 1327 2574 vincula
1350 2544 1494 2575 nauta.

587 2619 696 2671 Ubi
726 2616 859 2689 quid
890 2616 1034 2669 aliud
1051 2617 1319 2669 remulcus
1342 2634 1619 2687 nunquam

583 2716 820 2764 cessans,
847 2716 1008 2769 quam
1031 2696 1198 2749 bestia
1222 2714 1340 2767 quae
1355 2716 1454 2767 per
1473 2697 1619 2768 ripas

583 2776 871 2831 decurrens
888 2815 905 2842 ,
948 2778 1076 2829 sune
1125 2775 1342 2827 attrahit
1387 2776 1617 2829 navem?

579 2860 654 2919 At
693 2856 760 2910 de
791 2856 1036 2909 machina
1066 2853 1243 2907 dicere
1280 2874 1368 2907 me
1396 2856 1641 2909 fortasse.

579 2937 847 3009 quispiam
891 2936 1134 2989 miretur.
1180 2936 1382 2989 Tamen
1427 2934 1617 2989 videor

578 3016 638 3070 id
662 3017 910 3087 colligere
932 3034 996 3067 ex
1023 3027 1266 3067 veterum
1293 3014 1613 3086 quibusdam

575 3097 726 3150 locis.
759 3097 824 3149 In
855 3095 940 3149 his
967 3094 1058 3147 ille
1088 3094 1320 3165 Hygini:
1342 3096 1404 3145 ab
1431 3096 1607 3157 Aott'O,

575 3176 780 3248 inquit,
803 3179 1083 3244 navigantes
1105 3176 1268 3226 stadia
1293 3194 1388 3236 xz,
1409 3181 1616 3228 veniunt

575 3257 647 3307 ad
665 3257 884 3309 isthmum
905 3252 1326 3317 Leucadiensium3
1346 3256 1415 3307 ibi
1430 3256 1606 3317 solent,

573 3340 758 3389 itmeris
780 3335 1023 3387 minuendi
1044 3354 1192 3385 causa
1216 3335 1443 3397 remulco,
1473 3356 1610 3407 quem

576 3416 747 3470 Groecc'
775 3417 1020 3469 πάκτωνα.
1065 3414 1262 3475 dicunt,
1295 3433 1460 3466 navem
1506 3427 1607 3467 tra-

569 3497 754 3549 ducere.
779 3498 994 3549 Ποίκτων
1014 3512 1171 3559 vero,
1195 3514 1226 3545 a
1249 3493 1400 3566 Πάγη
1416 3532 1432 3560 ,
1459 3495 1607 3565 quod

568 3590 649 3629 est
689 3577 936 3647 laqueum,
971 3573 1242 3636 tendicula,
1277 3586 1428 3626 notat
1458 3592 1605 3628 com-

567 3655 730 3727 pedes
768 3674 827 3710 ac
857 3652 1008 3725 quasi
1048 3654 1294 3709 frasnum.
1335 3654 1459 3707 Pari
1491 3674 1605 3709 me-

565 3736 790 3808 taphora
840 3734 1026 3789 Batavi
1076 3733 1292 3786 nautico
1341 3736 1603 3791 vocabulo

560 3828 756 3869 vocant
803 3835 945 3867 over·
959 3812 1145 3867 windam
1160 3850 1176 3874 ,
1221 3834 1363 3866 over·
1379 3826 1567 3869 toomen
1580 3836 1602 3869 .·

559 3893 912 3948 similitudine
941 3894 1010 3946 ab
1041 3894 1194 3965 equis
1225 3907 1435 3965 sumpta
1451 3934 1468 3961 ,
1499 3897 1595 3968 qui

557 3976 710 4027 freno
735 3972 1034 4039 ducuntur,
1059 3974 1157 4027 ubi
1183 3993 1354 4028 sessor
1380 3974 1596 4029 descen-

1726 1177 1938 1250 alligato
1966 1179 2315 1250 protrahitur.
2344 1180 2481 1232 Nam
2510 1181 2621 1233 nisi
2650 1201 2764 1236 ma-

1724 1259 2086 1311 chinationem
2114 1259 2272 1312 talem
2311 1260 2608 1332 intelligam,
2646 1281 2765 1333 quae

1722 1357 1911 1392 manus
1938 1358 2129 1391 navem
2153 1339 2332 1392 moliri
2350 1353 2535 1412 queat,
2569 1341 2616 1393 si
2634 1343 2765 1396 isth-

1721 1437 1859 1484 mus,
1874 1432 1965 1472 aut
1976 1420 2203 1490 injectus
2212 1420 2359 1472 alveo
2372 1439 2529 1491 agger
2538 1440 2762 1476 cursum

1720 1499 2000 1552 moretur?
2031 1499 2147 1552 Tali
2182 1519 2307 1552 vero
2334 1499 2500 1553 modo
2538 1501 2765 1556 Caesaris

1719 1578 2022 1632 machinam
2054 1577 2306 1631 describit
2338 1581 2582 1634 Vossius,
2628 1582 2761 1634 Infi-

1716 1671 1917 1728 guntur
1942 1660 2001 1711 in
2025 1671 2221 1712 terram
2253 1660 2361 1730 pali
2392 1659 2588 1713 directi
2620 1660 2761 1729 duc,

1716 1738 1911 1808 quibus
1964 1739 2183 1792 tertium
2228 1740 2436 1810 tignum
2484 1754 2761 1796 transver-

1715 1835 1835 1869 sum
1885 1818 2179 1884 incumbit,
2211 1837 2241 1870 a
2282 1839 2390 1890 quo
2441 1818 2761 1892 dependens

1714 1895 1863 1951 funis
1891 1899 2016 1951 navi
2048 1898 2292 1970 alligatur
2308 1938 2323 1966 ‚
2355 1898 2481 1952 dein
2512 1902 2759 1956 trochlea

1714 1978 1995 2030 attollitur.
2028 1977 2115 2031 sic
2152 1979 2313 2031 etiam
2342 1979 2431 2032 hic
2461 1980 2761 2053 Pompeius

1713 2058 1971 2110 remulcum
1989 2058 2047 2110 in
2066 2071 2285 2130 portum
2299 2057 2487 2112 defixit
2502 2101 2519 2128 ‚
2540 2074 2597 2113 et
2616 2065 2760 2116 mul·

1712 2136 1779 2190 tis
1811 2135 2137 2192 contendens
2166 2139 2418 2205 funibus,
2451 2139 2757 2214 demersam

1710 2235 1902 2270 navem
1928 2217 2170 2272 extraxit.
2194 2219 2426 2272 Funium
2450 2221 2757 2275 multitudo

1709 2297 1856 2350 utilis
1873 2335 1889 2363 ,
1908 2298 2034 2369 quia
2057 2311 2206 2351 tanto
2228 2301 2398 2370 major
2415 2301 2495 2353 vis
2515 2301 2577 2353 in
2595 2315 2759 2356 attra-

1708 2375 1889 2430 hendo
1905 2415 1921 2442 ,
1949 2391 2151 2448 quanto
2177 2398 2207 2430 a
2228 2380 2472 2450 pluribus
2502 2383 2758 2452 partibus

1706 2457 1856 2511 navis
1903 2455 2093 2511 eodem
2134 2470 2374 2531 tempore
2416 2460 2754 2520 sublevatur.

1708 2534 1843 2603 Sed,
1876 2550 1937 2591 ut
1966 2536 2109 2604 dixi,
2132 2558 2243 2591 non
2274 2540 2447 2593 solum
2476 2542 2614 2595 tales
2638 2564 2755 2599 ma-

1705 2617 1887 2671 chinas
1918 2616 2137 2671 denotat
2166 2621 2399 2671 remulcus
2416 2657 2433 2686 ,
2461 2640 2666 2675 verum
2700 2637 2755 2677 et

1704 2698 1885 2749 omnia
1904 2717 2023 2768 quae
2047 2699 2174 2751 fune
2190 2716 2379 2752 navem
2394 2704 2752 2771 protrahunt.

1789 2778 1841 2831 3.
1875 2778 1969 2831 Ad
1996 2778 2167 2829 libram
2194 2782 2385 2846 ficerat
2429 2793 2609 2835 turres.
2654 2786 2753 2837 Di·

1703 2869 1900 2910 cuntur
1960 2871 2133 2911 turres
2187 2858 2255 2911 ad
2307 2860 2503 2913 libram
2564 2863 2753 2929 factae,

1702 2938 1825 3007 quia
1877 2937 2019 2990 binae
2064 2952 2215 2991 erant
2260 2939 2314 2991 in
2364 2932 2523 3006 navi,
2552 2945 2647 2996 vel
2692 2946 2751 2997 iu

1700 3035 1861 3087 prora
1902 3030 1954 3070 et
1992 3019 2199 3090 puppi,
2228 3020 2312 3072 vel
2344 3017 2412 3071 ad
2445 3034 2752 3095 utrumque

1698 3096 1867 3162 latus,
1914 3111 1977 3150 ut
2023 3099 2187 3151 altera
2238 3100 2453 3153 alterius
2506 3118 2751 3174 aequaret

1698 3175 1942 3247 pondus,
1973 3196 2043 3230 ne
2095 3180 2255 3232 turris
2305 3180 2611 3237 inclinaret.
2666 3186 2773 3237 De'

1697 3256 1781 3309 his
1810 3257 2045 3311 turribus
2080 3257 2335 3313 scheffer.
2363 3258 2433 3312 de
2461 3263 2579 3315 mil.
2618 3283 2745 3317 nat

1696 3353 1776 3402 11,
1809 3336 1861 3391 5.
1894 3338 2133 3391 casnm.
2156 3340 2358 3391 Tamen
2385 3340 2493 3393 hoc
2526 3342 2746 3397 addita-

1696 3430 1938 3471 mentum
1966 3419 2037 3471 ad
2054 3418 2225 3471 libram
2254 3420 2415 3472 Moro
2440 3421 2646 3493 frigere
2670 3425 2750 3477 vi-

1694 3494 1885 3561 detur,
1917 3516 2085 3569 quum
2131 3517 2291 3551 nemo
2339 3500 2439 3565 sit,
2475 3504 2574 3573 qni
2624 3524 2741 3557 non

1691 3576 1950 3649 intelligat
1966 3616 1982 3643 ,
2010 3578 2238 3631 artifices
2274 3593 2537 3651 spectasse
2569 3585 2745 3655 aequi-

1690 3655 1929 3711 librium.
1970 3659 2311 3713 Rhellicanus
2342 3660 2743 3733 interpretatur

1690 3736 1763 3787 ad
1781 3739 2168 3808 perpendiculum
2198 3740 2367 3806 facere
2389 3761 2410 3793 .·
2442 3740 2539 3795 sed
2578 3756 2639 3795 et
2680 3744 2743 3799 id

1689 3835 1905 3889 quoque
1930 3817 2279 3890 intelligitur,
2312 3832 2363 3872 et
2394 3821 2591 3875 inutile
2622 3823 2745 3877 dic-

1688 3908 1747 3949 tu
1781 3896 1953 3951 videri
1982 3899 2166 3969 possit.
2205 3898 2507 3955 Hotmanus
2548 3917 2739 3957 autem

1684 3988 1836 4029 turres
1858 3977 2065 4049 ejusdem
2087 3979 2382 4044 altitudines,
2412 3983 2565 4052 quasi
2586 3983 2738 4037 libra

557 4054 669 4119 δίη
697 4055 770 4107 ita
801 4067 854 4107 et
883 4055 1032 4107 navis
1059 4055 1207 4110 velut
1230 4056 1384 4109 freno
1416 4075 1591 4126 prorae
1680 4055 1943 4115 dimensas
1958 4072 2012 4111 et
2028 4060 2347 4121 examinatas,
2363 4099 2380 4127 ,
2396 4063 2575 4132 qualia
2596 4077 2735 4117 sunt

2954 4800 2981 4973 ῌ-
