3025 5025
919 452 1000 522 C.
1051 450 1336 533 JULII
1391 450 1857 520 CAESARIS
1912 450 2464 520 COMMENT.

601 583 777 658 blica
799 583 1280 676 removendum
1297 583 1573 652 censuit.
1602 584 1749 651 Hoc
1772 581 2045 650 decreto
2062 605 2219 652 eum
2252 581 2485 653 consul
2514 600 2779 653 senatu

603 677 950 787 prohibuit
969 744 986 778 ‚
1009 707 1078 760 et
1109 691 1492 760 concionari
1528 702 1883 758 conantem
1906 687 2564 760 de.rostris-deduxit.
2596 689 2775 780 Ille,

603 798 1065 891 ignominia.et
1095 795 1326 868 dolore
1363 811 1738 891 permotus,
1772 794 1995 890 palam
2016 819 2087 864 se
2115 795 2449 889 proficisci
2470 797 2567 866 ad
2596 799 2775 867 Cae-

603 929 818 980 sarem
861 902 1462 991 simulavit301am‚
1491 903 1754 972 nuntiis
1776 899 2256 972 adMilonem²
2295 903 2507 972 missis
2547 895 2735 998 (qui
2754 957 2779 992 ,

603 1009 842 1082 Clodio
885 1010 1246 1080 ‘interfecto
1268 1063 1287 1095 ,
1325 1035 1406 1080 eo
1447 1010 1722 1078 nomine
1762 1023 1909 1080 erat
1942 1000 2387 1097 damnatus),
2426 1023 2633 1106 atque
2680 1033 2773 1081 eo

603 1118 674 1184 in
710 1115 970 1186 Italiam
989 1179 996 1186 .
1015 1131 1328 1203 evocato,
1371 1114 1589 1211 quod,
1630 1115 2321 1210 magniS.muneribus
2364 1114 2567 1204 datis,
2605 1115 2773 1211 gla-

602 1221 898 1292 diatoriae
935 1222 1198 1293 familiae
1235 1221 1547 1317 reliquias
1586 1221 1921 1311 habebat,
1966 1222 2091 1291 sibi
2132 1222 2505 1316 conjunxit,
2550 1223 2775 1317 ahq'ue

603 1353 758 1402 eum
788 1331 858 1398 in
880 1329 1260 1402 Thurinum
1287 1329 1392 1402 ad
1403 1327 1851 1401 sollicitandos
1890 1343 2193 1423 pastores
2224 1330 2565 1447 praemisit.
2598 1332 2776 1427 Ipse

603 475 754 522 220

601 1419 808 1529 quum
873 1435 1238 1506 Casilinum
1300 1438 1639 1524 venisset,
1684 1459 1951 1529 unoque
2000 1445 2304 1529 tempore
2364 1436 2554 1530 signa
2614 1436 2773 1529 ejus

599 1527 938 1610 militaria³
981 1556 1180 1636 atque
1223 1567 1410 1612 arma
1444 1488 1697 1638 Capliae
1732 1556 1953 1612 essent
1990 1541 2502 1637 comprehensa,
2548 1557 2621 1612 et
2664 1541 2772 1613 fa·

599 1646 783 1718 milia
821 1647 1103 1744 Neapoli
1143 1650 1319 1737 visa,
1351 1665 1553 1742 atque
1596 1647 1885 1743 proditio
1934 1647 2165 1744 oppidi
2208 1664 2599 1743 appareret3
2644 1675 2773 1744 pa-

601 1754 861 1823 tefactis
908 1754 1226 1844 consiliis,
1269 1754 1574 1824 exclusus
1618 1758 1855 1850 Capua
1875 1809 1897 1842 ‚
1938 1769 2008 1823 et
2056 1754 2428 1850 periculum
2470 1757 2776 1845 νεάτας,

600 1860 780 1954 quod
839 1876 1208 1931 conventus
1261 1886 1446 1930 arma
1499 1875 1769 1956 ceperat
1789 1916 1810 1950 ‚
1863 1875 2060 1956 atque
2124 1887 2277 1931 eum
2330 1862 2545 1952 hostis
2606 1862 2775 1934 loco

600 1966 987 2044 habendum
1031 1968 1484 2057 existimabat,
1530 1968 1805 2039 consilio
1848 1969 2133 2058 destitit,
2168 1983 2366 2064 atque
2402 1994 2489 2038 eo
2520 1971 2779 2041 itinere

600 2097 742 2141 sese
779 2075 1040 2143 avertit.

707 2182 933 2284 XXII.
960 2182 1238 2249 Interim
1271 2180 1469 2270 Milo,
1492 2183 1777 2251 dimissis
1808 2184 2063 2252 circum
2090 2183 2455 2278 municipia
2483 2181 2733 2254 litteris
2752 2238 2775 2272 ,

604 2309 683 2353 ea
705 2339 726 2374 ,
771 2313 917 2382 quae
968 2286 1254 2375 faceret,
1303 2290 1492 2382 jussu
1542 2303 1741 2382 atque
1802 2289 2083 2386 imperio
2145 2289 2366 2358 facere
2419 2274 2787 2384 Pompeii,'

607 2417 756 2487 quae
797 2394 1115 2463 mandata
1155 2395 1239 2464 ad
1276 2420 1372 2464 se
1365 2419 1498 2490 per
1541 2394 1888 2465 Bibulum¹
1924 2395 2141 2465 delata
2184 2409 2433 2484 essent,
2470 2421 2649 2491 quos
2686 2423 2771 2466 ex

695 2648 748 2681 2.
778 2625 872 2679 Ad
897 2626 1148 2679 Mllonem.
1173 2626 1272 2678 Ille
1297 2638 1408 2691 est,
1425 2625 1513 2679 cui
1532 2644 1641 2679 vox

606 2705 698 2761 illa
708 2706 970 2778 principis
981 2723 1331 2758 romanorum
1342 2718 1647 2770 oratorum,

613 2804 732 2859 quoe
764 2786 920 2855 toties
952 2785 1068 2838 aliis
1097 2785 1356 2856 opitulata
1386 2798 1466 2838 est
1480 2823 1497 2851 ‚
1528 2805 1643 2838 non

605 2866 786 2939 potuit
814 2865 1086 2937 opitulari.
1134 2867 1200 2917 In
1238 2865 1460 2919 exilium
1489 2865 1642 2919 dam·

610 2958 768 2999 natus
794 2944 1040 2997 Massiliae
1056 2943 1282 3015 degebat
1299 2945 1450 2997 Milo.
1469 2946 1643 2999 Porro

615 3026 792 3079 Caesar
836 3024 1014 3077 exules
1057 3044 1230 3097 nuper
1269 3038 1609 3079 revocaverat
1624 3062 1643 3091 ,

614 3096 772 3166 (vide
793 3122 909 3175 cap.
940 3100 1035 3169 1),
1053 3124 1162 3157 uno
1181 3106 1384 3158 Milone
1403 3118 1640 3177 excepto.

613 3182 752 3238 Inde
764 3182 952 3237 odium
970 3185 1082 3257 ejus
1099 3186 1157 3237 in
1172 3185 1449 3240 Caesarem.
1468 3185 1643 3248 Porro

612 3264 750 3317 Milo
771 3262 986 3316 videtur
1020 3264 1180 3319 fuisse
1209 3284 1240 3317 e
1278 3278 1434 3335 gente
1468 3264 1645 3317 Annia

614 3342 905 3408 oriundus,
922 3364 1042 3415 quae
1053 3383 1070 3410 ,
1088 3344 1320 3417 plebeia,
1340 3346 1542 3398 nullam
1562 3363 1647 3397 su·

608 3424 880 3497 perior-em
889 3437 1118 3495 praetura
1129 3424 1442 3495 dignitatem
1451 3424 1643 3495 attigit.

614 3504 910 3574 —Magnis
929 3506 1196 3557 muneribus
1213 3505 1359 3557 datis.
1375 3504 1510 3557 Milo
1532 3523 1645 3557 ma·

611 3603 717 3657 gna
729 3603 952 3637 munera
965 3584 1226 3655 ludosque
1245 3584 1488 3655 publicos
1499 3584 1647 3655 plebi

617 3663 864 3731 dederat,
883 3663 1015 3717 dum
1033 3663 1338 3719 aedilitatem
1357 3677 1643 3717 exerceret.

617 3743 764 3797 Vide
790 3745 962 3798 Cicer.
983 3764 1086 3815 pro
1109 3744 1224 3797 Mil.
1245 3762 1362 3815 cap.
1383 3745 1453 3797 35
1467 3781 1485 3809 ‚
1499 3743 1646 3797 unde

614 3842 830 3896 magnas
843 3823 1198 3896 gladiatorum
1213 3823 1434 3877 familias
1450 3824 1649 3879 habue-

617 3917 703 3957 rat
715 3942 733 3970 ‚
769 3923 998 3976 quarum
1052 3904 1290 3975 reliquiae
1333 3924 1444 3957 non
1492 3904 1648 3975 parvi

617 3996 771 4038 erant
799 3985 1074 4038 momenti.
1104 3984 1247 4037 Vide
1274 4002 1392 4057 quae
1414 3983 1647 4048 diximus

620 4061 688 4117 de
706 4064 920 4117 familiis
937 4062 1286 4137 gladiatorum
1300 4102 1317 4129 ,
1337 4066 1373 4121 l.
1401 4084 1454 4131 J,
1473 4084 1521 4119 c.
1550 4065 1643 4135 75.

702 4144 754 4197 3.
771 4143 927 4215 Signa
945 4147 1047 4215 ejus
1067 4144 1316 4209 militaria,
1333 4158 1476 4217 atque
1487 4164 1641 4211 arma,

1727 2624 1931 2679 Eadem
1948 2638 2130 2677 narrat
2142 2624 2247 2677 Dio
2266 2625 2432 2691 Cass„
2449 2624 2487 2677 l.
2502 2643 2647 2690 χιιι,
2670 2627 2781 2683 25..

1728 2706 1988 2777 —Atque
2017 2705 2239 2776 proditio
2282 2703 2449 2775 oppidi
2484 2719 2769 2775 appareret.

1728 2785 1899 2838 Aliter
1928 2785 2042 2837 haee
2071 2785 2323 2856 leguntur
2353 2784 2411 2837 in
2440 2786 2648 2838 nostris
2676 2805 2769 2841 co-

1728 2863 1938 2919 dicibus
1960 2884 1975 2917 :
2004 2877 2055 2915 et
2066 2866 2268 2933 familia
2292 2867 2427 2927 visa,
2455 2884 2568 2936 quoe
2586 2868 2769 2935 prodi·-

1731 2946 2054 3016 tioneoppidi
2090 2955 2344 3017 appareret
2358 2966 2379 3007 ,·
2416 2963 2528 3017 quo
2566 2963 2735 2999 sensu
2750 2984 2769 3012 ,

1728 3024 1927 3077 neseio.
1952 3025 2137 3089 Leetio
2162 3037 2351 3089 nostra
2389 3036 2471 3078 est
2506 3025 2769 3079 emenda-

1730 3104 1809 3157 tio
1836 3105 2225 3169 recentiorum,
2251 3116 2305 3157 et
2332 3118 2481 3157 recta
2501 3104 2767 3175 quidem:

1729 3185 2129 3255 comprehensis
2155 3183 2301 3249 enim
2322 3184 2546 3237 Milonis
2572 3187 2739 3239 armis
2752 3226 2775 3254 ,

1731 3276 1785 3317 et
1814 3264 1865 3317 N
1867 3263 2455 3337 eapoligladiatoribus
2484 3267 2602 3334 ejus
2630 3280 2769 3321 ‘con-

1731 3345 1949 3415 spectis;
1964 3344 2039 3397 sic
2056 3355 2275 3417 apparet
2290 3342 2533 3416 proditio
2550 3346 2622 3397 ab
2641 3344 2769 3399 hos-

1731 3424 1875 3489 tibus
1900 3424 2119 3480 Caesaris
2145 3424 2341 3495 Capua
2362 3423 2769 3477 imminens.—

1730 3505 1867 3557 Eum
1894 3506 2043 3571 hostie
2074 3504 2196 3567 Ioco.
2218 3503 2459 3565 Scilicet,
2490 3504 2761 3567 Milonem,

1733 3602 1895 3655 quem
1924 3585 1985 3651 vi,
2011 3596 2065 3637 et
2095 3584 2255 3637 armis
2274 3581 2639 3637 coercendum
2652 3604 2767 3639 esse

1732 3676 1944 3717 senatus
1956 3666 2141 3717 Roma
2162 3674 2527 3732 oensuerat,ut
2543 3664 2623 3716 ait
2639 3665 2769 3732 Dio,

1731 3743 1852 3796 loco
1884 3744 2065 3797 citato.

1815 3824 1944 3877 Cu.
1958 3825 2141 3879 XXII.
2172 3842 2220 3877 1.
2240 3824 2343 3875 Per
2360 3822 2607 3878 Bibulum.
2630 3824 2772 3877 Vos-

1731 3903 1843 3959 sius
1870 3903 2051 3959 mallet
2072 3923 2162 3975 per
2198 3902 2490 3965 Vibullium,
2510 3903 2641 3973 quia
2672 3902 2769 3955 Bi-

1732 3984 1891 4037 bulus
1914 3987 2027 4057 jam
2056 3996 2301 4047 mortuus
2330 3995 2461 4045 erat.
2492 3982 2768 4035 Vibullium

1732 4064 1927 4135 legitur
1952 4064 2011 4119 in
2038 4061 2159 4118 eod.
2175 4064 2289 4117 Pet.
2306 4064 2598 4135 Per-peram
2614 4080 2631 4114 ε
2658 4062 2769 4115 hoc

1732 4145 1855 4211 loco
1878 4144 2221 4215 intelligitur,
2238 4144 2495 4200 Bibulum
2512 4139 2769 4211 mandata
