3025 5025
577 437 718 513 DE
771 435 1121 504 BELLO
1173 435 1546 504 CIVILI.
1603 436 1793 506 LIB.
1850 434 1951 505 II.

2204 458 2350 534 129

231 565 626 661 mentitisque
664 582 1118 636 exterreamur
1147 591 1163 636 ε
1192 571 1452 636 ustum
1487 567 1745 635 accidit.
1782 568 2129 638 Adventus
2176 572 2354 638 enim

229 674 294 740 L.
335 673 591 743 Nasidii
635 698 898 747 summa
940 699 1057 774 spe
1093 689 1160 743 et
1195 671 1549 744 voluntate
1592 675 1930 744 civitatem
1976 675 2353 770 compleve-

231 792 336 846 rat.
379 781 580 852 Nacti
621 780 939 849 idoneum
985 791 1263 850 ventum
1286 832 1306 867 ‚
1363 805 1445 848 ex
1483 793 1685 873 portu
1726 795 1970 849 exeunt
1988 835 2008 868 ,
2052 797 2122 850 et
2172 785 2354 861 Tau-

231 899 449 976 roenta
461 872 510 975 ⁴,
552 887 738 981 quod
773 900 874 956 est
909 885 1254 956 castellum
1295 885 1812 956 Massiliensium
1829 939 1849 974 ,
1885 887 1971 955 ad
2007 888 2358 958 Nasidium

231 995 613 1084 perveniunt
633 1047 654 1082 ,
709 993 932 1088 ibique
991 1017 1194 1062 naves
1255 993 1615 1088 expediunt
1646 1046 1667 1082 ‚
1724 1017 2087 1088 rursusque
2148 1019 2217 1063 se
2274 995 2359 1063 ad

231 1099 707 1194 confligendum
735 1103 962 1168 animo
991 1099 1424 1186 confirmant,
1447 1115 1515 1169 et
1537 1098 1817 1168 consilia
1840 1103 2355 1169 communicant.

230 1205 463 1274 Dextra
500 1230 661 1300 pars
703 1204 1226 1276 Massiliensibus
1281 1207 1670 1304 attribuitur
1689 1260 1708 1294 ,
1756 1207 2020 1275 sinistra
2064 1207 2355 1276 Nasidio.

321 1313 399 1381 V.
457 1313 721 1382 Eodem
755 1312 1024 1384 Brutus¹
1071 1313 1448 1402 contendit,
1496 1327 1694 1382 aucto
1730 1315 2003 1382 navium
2038 1337 2357 1382 numero:

231 1522 418 1597 risque;
447 1542 580 1576 nam
609 1542 712 1595 pro
740 1524 1040 1576 latitantibus
1053 1563 1069 1586 ,
1101 1521 1248 1578 adest

231 1600 354 1672 apud
379 1604 584 1656 multos
607 1604 840 1666 latitatis,
872 1623 1040 1676 pravo
1071 1622 1244 1656 sensu.

229 1681 403 1736 Noster
432 1682 609 1737 codex
629 1685 807 1756 regius
839 1683 991 1754 5768
1019 1702 1050 1735 a
1071 1684 1247 1755 prima

231 1779 371 1815 manu
399 1767 590 1827 invisis,
633 1765 934 1816 latitantibus
947 1803 964 1826 ,
998 1776 1140 1836 atque
1171 1767 1247 1814 in·

231 1847 449 1912 cognitis,-
480 1856 536 1897 et
561 1863 663 1916 pro
694 1843 868 1914 prima
896 1861 1027 1897 voce
1042 1881 1059 1908 ,
1091 1843 1247 1894 obelo

231 1923 491 1988 transfixa,
529 1925 588 1976 in
632 1924 870 1994 margine
907 1924 1100 1994 legitur
1143 1924 1251 1974 uni-

233 2006 380 2064 versis,
425 2003 632 2056 insulsa
660 2005 844 2075 glossa.
889 2003 1040 2054 Alter
1081 2001 1249 2054 codex

233 2080 394 2152 5764,
429 2084 660 2138 latitatis.
678 2083 880 2136 Prioris
903 2081 1023 2136 cod.
1045 2082 1247 2152 'optima

233 2173 299 2214 est
322 2162 484 2216 lectio
499 2201 517 2228 ,
563 2182 692 2229 nec,
725 2176 786 2216 ut
811 2169 1001 2234 putant
1033 2160 1250 2214 Ouden-

232 2237 441 2314 dorpius
461 2256 516 2296 et
533 2244 804 2306 Davisius,
827 2243 929 2295 tria
953 2242 1068 2294 hoec
1086 2242 1250 2294 verba

231 2339 518 2396 synonyma
543 2335 683 2376 sunt.
710 2323 908 2375 Tribus
929 2321 1106 2375 verbis
1131 2315 1249 2374 Cae·

231 2421 304 2454 sar
325 2401 581 2458 describit
607 2422 694 2457 res
708 2403 912 2456 fumas
934 2401 1001 2454 de
1023 2419 1251 2472 quarum

233 2483 362 2535 exitu
389 2503 507 2539 non
545 2496 783 2539 constat:
807 2483 1032 2543 scilicet,
1061 2500 1145 2534 res
1173 2481 1254 2533 fu-

232 2573 350 2615 turae
366 2578 460 2618 aut
487 2578 616 2619 sunt
645 2584 740 2617 non
763 2574 876 2614 ante
897 2566 1044 2624 visoe,
1068 2574 1159 2614 aut
1180 2562 1253 2612 la·

235 2652 324 2693 tent
339 2648 390 2695 in
417 2646 648 2715 ambiguo
663 2683 677 2706 ‚
713 2656 805 2697 aut
833 2636 945 2695 non
963 2660 1255 2711 cognoscun-

234 2734 323 2784 tur,
369 2744 484 2780 non
524 2720 907 2797 praevidentur.
941 2722 1092 2774 Nihil
1127 2738 1254 2792 ergo

231 2804 640 2859 mutandum.—
649 2804 1012 2855 Extat-camur.
1031 2801 1254 2854 Nullum

233 2879 313 2935 hic
333 2902 441 2939 esse
468 2884 663 2939 terrori
682 2884 862 2936 locum
887 2893 1071 2935 monet
1091 2882 1252 2935 Bent-

229 2959 354 3015 leius
371 2982 384 3016 :
401 2979 457 3019 et
476 2978 686 3021 certum
709 2976 789 3016 est
802 3002 819 3029 ‚
833 2963 970 3015 male
989 2961 1254 3014 cohaerere

236 3060 348 3094 cum
360 3047 725 3119 sequentibus.
740 3040 974 3096 Proinde
988 3041 1090 3112 legi
1105 3040 1256 3112 jubet

234 3121 353 3188 iste,
383 3130 661 3195 efferamur.
698 3123 908 3175 Omm..
945 3140 1058 3174 non
1088 3121 1252 3185 male,

235 3200 319 3253 sed
347 3207 457 3263 sine
491 3204 820 3260 auctoritate.
850 3204 934 3255 Ita
969 3201 1251 3271 Galgacus,

236 3280 287 3331 in
307 3284 413 3341 Vit.
446 3287 626 3358 Agr-ic.
650 3304 697 3337 c.
735 3284 809 3337 30
833 3301 846 3336 :
868 3282 1021 3335 Omne
1040 3284 1253 3349 ignotum

230 3379 316 3429 Pro
344 3366 599 3439 magnifico
627 3377 716 3417 est.

319 3454 369 3510 4.
409 3450 706 3500 Tam-venta.
746 3441 1084 3495 Accusativus
1119 3439 1254 3510 sing.

236 3527 370 3581 vocis
396 3545 582 3599 graecae
611 3524 868 3594 Ταυρόεις,
906 3534 966 3573 ut
998 3523 1108 3592 jam
1137 3537 1255 3571 mo·

237 3608 350 3660 nuit
364 3606 576 3671 Clark.;
594 3623 706 3657 non
723 3600 1083 3655 nominativus
1095 3636 1112 3665 ‚
1129 3615 1255 3661 nec,

238 3698 294 3739 ut
316 3700 464 3758 putat
485 3684 716 3737 Danville
727 3722 742 3745 ,
772 3680 1124 3734 accusativum
1141 3679 1260 3749 plu-

234 3767 388 3821 ralem
415 3786 446 3819 a
479 3768 822 3819 Tauroentum.
858 3758 1001 3813 Vide
1025 3757 1258 3811 indicem

241 3846 661 3918 geographicum.
757 3866 764 3873 ·

318 3928 441 3981 Car.
468 3928 539 3978 V.
570 3942 620 3979 1.
651 3923 854 3976 Brutus.
890 3917 1137 3971 Decimus
1161 3917 1258 3969 Ju-

239 4005 354 4059 nius
379 4008 574 4059 Brutus
589 4041 605 4068 ,
633 4004 786 4073 cujus
813 4003 922 4069 jam
955 4016 1129 4051 sermo
1158 3997 1262 4050 fuit

241 4084 296 4135 in
318 4086 458 4138 Bello
485 4084 694 4140 Gallico
709 4120 727 4148 ,
755 4081 954 4152 quique
977 4091 1039 4131 ut
1063 4076 1262 4131 adoles-

347 4198 448 4264 II.

1315 1543 1454 1577 cens
1475 1522 1802 1594 designatur,
1814 1523 2074 1578 oriundus
2090 1537 2202 1578 erat
2224 1545 2255 1578 e
2280 1545 2361 1580 ce·-

1330 1604 1611 1655 leberrima
1632 1615 1788 1674 gente
1804 1605 1836 1654 J
1842 1604 1963 1655 unia
1980 1641 1995 1668 ,
2019 1624 2137 1676 quae
2160 1625 2358 1659 nomen

1331 1683 1521 1735 habuit
1562 1701 1591 1735 a
1635 1683 1669 1734 J
1672 1683 1800 1734 unio
1844 1685 2026 1739 AEneae
2072 1687 2295 1752 comite,
2329 1706 2360 1740 a

1331 1780 1440 1834 quo
1471 1762 1735 1833 originem
1761 1763 1948 1827 traxit,
1980 1776 2165 1817 autore
2196 1767 2355 1822 Dion.

1331 1841 1602 1895 Halicarn.
1630 1860 1643 1894 ε
1666 1843 1826 1913 hujus
1873 1841 2086 1895 familiai
2112 1845 2359 1918 princeps

1333 1935 1385 1974 et
1405 1923 1711 1976 notissimus
1741 1923 1802 1974 L.
1831 1917 2023 1974 Junius
2045 1925 2242 1978 Brutus
2268 1944 2357 1979 co·

1333 2014 1521 2072 gnatus
1550 2001 1967 2072 Tarquiniorum
1982 2041 1999 2068 ,
2030 2003 2123 2074 qui
2152 1999 2363 2059 liberta-

1333 2095 1442 2136 tem
1459 2094 1512 2134 et
1526 2083 1858 2134 consulatum
1870 2082 2117 2136 instituit.
2134 2084 2363 2139 Patricia

1333 2175 1447 2215 erat
1475 2162 1567 2213 illa
1592 2181 1719 2232 gens
1734 2200 1751 2227 ,
1775 2175 1828 2214 et
1858 2161 2076 2233 quidem
2100 2167 2363 2235 majorum

1333 2242 1600 2313 gentium3
1623 2240 1740 2304 sed,
1759 2253 1819 2293 ut
1836 2254 2053 2314 apparet
2068 2281 2083 2308 ,
2102 2263 2209 2313 quo
2230 2257 2364 2297 tem-

1334 2339 1468 2393 pore
1481 2321 1849 2373 contentiones
1874 2323 2123 2392 patricios
2149 2323 2365 2377 intel-'et

1335 2400 1571 2472 plebeios
1578 2412 1709 2452 ortae
1718 2412 1844 2451 sunt
1850 2419 1949 2470 pro
1964 2401 2255 2467 consulatu,
2264 2423 2363 2473 per

1337 2471 1684 2552 adoptionem
1718 2479 1776 2531 in
1814 2473 2076 2551 plebeiam
2109 2482 2363 2537 familiam

1337 2560 1567 2623 transfit,
1580 2558 1727 2631 quod
1739 2572 1884 2629 patet
1898 2578 1961 2611 ex
1970 2561 2113 2613 fastis
2128 2564 2365 2615 consula·
2466 2586 2471 2593 ·

1336 2641 1485 2693 ribus
1515 2652 1569 2691 et
1588 2639 1807 2690 Liviana
1831 2637 2201 2710 chronologia3
2232 2662 2359 2695 nam

1337 2738 1372 2773 a
1411 2720 1589 2791 primo
1629 2718 1731 2771 isto
1767 2720 1935 2771 Bruto
1963 2737 2129 2789 usque
2168 2719 2235 2773 ad
2266 2738 2359 2775 an·—

1337 2818 1470 2851 num
1511 2800 1653 2863 430,
1692 2795 1751 2848 id
1783 2809 1888 2863 est,
1924 2799 2134 2852 circiter
2168 2801 2241 2853 35
2273 2802 2361 2857 vel

1342 2886 1416 2943 4ο
1435 2918 1451 2945 ,
1477 2891 1598 2950 post
1628 2878 1959 2931 consulatum
1988 2879 2208 2950 plebeiis
2233 2901 2361 2935 con-

1337 2959 1542 3012 cessum
1557 2997 1573 3024 ,
1596 2958 1776 3010 nullus
1816 2972 2035 3030 apparet
2074 2960 2267 3014 Iunius
2303 2964 2363 3015 in

1337 3040 1545 3110 magnis
1559 3038 1973 3109 magistratibusj
1994 3052 2048 3092 et
2059 3054 2181 3111 post
2192 3040 2361 3109 hunc,

1337 3120 1564 3172 Iunium
1596 3118 1821 3171 Brutum
1858 3116 2088 3172 Scaevam
2120 3124 2329 3192 reperio
2346 3159 2362 3190 ‚

1339 3200 1434 3271 qui
1462 3198 1735 3251 refertura
1754 3198 1909 3250 Livio
1937 3198 2007 3251 ad
2032 3220 2116 3252 an.
2148 3202 2261 3265 430
2279 3204 2365 3255 vel

1344 3286 1456 3348 4²9
1474 3317 1490 3343 ,
1519 3276 1645 3330 inde
1673 3278 1735 3329 C.
1772 3279 1804 3328 J
1808 3280 1995 3331 unium
2032 3282 2331 3334 Bubulcum
2350 3320 2363 3347 ,

1339 3359 1635 3428 Juniosque
1682 3358 1893 3411 Paullos
1912 3398 1928 3423 ‚
1967 3380 2053 3413 an.
2105 3363 2217 3429 498
2240 3396 2257 3426 ,
2303 3379 2367 3413 ex

1340 3438 1456 3491 fast.
1479 3438 1723 3509 capitol.;
1740 3450 1794 3489 et
1818 3440 1871 3489 in
1888 3437 2103 3503 iisdem,
2119 3446 2203 3492 an.
2232 3440 2263 3492 5
2272 3440 2345 3510 75
2354 3480 2371 3505 ,

1339 3518 1534 3589 legitur
1562 3516 1755 3569 ,Iunius
1780 3518 1855 3569 M.
1886 3518 1945 3570 F.
1979 3520 2040 3570 L.
2073 3519 2141 3571 N.
2170 3520 2367 3573 Brutus

1343 3598 1464 3651 cos.
1495 3616 1619 3649 cum
1642 3596 1781 3647 Aulo
1805 3594 2007 3649 Manlio
2031 3598 2269 3651 Vulsone
2283 3637 2299 3664 ,
2319 3614 2372 3652 et

1341 3690 1422 3741 est
1461 3677 1667 3748 primus
1704 3689 1826 3746 post
1862 3676 2163 3747 principem
2200 3680 2371 3748 gentis

1342 3758 1597 3821 Brutum,
1624 3756 1718 3826 qui
1735 3756 1893 3826 hujus
1918 3774 2210 3825 cognomen
2233 3776 2373 3811 rece-

1343 3838 1442 3907 pit.
1470 3837 1729 3888 Praeterea
1749 3854 1932 3887 omnes
1956 3838 2105 3905 cujus
2123 3856 2371 3893 nummos

1344 3916 1601 3968 habemus
1612 3914 1917 3984 superstites
1930 3916 2259 3970 tribunatum
2268 3922 2374 3990 ple-

1345 3996 1429 4048 his
1459 3998 1761 4064 gesserunt,
1793 4007 1845 4045 et
1870 3995 1960 4046 illa
1984 3998 2271 4053 certissima
2296 4012 2374 4054 est

1346 4086 1476 4129 nota
1522 4071 1741 4145 plebeiae
1784 4076 1967 4144 gentis.
2011 4077 2373 4135 Nihilominus

1960 4210 2008 4280 9
