3025 5025
589 461 730 528 DE
774 435 1124 528 BELLO
1181 459 1557 528 CIVILI.
1604 459 1802 528 LIB.
1858 461 2000 529 111.

221 616 322 664 sar
361 595 908 689 appropinquare
945 567 1296 661 dicebatur
1317 591 1362 680 ²,
1405 607 1631 662 tantus
1694 607 1913 662 terror
1959 595 2195 664 incidit
2228 597 2395 688 ejus

219 703 562 790 exercitui,
586 700 770 796 quod
793 723 1163 796 properans
1197 715 1466 769 noctem
1493 700 1623 768 diei
1654 701 2119 794 conjunxerat,
2151 727 2367 798 neque

220 808 331 876 iter
373 809 854 892 intermiserat,
894 821 972 876 ut
1013 831 1212 901 poene
1265 831 1498 877 omnes
1558 809 1629 875 in
1683 809 1891 902 Epiro
1942 807 2369 904 finitimisque

221 916 590 1008 regionibus
611 917 799 1008 signa
822 913 1303 1006 relinquerent,
1326 913 1705 1008 complures
1732 939 1920 984 arma
1944 916 2369 1009 projicerent,

219 1044 288 1089 ac
306 1020 480 1116 fugae
499 1020 718 1090 simile
737 1022 865 1090 iter
877 1019 1238 1089 videretur.
1263 1019 1397 1090 Sed
1411 1073 1430 1108 ,
1449 1045 1657 1114 quum
1679 1045 1892 1116 prope
1916 1021 2367 1114 Dyrrachium

222 1129 564 1223 Pompeius
605 1129 1037 1222 constitisset,
1081 1142 1428 1221 castraque
1467 1130 1707 1196 metari
1741 1129 2040 1220 jussisset
2058 1182 2077 1215 ,
2114 1143 2367 1222 perter-

220 1235 338 1304 rito
391 1237 598 1306 etiam
663 1250 808 1304 tum
854 1235 1156 1304 >exercitu
1185 1287 1204 1322 ,
1258 1237 1573 1329 princeps
1640 1236 1977 1304 Labienus
2030 1235 2369 1330 procedit,

215 1339 512 1436 juratque
577 1368 648 1410 se
706 1365 860 1410 eum
917 1364 1057 1410 non
1127 1341 1549 1410 deserturum
1566 1385 1595 1428 ·,
1660 1341 2103 1436 eumdemque
2138 1365 2368 1412 casum

221 1449 624 1532 subiturum,
663 1471 1154 1542 quemcumque
1181 1450 1243 1516 ei
1287 1448 1555 1519 fortuna
1596 1449 1951 1524 tribuisset.
2006 1452 2155 1518 Hoc
2192 1449 2368 1517 idem

222 1554 440 1649 reliqui
469 1558 708 1650 jurant
751 1555 950 1650 legati
983 1581 998 1622 :
1033 1553 1158 1624 hos
1198 1555 1452 1624 tribuni
1486 1554 1771 1624 militum
1812 1557 2367 1650 centurionesque

221 1677 586 1755 sequuntur
613 1717 632 1751 ,
679 1677 878 1757 atque
945 1661 1122 1730 idem
1181 1663 1398 1730 omnis
1456 1664 1783 1730 exercitus
1834 1661 2035 1755 jurat.
2103 1666 2369 1750 Caesar,
2465 1719 2469 1728 .

222 1785 682 1865 praeoccupato
723 1754 995 1838 itinere³
1041 1769 1126 1838 ad
1178 1765 1667 1862 Dyrrachium,
1711 1767 1914 1838 finem
1960 1767 2369 1865 properandi

221 1874 398 1963 facit,
435 1891 790 1971 castraque
829 1877 916 1945 ad
949 1877 1199 1944 flumen
1243 1879 1496 1970 Apsum
1536 1878 1726 1971 ponit
1764 1877 1835 1944 in
1872 1875 2118 1946 finibus
2162 1875 2367 1971 Apol·

223 1979 557 2053 loniatium
584 2035 602 2068 ‚
639 1999 719 2053 ut
773 1979 1014 2078 vigiliis
1073 1982 1484 2077 castellisque
1530 1984 1701 2052 bene
1752 1985 2011 2053 meritae
2068 1985 2367 2054 civitates

223 2101 368 2158 tutae
411 2105 638 2160 essent
679 2083 706 2182 [
747 2089 1054 2186 praesidio
1094 2082 1152 2181 ];
1195 2092 1416 2186 ibique
1461 2090 1870 2185 reliquarum
1914 2115 1997 2158 ex
2041 2090 2233 2160 Italia
2276 2089 2367 2158 le-

2225 487 2373 560 207

203 2297 212 2316 ’
299 2311 349 2342 2.
379 2292 498 2361 Quo
526 2291 673 2343 simul
697 2311 756 2342 ac
788 2291 962 2344 Coesar
988 2293 1250 2362 appr-opin-

225 2387 357 2440 φησιν
374 2371 649 2433 dicebatur,
673 2384 764 2424 etc.
792 2372 998 2424 Vocem
1019 2392 1114 2442 quo
1138 2390 1250 2422 non

226 2463 510 2519 agnoscunt
532 2450 744 2504 codices
771 2451 972 2517 nostri,
1003 2449 1096 2503 sed
1129 2470 1254 2504 con-

225 2531 567 2585 confirmatur
581 2534 894 2585 auctoritate
911 2552 1034 2587 mss.
1049 2533 1252 2597 Petav.‚

229 2610 402 2680 Voss„
441 2611 598 2665 Leid.
645 2632 747 2666 sec.
765 2652 782 2679 ‚
809 2626 866 2665 et
907 2613 1135 2665 Dorvill.
1155 2653 1170 2680 ,
1199 2624 1254 2665 et

225 2688 520 2747 editionum
541 2706 800 2747 veterum.
821 2724 894 2736 --
913 2694 1094 2747 Ianam
1121 2712 1254 2745 erer-

225 2772 344 2825 citui.
377 2774 527 2839 Quia
551 2774 690 2826 solet
721 2774 898 2827 Caesar
927 2774 1054 2825 alibi
1075 2772 1253 2825 dicere

227 2853 424 2917 incessit,
461 2853 638 2907 Ciacc.
671 2853 912 2918 dubitat,
939 2870 1073 2907 num
1103 2866 1158 2907 et
1193 2852 1254 2905 id

229 2934 440 2987 verbum
471 2935 532 2987 h.
555 2934 593 2986 l.
616 2932 990 3006 reponendum
1017 2934 1118 2987 sit:
1139 2952 1253 2987 non

229 3029 424 3068 necesse
453 3026 552 3067 est.
581 3016 802 3067 Incidere
831 3013 1088 3067 dicuntur
1117 3014 1256 3067 mala

225 3095 528 3163 repentina,
553 3094 699 3147 unde
727 3097 764 3148 1.
789 3113 838 3147 ιι
866 3096 930 3147 Β.
963 3095 1059 3157 G„
1083 3114 1132 3148 c.
1163 3112 1256 3160 ιι,

229 3175 268 3222 si
311 3193 406 3246 qiua
455 3176 589 3227 bella
646 3176 903 3229 isneida-int
919 3196 941 3238 ,·
985 3188 1040 3229 et
1090 3174 1253 3229 Ovid.

231 3266 432 3310 metam.
455 3274 568 3321 vn,
597 3275 649 3309 v.
689 3256 802 3311 523
821 3274 838 3309 t

325 3344 418 3383 Diu-
437 3344 530 3383 luet
549 3346 609 3383 ira
621 3343 782 3398 populis
797 3344 974 3383 sunonis
997 3342 1150 3396 iniqu

329 3414 498 3454 lucidis.

231 3494 468 3566 Propert.
501 3512 716 3568 quoqne
731 3534 748 3561 ,
779 3496 873 3550 lib.
903 3515 926 3548 1
941 3532 960 3561 ‚
987 3497 1120 3568 eleg.
1153 3514 1222 3550 xv
1239 3535 1257 3563 ,

233 3590 278 3627 v.
311 3578 410 3642 ’ὃς
444 3576 566 3630 Liv.
599 3594 674 3640 n,
711 3595 812 3647 27,
841 3589 897 3630 et
927 3577 1035 3630 alii.

307 3655 358 3708 3.
381 3658 736 3727 Proeeeeapato
755 3661 940 3709 itiam.
963 3658 1059 3710 Est
1077 3674 1258 3710 emen-

233 3732 370 3787 datio
412 3734 628 3789 Aldina.
675 3736 860 3791 Nostri
897 3736 1057 3792 codd.
1085 3752 1139 3791 et
1170 3739 1260 3790 alii

235 3832 410 3871 omnes
426 3854 445 3882 ‚
475 3830 698 3888 excepto
737 3816 924 3890 scalig.
940 3856 958 3883 ‚
1006 3818 1262 3871 exhibent

229 3898 460 3962 perfeeto,
483 3896 800 3968 velprofeetv
825 3910 1094 3969 occupato;
1107 3897 1260 3969 quod

235 3975 436 4029 nullum
463 3992 682 4031 sensum
711 3978 888 4032 offert.
921 3979 1067 4031 Bene
1101 3980 1261 4031 Ciac-

235 4072 348 4108 con.
393 4058 612 4128 conjicit
644 4072 893 4129 praecepto
915 4055 935 4122 (
959 4080 994 4111 a
1013 4064 1261 4131 precepi&

237 4131 374 4189 idem
387 4136 881 4211 quodproeoeeupaeo
891 4176 908 4201 ‚
925 4138 946 4205 )
959 4144 1150 4193 ἱτὶιιαυτ
1163 4158 1258 4194 cn-

1336 2291 1420 2360 jus
1450 2291 1603 2344 verbi
1632 2291 1803 2362 glossa
1829 2292 1933 2344 fuit
1954 2285 2213 2362 occupato,
2250 2311 2369 2362 quae

1336 2368 1535 2424 deinde
1562 2372 1621 2423 in
1652 2383 1963 2424 contextum
1991 2371 2206 2444 irrepsit
2228 2392 2244 2426 ε
2268 2373 2374 2424 lec·

1335 2451 1541 2504 tionem
1560 2451 1828 2523 vulgatam
1844 2470 1955 2502 non
1973 2463 2143 2504 muto.
2158 2483 2240 2495 —-
2258 2451 2371 2504 Cce-

1336 2552 1422 2583 sar·
1433 2571 1448 2594 ,
1479 2544 1821 2603 proeoceupato
1840 2534 2045 2585 ’ἰέίηειι
2094 2532 2303 2603 Nempe
2342 2548 2373 2585 a

1337 2612 1601 2682 Pompeio
1629 2613 1724 2683 qui
1754 2625 2186 2683 practicam-erat.
2205 2644 2287 2655 -—
2306 2613 2375 2664 Ut

1333 2693 1529 2761 vigiliis
1554 2692 1857 2763 castellisque
1894 2690 2009 2742 bene
2038 2695 2219 2743 mer-itte
2257 2695 2374 2745 eivi-

1337 2784 1464 2823 tates
1477 2784 1595 2825 tutoe
1610 2784 1765 2823 essent
1776 2766 2032 2843 [praesidio
2044 2766 2084 2836 ].
2102 2772 2207 2824 Hic
2222 2772 2371 2826 locus

1337 2853 1541 2905 mirum
1564 2852 1623 2904 in
1654 2850 1878 2905 modum
1914 2852 2175 2907 cruciavit
2208 2852 2375 2905 inter-

1337 2944 1546 3004 pretes,
1578 2946 1632 2985 et
1660 2932 1834 3004 reipsa
1870 2951 1977 2985 vox
2010 2933 2245 3004 prce-sidio
2286 2950 2373 2985 re·-

1337 3011 1549 3067 dundat
1564 3032 1579 3067 τ
1596 3032 1725 3066 nam
1761 3032 1945 3067 sensns
1972 3032 2085 3066 esse
2125 3012 2371 3066 videtur:

1343 3093 1521 3149 cesar
1532 3106 1701 3147 castra
1712 3094 1897 3165 posuit
1914 3094 1971 3145 in
1986 3094 2183 3147 finibus
2210 3094 2375 3165 Apol-

1338 3174 1650 3240 loniatium,
1666 3186 1728 3227 ut
1749 3173 1889 3227 bene
1912 3174 2116 3228 merita
2141 3175 2378 3228 civitates

1339 3266 1470 3307 ποτε.
1501 3267 1675 3308 essent
1712 3252 1963 3327 prasidio
1980 3290 1997 3321 ‚
2026 3255 2227 3308 scilicet
2260 3272 2376 3307 cas·

1343 3346 1552 3387 uuum
1566 3372 1583 3401 ,
1614 3347 1675 3388 ut
1697 3347 1871 3389 eastra
1910 3332 2263 3387 defenderent
2302 3335 2378 3387 ci·

1341 3414 1533 3469 vitares
1576 3417 1715 3469 bene
1765 3416 1983 3468 meritas
1999 3451 2016 3479 ‚
2056 3427 2112 3467 et
2158 3413 2379 3485 quidem

1339 3495 1539 3567 vigiliis
1576 3497 1922 3567 castellisque.
1965 3496 2213 3547 Attamen
2258 3512 2387 3546 con-

1339 3588 1486 3629 stans
1501 3589 1583 3629 est
1593 3577 1753 3629 lectio
1768 3574 1929 3629 codd.
1946 3576 2028 3628 cl.
2044 3574 2389 3631 Burmannus

1343 3654 1414 3708 ad
1454 3658 1655 3709 velleii
1690 3655 1955 3713 Paterculi
1992 3660 2033 3713 1.
2078 3676 2154 3727 11,
2182 3682 2229 3717 c.
2275 3666 2382 3734 25,

1341 3740 1565 3810 conjicit
1592 3742 1697 3793 hoc
1736 3742 1857 3795 loco
1887 3742 2233 3815 rejiciendam
2267 3764 2381 3801 esse

1343 3836 1534 3873 vocem
1566 3834 1710 3884 tutte,
1734 3834 1789 3874 et
1814 3821 2133 3895 legendum:
2156 3820 2250 3888 ut(
2270 3844 2384 3881 cas-

1341 3911 1430 3952 tra
1459 3901 1573 3953 scil.
1603 3900 1625 3965 )
1652 3902 1843 3971 vigiliis
1872 3904 2174 3977 castellisque
2200 3902 2223 3969 (
2250 3906 2384 3979 quid

1345 3982 1458 4033 sint
1495 3981 1708 4033 castella
1753 3984 1865 4053 jam
1914 3981 2231 4053 diximus),
2271 3988 2387 4041 bene

1349 4065 1537 4113 meritoe
1576 4066 1761 4114 civitati
1800 4076 1955 4115 essent
1992 4067 2226 4135 pra-sidio
2236 4089 2259 4131 ;
2295 4070 2386 4125 vel

1349 4141 1533 4213 potius
1562 4160 1776 4197 servans
1806 4144 2091 4215 vulgatam
2128 4148 2377 4220 explicat,
