3025 5025
622 446 766 537 136
930 467 1008 536 c.
1063 465 1344 535 JUL11
1399 464 1864 535 cAEsAms
1917 457 2469 536 COMMENT.

611 597 1164 668 contabulationis
1198 597 1581 685 videbatur,
1608 599 1791 694 tigna
1824 600 2017 686 item,
2046 611 2123 668 ut
2152 600 2401 694 primo,
2432 609 2611 667 tecta
2642 623 2759 666 ex-

611 706 840 774 tremis
867 704 1181 774 lateribus
1201 706 1649 792 instruebant,
1666 729 1879 800 exque
1904 731 1983 774 ea
2010 707 2507 800 contignatione
2528 721 2767 773 rursus

613 835 944 881 summam
986 810 1597 882 contabulationem
1654 813 2019 907 storiasque
2050 811 2423 882 elevabant.
2462 814 2572 880 Ita
2613 825 2767 880 tuto

613 942 695 988 ac
741 919 878 987 sine
916 917 1054 986 ullo
1103 917 1379 986 vulnere
1427 941 1506 986 ac
1563 915 1863 1014 periculo
1904 943 2021 988 sex
2066 917 2364 987 tabulata
2411 932 2769 986 exstruxe-

613 1038 804 1112 runt,
833 1023 1320 1118 fenestrasque,
1343 1025 1585 1118 quibus
1612 1026 1679 1092 in
1706 1023 1869 1094 locis
1905 1027 2124 1095 visum
2153 1039 2285 1115 est,
2308 1023 2393 1092 ad
2426 1039 2765 1095 tormenta

613 1131 938 1199 mittenda
973 1133 1042 1198 in
1083 1131 1400 1200 struendo
1443 1129 1874 1225 reliquerunt.

719 1239 804 1305 X.
863 1237 1000 1305 Ubi
1039 1263 1122 1305 ex
1171 1262 1251 1306 ea
1293 1238 1510 1325 turri,
1548 1262 1695 1331 quae
1731 1239 1986 1306 circum
2031 1252 2248 1307 essent
2267 1291 2286 1325 ,
2342 1261 2549 1332 opera
2588 1238 2765 1306 tueri

615 1368 696 1412 se·
717 1368 913 1436 posse
971 1343 1204 1412 confisi
1265 1358 1459 1431 sunt;
1509 1342 1887 1413 musculum
1916 1344 1935 1368 ¹
1982 1345 2227 1440 pedum
2270 1346 2399 1414 LX
2438 1342 2716 1438 longum
2747 1397 2767 1432 ,

615 1475 698 1518 ex
747 1451 1029 1518 materia
1060 1449 1405 1545 bipedali,
1445 1475 1645 1544 quem
1681 1475 1721 1518 a
1766 1453 1937 1520 turri
1989 1450 2271 1520 lateritia
2326 1450 2411 1518 ad
2464 1450 2765 1520 hostium

613 1557 852 1625 turrim
894 1581 1294 1651 murumque
1338 1557 1821 1653 perducerent,
1872 1557 2090 1626 facere
2134 1559 2600 1645 instituerunt3
2637 1581 2765 1626 cu-

578 1664 714 1756 ‘jus
751 1661 1037 1756 musculi
1067 1664 1214 1733 haec
1245 1679 1388 1732 erat
1418 1663 1653 1733 forma.
1695 1667 1867 1734 Duae
1903 1666 2195 1759 primum
2240 1664 2461 1734 trabes
2500 1665 2571 1732 in
2620 1662 2767 1732 solo

613 1793 798 1863 aeque
853 1769 1070 1864 longae
1098 1824 1117 1856 ,
1169 1769 1484 1839 distantes
1528 1772 1704 1838 inter
1751 1795 1821 1840 se
1870 1771 2072 1864 pedes
2126 1773 2229 1841 IV
2251 1824 2270 1858 ,
2308 1769 2727 1839 collocantur
2746 1824 2765 1858 ,

611 1876 815 1969 inque
853 1877 948 1944 eis
985 1875 1352 1965 columellae
1391 1877 1640 1970 pedum
1682 1878 1753 1944 in
1788 1875 2203 1946 altitudinem
2256 1879 2324 1946 V
2358 1876 2762 1972 defiguntur.

612 1982 753 2050 Has
781 1983 955 2048 inter
983 2007 1052 2050 se
1081 1982 1405 2076 capreolis
1429 1982 1617 2052 molli
1638 1981 1901 2078 fastigio
1926 1984 2379 2078 conjungunt,
2408 1983 2521 2053 ubi
2547 1985 2765 2079 tigna,

612 2112 760 2180 quae
791 2087 1076 2156 musculi
1113 2089 1378 2184 tegendi
1407 2113 1610 2158 causa
1642 2105 1899 2184 ponant
1920 2145 1939 2176 ,
1970 2089 2398 2172 collocentur.
2432 2093 2537 2160 Eo
2566 2115 2768 2184 super

614 2195 801 2287 tigna
827 2193 1154 2288 bipedalia
1183 2196 1515 2290 injiciunt,
1552 2221 1761 2290 eaque
1793 2196 2053 2265 laminis
2090 2196 2423 2291 clavisque
2460 2195 2761 2291 religant.

612 2299 718 2370 Ad
755 2313 1126 2370 extremum
1170 2301 1452 2372 musculi
1505 2317 1757 2372 tectum
1799 2303 2151 2398 trabesque
2188 2317 2567 2394 extremas,
2590 2327 2765 2397 qua-

610 2405 836 2476 dratas
877 2406 1176 2501 regulas²
1227 2411 1332 2477 IV
1370 2423 1673 2502 patentes
1716 2409 1992 2504 digitos,
2022 2409 2324 2504 defigunt
2348 2464 2367 2498 ,
2410 2435 2557 2504 quae
2602 2409 2762 2478 late-

611 2536 755 2599 res,
791 2516 904 2609 qui
949 2539 1150 2610 super
1189 2515 1494 2585 musculo
1540 2530 1923 2605 struantur,
1970 2518 2373 2587 contineant.
2415 2520 2523 2587 Ita
2574 2518 2763 2586 fasti-

611 2635 768 2713 gato
807 2636 1004 2715 atque
1041 2622 1398 2691 ordinatim
1443 2637 1697 2693 structo
1718 2677 1737 2711 ,
1776 2638 1853 2692 ut
1894 2625 2117 2694 trabes
2162 2638 2353 2693 erant
2387 2626 2455 2693 in
2500 2648 2767 2719 capreo-

610 2724 690 2796 lis
727 2726 1101 2816 collocatae,
1131 2727 1448 2797 lateribus
1485 2728 1761 2825 lutoque
1794 2730 2171 2818 musculuS,
2207 2745 2286 2800 ut
2314 2731 2400 2798 ab
2426 2732 2578 2825 igne
2598 2784 2619 2818 ,
2648 2732 2765 2824 qui

613 2857 696 2901 ex
738 2857 934 2904 muro
964 2834 1330 2927 jaceretur,
1358 2848 1541 2903 tutus
1577 2850 1785 2925 esset,
1812 2838 2207 2933 contegitur.
2244 2822 2499 2932 Super³
2528 2837 2767 2906 lateres

691 3022 820 3073 Cn».
854 3022 924 3074 X.
963 3040 1010 3073 1.
1043 2998 1331 3072 Masculm'n.
1375 3022 1455 3073 De
1499 3039 1645 3075 mus·
1730 3026 1893 3094 super,
1918 3024 2004 3075 vel
2022 3040 2193 3093 supra3
2213 3020 2341 3075 inde
2364 3022 2590 3075 varietas
2616 3034 2766 3087 orta,

609 3102 758 3166 culo,
788 3098 914 3151 vide
941 3100 1144 3171 pariter
1165 3100 1398 3153 tabulam
1423 3120 1525 3153 aere
1551 3120 1647 3155 cae-
1730 3100 1825 3155 sed
1854 3103 1986 3155 levis
2014 3115 2094 3155 est
2123 3103 2223 3155 ista
2260 3114 2314 3155 et
2350 3102 2562 3155 minimi
2600 3102 2763 3173 pretii

608 3182 771 3233 latam
808 3192 860 3231 et
891 3180 1320 3251 supplementum
1349 3180 1416 3233 ad
1446 3181 1645 3233 calcem

607 3260 736 3314 libri
768 3260 946 3324 tertii,
974 3259 1069 3311 uhi
1094 3258 1161 3313 de
1183 3261 1340 3312 turri·
1363 3262 1645 3313 —Pedum

610 3358 696 3393 Lx.
747 3337 919 3393 Codd.
965 3340 1096 3392 Lov,
1117 3378 1133 3404 ,
1173 3341 1378 3393 Dorvil.
1419 3354 1474 3393 et
1518 3339 1643 3394 edd.

609 3420 882 3471 nonnullae
903 3420 1102 3471 habent
1116 3420 1276 3489 pedeS.
1301 3421 1408 3473 Alii
1423 3420 1641 3491 pedibus.

611 3500 720 3551 Pro
744 3520 838 3564 Lx,
857 3500 1002 3570 Lips.
1027 3499 1257 3553 Polibrc.
1271 3540 1286 3567 ,
1307 3502 1344 3553 l.
1367 3519 1390 3552 1
1405 3538 1422 3565 ,
1440 3499 1567 3551 dial.
1588 3519 1642 3569 9,

610 3600 667 3651 p.
691 3582 761 3644 54
781 3619 794 3644 ,
816 3578 1063 3632 emendat
1081 3598 1170 3645 1x;
1198 3600 1308 3633 non
1329 3580 1466 3631 male
1482 3593 1643 3633 certe.

644 3702 652 3709 .
699 3682 751 3714 τι.
785 3657 1068 3729 Quadratus
1087 3662 1296 3731 regulas.
1323 3658 1506 3713 Codex
1519 3678 1644 3712 nos-

612 3752 695 3793 ter
725 3741 900 3811 regius
937 3742 1122 3809 5768,
1155 3752 1208 3793 et
1236 3738 1360 3793 edd.
1393 3751 1522 3801 vett.
1554 3739 1648 3793 ha·

609 3822 740 3874 bent
754 3822 1016 3894 quadratas
1039 3821 1241 3888 tegulas.

697 3904 750 3955 3.
791 3900 948 3972 Super
986 3900 1173 3952 lateres.
1216 3897 1367 3953 MSS.
1396 3916 1581 3953 omnes
1616 3918 1647 3951 a

605 3980 820 4035 decimo
851 3980 1041 4032 saeculo
1072 3980 1270 4031 habent
1291 3980 1430 4032 hanc
1457 3998 1647 4033 vocem

609 4080 708 4132 per
717 4057 1101 4129 compendium
1118 4076 1216 4111 sur
1227 4098 1244 4125 ,
1261 4059 1346 4112 vel
1363 4080 1450 4130 sup
1463 4080 1482 4112 .·
1499 4058 1647 4113 unde

611 4140 832 4195 difficile
879 4142 948 4193 sit
997 4137 1298 4195 discernere
1348 4158 1416 4193 an
1470 4140 1647 4210 legant

1732 3180 2047 3247 difficultas;
2096 3200 2197 3235 nec
2244 3200 2361 3233 eam
2415 3193 2607 3253 tango,
2663 3182 2763 3234 nisi

1732 3262 1858 3332 quia
1888 3259 2088 3315 indicat
2118 3280 2223 3333 qua
2262 3262 2469 3315 ratione
2504 3280 2765 3333 gramma-

1731 3342 1824 3393 tici
1866 3340 2117 3393 hodierni
2157 3360 2295 3411 saepe
2330 3339 2658 3395 contendant
2700 3340 2767 3394 de

1732 3421 1990 3491 regimine
1999 3422 2287 3473 verborum
2298 3458 2315 3485 ,
2332 3421 2740 3493 participiorum
2749 3459 2765 3484 ,

1733 3499 2143 3571 adjectivorum,
2170 3513 2299 3566 etc.,
2326 3500 2450 3553 eth.
2469 3501 2505 3553 l.
2532 3500 2769 3554 animad·
2880 3557 2886 3568 ,

1730 3580 1987 3633 vertenda
2024 3592 2105 3633 est
2140 3582 2241 3633 alia
2269 3580 2492 3633 varietas
2532 3581 2591 3633 in
2622 3582 2768 3633 Pala-

1732 3660 1849 3712 tino
1880 3658 2063 3713 codice
2092 3679 2106 3713 :
2140 3680 2283 3731 super
2326 3660 2571 3713 lateribus.
2605 3658 2766 3713 Unde

1734 3740 2001 3793 affirmant
2028 3738 2192 3793 iidem
2228 3740 2665 3812 praepositionem
2690 3760 2767 3793 su-

1725 3838 1819 3891 per
1851 3832 1961 3873 tam
1999 3820 2294 3873 accusativo
2332 3838 2495 3890 quam
2534 3820 2763 3881 ablativo

1728 3900 1899 3971 jungi.
1933 3899 2063 3953 vid.
2093 3900 2287 3971 virgil.
2314 3897 2559 3964 AEneid.,
2585 3899 2680 3953 lib.
2712 3916 2761 3964 1,

1728 3998 1783 4032 v.
1861 3980 1891 4033 5
1958 3997 1973 4033 z

1732 4000 1864 4101 ffiulzn
1873 3987 1979 4115 αξη·
1991 4062 2143 4103 Ρηὶιηιο
2151 4062 2327 4114 rogitans
2336 4091 2347 4110 ,
2354 4063 2621 4117 superfluum
2632 4060 2763 4103 muln.

1732 4140 2046 4211 Cic.,epist.
2064 4141 2171 4193 Att.
2188 4176 2207 4205 ,
2230 4156 2357 4207 m,
2386 4142 2421 4195 6
2444 4156 2458 4193 :
2484 4139 2604 4193 Hae
2626 4156 2775 4210 saeper-
