3025 5025
970 466 1579 545 AF‘RIC'ANO.
2197 481 2348 573 479

187 608 398 678 diffisi
441 608 735 705 Scipioni
775 606 1049 704 ejusque
1082 610 1289 705 copiis
1309 661 1329 697 ‚
1374 606 1753 703 complures
1797 630 1866 675 se
1901 608 2138 677 eodem
2183 636 2351 681 con-

186 716 519 785 ferebant.
1554 794 1568 819 x

296 824 489 893 LIII.
548 824 733 893 Dum
772 823 917 891 haec
961 826 1214 893 circum
1258 822 1530 892 Uzitam
1573 821 1658 889 ab
1709 821 2006 915 utrisque
2069 822 2351 894 ducibus

186 929 747 999 administrantur
762 983 781 1018 ,
818 930 1115 1025 legiones
1140 929 1321 1013 duae,
1343 930 1448 998 IX
1476 944 1544 998 et
1569 930 1636 997 X
1653 982 1673 1015 ,
1707 952 1789 995 ex
1813 927 2030 997 Sicilia
2069 931 2350 1000 navibus

186 1037 519 1105 onerariis
545 1036 863 1131 profectae
886 1090 906 1125 ‚
928 1038 1139 1131 q‘uum
1161 1038 1303 1131 jam
1334 1060 1473 1105 non
1508 1034 1708 1129 longe
1737 1059 1776 1103 a
1802 1049 2006 1130 portu
2031 1037 2350 1131 Ruspinae

183 1142 535 1227 abessent,
574 1144 973 1237 conspicatae
995 1142 1015 1167 ¹
1053 1168 1259 1214 naves
1302 1144 1710 1213 Caesarianas
1727 1195 1746 1228 ‚
1779 1166 1928 1235 quae
1963 1144 2033 1209 in
2069 1144 2352 1230 statione

186 1246 377 1343 apud
415 1249 759 1343 Thapsum
803 1250 1103 1337 stabant,
1146 1251 1380 1337 veriti,
1422 1276 1509 1319 ne
1549 1252 1618 1317 in
1663 1247 2195 1318 adversariorum
2211 1304 2230 1339 ‚
2274 1266 2353 1320 ut

188 1354 549 1423 insidiandi
593 1357 804 1451 ‘gratia
844 1356 938 1425 ibi
980 1358 1540 1427 commorantium
1562 1410 1583 1445 ‚
1617 1354 1894 1425 classem
1939 1356 2310 1426 inciderent
2329 1412 2348 1447 ,

186 1460 655 1555 imprudentes
688 1461 838 1530 vela
878 1462 947 1530 in
986 1462 1195 1531 altum
1239 1462 1568 1531 dederunt
1589 1516 1609 1550 ‚
1652 1484 1732 1531 ac
1775 1462 1891 1530 diu
1933 1462 2352 1557 multumque

181 1568 427 1661 jactati
441 1622 460 1656 ,
490 1568 761 1638 tandem
794 1568 1017 1638 multis
1049 1579 1203 1664 post
1238 1566 1469 1638 diebus
1506 1570 1614 1638 siti
1645 1570 1999 1663 inopiaque
2029 1569 2350 1657 confecti,

188 1674 279 1742 ad
318 1678 655 1744 Caesarem
695 1674 1115 1771 perveniunt.

302 1776 495 1850 LIV.
566 1782 830 1871 Quibus
882 1780 1255 1877 legionibus
1320 1782 1672 1877 expositis,
1719 1802 1982 1851 memor
2033 1784 2105 1850 in
2155 1782 2350 1852 Italia

187 1888 492 1983 pristinae
534 1887 811 1958 licentias
852 1888 1152 1958 militaris
1193 1911 1271 1957 ac
1312 1891 1696 1983 rapinarum
1746 1902 2083 1958 certorum
2127 1888 2352 1959 homi-

188 2016 363 2061 num
387 2048 406 2081 ‚
433 1993 781 2088 parvulam
818 1994 1021 2064 modo
1049 1992 1459 2065 caussulam¹
1492 2010 1730 2064 nactus
1751 1998 1976 2065 Caesar
1995 2050 2014 2085 ‚
2043 1996 2226 2091 quod
2269 1996 2348 2067 C.

189 2102 529 2188 Avienus,
556 2100 867 2171 tribunus
895 2100 1181 2170 militum
1216 2104 1283 2170 X
1321 2101 1631 2197 legionis,
1660 2123 1902 2171 navem
1941 2118 2353 2192 commeatu,

190 2206 451 2277 familia
488 2224 635 2295 sua,
680 2221 879 2301 atque
910 2208 1227 2303 jumentis
1272 2209 1772 2303 occupavisset,
1817 2234 2032 2303 neque
2076 2208 2352 2279 militem

192 2319 415 2384 unum
460 2309 545 2381 ab
602 2312 819 2384 Sicilia
880 2310 1299 2398 sustulisset3
1362 2316 1632 2410 postero
1693 2313 1797 2383 die
1845 2315 1929 2383 de
1986 2330 2300 2411 suggestu
2334 2370 2356 2404 ‚

180 2420 587 2490 convocatis
629 2422 928 2490 omnium
971 2416 1309 2516 legionum
1354 2420 1636 2490 tribunis
1688 2422 2352 2516 centurionibusque3

204 2545 242 2580 <c
284 2530 587 2598 Maxime
623 2527 862 2597 vellem
891 2581 911 2616 ‚
956 2529 1175 2622 inquit
1193 2581 1215 2617 ‚
1262 2529 1568 2596 homines
1625 2553 1756 2597 suae
1800 2527 2180 2623 petulantiae
2243 2531 2351 2598 ni-

195 2637 483 2728 miaeque
514 2633 833 2704 libertatis
864 2634 1217 2729 aliquando
1252 2635 1455 2703 finem
1488 2634 1831 2723 fecissent,
1862 2659 2158 2728 meaeque
2193 2634 2353 2704 leni-

196 2744 357 2811 tatis
384 2796 403 2829 ,
448 2740 788 2810 mo'destiae
807 2796 827 2829 ‚
870 2743 1333 2838 patientiaeque
1372 2742 1709 2809 rationem
1762 2740 2164 2810 habuissent.
2225 2741 2357 2811 Sed

200 2847 527 2942 quoniam
554 2849 681 2943 ipsi
718 2849 845 2918 sibi
874 2875 1090 2943 neque
1128 2848 1402 2920 modum
1422 2903 1441 2938 ‚
1465 2873 1682 2942 neque
1710 2849 2069 2917 terminum
2106 2851 2354 2918 consti-

200 2969 439 3041 tuunt3
477 2967 611 3049 ⁷quo
648 2957 850 3025 ceteri
882 2955 1284 3026 dissimiliter
1317 2981 1387 3024 se
1424 2955 1714 3050 gerant²‚
1750 2970 2016 3049 egomet
2048 2958 2190 3051 ipse
2227 2956 2354 3025 do-

203 3139 287 3192 M.
320 3133 627 3214 Legebatur
664 3139 887 3194 Cur-iani.
919 3137 1239 3196 Emendabit
1322 3140 1480 3194 litum
1504 3137 2068 3215 transportandorum,
2094 3143 2352 3214 repletam

200 3219 567 3291 Lips.‚Elect.
594 3235 673 3288 11,
702 3239 795 3274 υ.
1325 3235 1441 3282 esse
1478 3223 1644 3276 servis
1695 3223 1808 3294 ejus
1853 3241 1913 3274 ac
1952 3224 2221 3294 jumentis.
2263 3223 2352 3276 sie

286 3299 427 3352 Chr.
464 3297 613 3354 11111.
652 3315 703 3354 t.
742 3300 1062 3372 Cbnspaeatoe.
1097 3299 1236 3354 Edd.
1326 3313 1450 3355 mox
1495 3301 1705 3356 disertis
1740 3303 1954 3357 verbis:
1981 3321 2075 3374 pro
2121 3304 2353 3356 militibus

207 3389 317 3434 vet.
348 3383 613 3451 conspicati
624 3419 639 3442 ,
655 3399 753 3452 per
767 3381 1038 3454 syllepsin.
1050 3415 1128 3425 —
1144 3383 1243 3433 Ve-
1314 3384 1560 3449 familiam
1567 3386 1875 3455 jumentaque
1891 3387 1942 3435 in
1957 3401 2102 3435 naves
2117 3387 2353 3454 imposuit.

206 3460 313 3513 ηἐἱ.
348 3460 454 3512 Per
496 3461 787 3532 synthesin.
816 3459 954 3514 Nam
972 3463 1240 3534 legitimus
1326 3461 1477 3517 Hanc
1500 3462 1928 3516 ‘emendationem
1944 3477 2078 3534 puto
2105 3481 2215 3517 esse
2245 3483 2356 3517 cer·

86 3599 95 3606 ,
207 3540 507 3595 ferbui-um
537 3539 673 3594 'ordo
700 3556 944 3612 posceret
970 3546 1157 3596 verltoe.
1328 3552 1464 3611 tam,
1480 3545 1579 3596 etsi
1599 3563 1758 3596 nemo
1782 3542 1850 3595 de
1873 3561 1933 3598 ea
1953 3543 2181 3595 monuit.
2201 3544 2352 3598 Mon.

294 3619 431 3674 Cn.
442 3621 590 3675 LIV.
608 3637 656 3675 1.
674 3622 937 3690 Par-hulam
955 3624 1239 3676 mussulam.
1328 3625 1491 3678 Recte
1520 3627 1713 3678 sentire
1749 3625 1966 3679 Morum
1997 3625 2159 3698 puto,
2187 3622 2352 3678 modo

209 3699 303 3754 sie
316 3699 461 3752 infra
481 3719 527 3754 c.
548 3702 620 3756 63
666 3699 957 3772 ηάνὶςίοἱιιήι
967 3703 1239 3774 parvulum.
1330 3701 1537 3758 codices
1565 3704 1889 3759 addicerent.
1929 3704 2200 3760 Bentleius
2241 3707 2353 3778 jam

207 3779 489 3850 Frequens
507 3782 616 3834 aeci
660 3782 699 3833 't
712 3782 817 3834 hoc
834 3780 1241 3836 diminutii’um:
1270 3807 1283 3822 ·
1328 3777 1664 3856 conjectat-at.
1693 3785 1796 3838 On.
1825 3787 2007 3839 Nostri
2027 3784 2184 3841 codd.
2213 3802 2355 3860 prae-

209 3860 277 3916 Β.
322 3859 397 3912 G.
436 3879 501 3921 v,
536 3861 653 3930 50,
699 3859 804 3927 ὅτις
828 3865 972 3926 wit,
1024 3863 1091 3916 13
1129 3877 1144 3915 t
1176 3861 1239 3914 B.
1329 3865 1648 3937 positionem
1680 3881 1790 3918 non
1821 3879 2129 3939 agnoscunt.
2155 3899 2237 3911 --
2269 3865 2360 3921 Ab

210 3940 285 4019 G..
315 3947 423 4004 m,
457 3959 527 4010 7²
550 3981 566 4010 ‚
600 3947 706 4006 ιὸιί
724 3979 738 3999 ,
778 3953 833 3994 et
863 3935 1005 3995 alibi.
1044 3975 1097 3987 «-
1132 3943 1243 3996 Να-
1330 3945 1502 3998 Sicilia
1521 3948 2101 4020 smmlisset,impositos
2129 3943 2354 4002 navibus

212 4027 319 4074 &em
347 4031 626 4075 commeatu.
648 4021 789 4094 Lege
816 4021 980 4076 navah
994 4039 1087 4093 pro
1114 4033 1243 4074 “com-
1330 4021 1650 4079 deduxisset.
1678 4025 1892 4082 Montts.
2319 4087 2326 4096 ‚

212 4107 399 4152 meatu.
431 4099 627 4156 Seiisiis
652 4107 768 4168 est,
800 4103 867 4155 a'b
904 4103 1110 4156 Avieno
1146 4118 1244 4156 na·
1417 4121 1467 4159 2.
1484 4105 1550 4160 Se
1562 4103 1752 4177 gerani.
1772 4105 1888 4162 Hoc
1901 4112 1950 4161 se
1966 4127 1997 4162 a
2021 4105 2178 4162 bonis
2192 4102 2352 4162 codd.

212 4198 344 4234 vem
355 4217 375 4246 ,
389 4180 510 4234 loco
524 4195 845 4238 commeatus
855 4221 871 4253 ,
890 4183 996 4238 hoe
1013 4196 1119 4254 est5
1142 4181 1243 4239 mi·
1334 4183 1509 4242 abesse
1523 4200 1743 4242 testatur
1751 4189 2014 4256 Gronov„
2028 4188 2157 4243 obs.
2175 4207 2251 4256 xv,
2261 4207 2284 4243 1
2296 4194 2328 4251 4
2337 4227 2349 4241 .
