3025 5025
625 537 722 608 9²
961 518 1038 586 C.
1093 517 1375 585 JULII
1431 515 1897 586 CAESARIS
1952 511 2501 585 COMMENT.

624 645 850 718 litibus
865 701 886 737 ,
928 649 998 716 vi
1034 648 1322 741 fluminis
1344 648 1368 688 ⁷
1409 647 1709 744 abrepti,
1753 649 1839 718 ab
1886 649 2186 743 equitatu
2228 646 2651 740 excipiuntur
2690 639 2777 712 ac
2870 673 2877 678 ·

625 753 1056 824 sublevantur
1099 782 1114 823 :
1169 756 1420 824 interiit
1468 770 1693 824 tamen
1758 781 1978 824 nemo.
2046 753 2383 824 Traducto
2452 749 2777 820 incolumi

625 862 954 950 exercitu,
991 863 1218 956 copias
1261 863 1565 950 instruit,
1607 861 2067 957 triplicemque
2118 863 2329 930 aciem
2382 857 2629 928 ducere
2672 858 2775 924 in·

627 967 807 1060 cipit.
868 969 968 1036 Ac
1028 983 1288 1038 tantum
1339 968 1466 1038 fuit
1518 971 1586 1036 in
1638 967 1960 1039 militibus
2017 953 2286 1048 studii⁸‚
2324 981 2441 1050 ut,
2487 963 2776 1034 millium

626 1095 736 1160 v1,
768 1073 855 1141 ad
890 1075 1016 1144 iter
1052 1074 1279 1144 addito
1319 1076 1635 1161 circuitu,
1660 1099 2033 1170 magnaque
2076 1074 2163 1142 ad
2194 1017 2445 1142 vaduni
2474 1070 2776 1170 fluminis

626 1203 815 1248 mora
850 1182 1276 1277 interposita,
1307 1206 1453 1268 eQS,
1503 1181 1617 1276 qui
1652 1181 1735 1250 de
1762 1183 1965 1250 tertia
1999 1179 2221 1277 vigilia
2258 1181 2582 1266 exissent,
2618 1191 2777 1246 ante

625 1283 862 1354 horam
908 1287 1038 1356 diei
1081 1312 1329 1356 nonam
1374 1303 1992 1382 consequerentur·

731 1396 946 1465 LXV.
991 1393 1182 1482 Quos
1225 1394 1342 1462 ubi
1386 1393 1699 1464 Afranius
1748 1393 1984 1489 procul
2037 1391 2251 1463 visos¹
2304 1417 2459 1463 cum
2507 1391 2777 1460 Petreio

625 1502 1000 1595 conspexit,
1019 1525 1196 1568 nova
1213 1525 1286 1568 re
1309 1502 1699 1595 perterritus
1712 1555 1731 1590 ,
1756 1499 1919 1571 locis
1936 1500 2385 1596 superioribus
2408 1494 2779 1586 consistit²,

626 1605 972 1700 aciemque
1015 1607 1299 1676 instruit.
1335 1609 1561 1677 Caesar
1597 1609 1668 1676 in
1702 1610 1955 1703 campis
2000 1609 2365 1691 exercitum
2400 1605 2653 1692 reficit,
2689 1627 2781 1671 ne

625 1710 958 1782 defessum
996 1712 1224 1806 praelio
1264 1713 1539 1805 objiciat
1556 1739 1581 1786 ς
1628 1739 1859 1783 rursus
1894 1729 2213 1784 conantes
2250 1712 2567 1808 progredi
2600 1713 2780 1779 inse·

625 1819 852 1910 quitur
887 1833 956 1887 et
989 1835 1307 1888 moratur.
1347 1819 1450 1888 Illi
1487 1822 1858 1890 necessario
1895 1822 2253 1907 maturiuS,
2288 1843 2490 1914 quam
2530 1819 2782 1888 consti·

629 1937 927 2013 tuerant,
973 1939 1190 1994 castra
1240 1940 1502 2020 ponunt
1536 1952 1550 1994 :
1585 1927 1903 1996 suberant
1937 1930 2117 1996 enim
2154 1941 2450 2012 montes,
2495 1937 2697 2020 atque
2740 1947 2783 1991 a

627 2028 921 2100 millibus
966 2057 1283 2125 passuum
1318 2034 1383 2103 V
1413 2033 1651 2102 itinera
1695 2033 1993 2104 difficilia
2034 2049 2235 2127 atque
2277 2046 2559 2126 angusta
2601 2031 2781 2099 exci-

628 2137 914 2230 piebant.
965 2141 1106 2207 Hos
1159 2141 1334 2208 intra
1377 2154 1641 2208 montes
1686 2165 1757 2208 se
1802 2141 2245 2236 recipiebant,
2288 2153 2367 2207 ut
2408 2139 2782 2231 equitatum

629 2241 1006 2336 effugerent
1051 2247 1330 2314 Caesaris
1350 2295 1366 2328 ‚
1409 2245 1860 2340 praesidiisque
1914 2248 1985 2315 in
2033 2247 2353 2341 angustiis
2404 2243 2784 2329 collocatiS,

628 2351 1000 2419 exercitum
1028 2352 1260 2420 itinere
1289 2352 1755 2446 prohiberent,
1784 2353 1910 2448 ipsi
1936 2354 2073 2422 sine
2102 2351 2401 2447 periculo
2431 2375 2509 2420 ac
2537 2351 2784 2420 timore

628 2455 900 2526 Iberum
959 2459 1184 2553 copias
1241 2458 1669 2529 traducerent
1713 2485 1727 2527 :
1770 2459 1950 2557 quod
2015 2453 2139 2529 fuit
2193 2457 2320 2529 illis
2367 2455 2785 2543 conandum,

633 2676 820 2725 stituto.
852 2670 950 2724 Uti
989 2689 1164 2742 supr„
1197 2672 1263 2725 B.
1301 2671 1403 2739 G.‚
1445 2672 1484 2725 l.
1513 2673 1659 2739 VII,

631 2770 679 2804 c·
712 2751 862 2901 {GV
857 2833 877 2881 ι’
890 2831 1127 2901 fluminis.
1165 2830 1351 2885 Nostri
1387 2830 1547 2885 codd.
1562 2868 1576 2891 ,
1610 2843 1665 2884 et

1746 2672 2101 2726 mutationem
2139 2675 2249 2743 jam
2286 2670 2415 2725 inde
2451 2668 2687 2726 vidimus
2724 2670 2787 2723 in

1748 2751 2173 2824 praecedentibus
2206 2752 2489 2805 libris.-·--
2521 2750 2787 2822 Aciemque

1751 2836 1963 2885 instruit.
2008 2833 2093 2885 Al.
2150 2836 2395 2885 abstruxit.
2442 2830 2563 2883 Huc
2612 2848 2785 2901 usque

636 2910 727 2962 alii
754 2912 1033 2980 permulti,
1065 2914 1116 2962 in
1131 2912 1354 2982 flumine.

721 2991 775 3042 8.
804 2990 983 3043 Stadii.
1006 2993 1223 3061 Vulgat.
1252 2991 1575 3043 studium.--
1598 2990 1669 3042 Ut
1714 2985 1719 2989 '
1756 2992 1769 3005 ·

641 3070 840 3121 millium
852 3090 910 3124 VI
931 3070 1105 3123 aditet·
1123 3072 1292 3123 addito
1317 3075 1542 3132 circuitu,
1562 3090 1667 3123 ma-

635 3170 830 3222 gnaque
855 3150 925 3201 ad
945 3152 1125 3204 vadum
1141 3152 1387 3220 flumenis,
1421 3162 1510 3203 etc.
1539 3150 1667 3203 Haec

636 3230 796 3283 lectio
821 3244 900 3283 est
922 3230 1223 3285 emendatio
1248 3230 1577 3283 criticorum.
1601 3230 1667 3282 In

639 3308 798 3362 codd.
825 3312 1096 3380 omnibus,
1116 3330 1272 3365 voces
1297 3310 1368 3361 ad
1386 3311 1571 3362 vadum
1596 3310 1671 3362 le-

636 3402 839 3461 guntur
863 3404 985 3444 ante
1005 3394 1230 3451 circuitu,
1245 3408 1402 3443 sensu
1418 3390 1666 3445 obscum.

638 3470 984 3543 Quapropter
1020 3472 1154 3525 Scal.
1195 3468 1263 3521 ad
1302 3470 1450 3522 hunc
1490 3470 1670 3523 locum

641 3570 730 3603 eas
761 3551 1056 3615 transtulit3
1084 3547 1176 3604 sed
1210 3550 1348 3601 male
1381 3550 1673 3622 suppressit

645 3631 716 3682 ad
742 3634 855 3694 iter,
885 3628 1031 3702 quod
1056 3631 1112 3682 in
1143 3629 1392 3682 omnibus
1414 3643 1571 3683 extat.

724 3710 854 3765 Cu.
877 3710 1050 3763 LXV.
1087 3728 1136 3763 1.
1155 3710 1343 3761 Procul
1367 3713 1517 3763 vitos.
1545 3710 1673 3765 Haee

645 3791 808 3843 verba
843 3788 1042 3843 criticis
1068 3787 1371 3843 redundare
1399 3788 1673 3856 videntur,

643 3871 939 3944 praesertim
985 3888 1091 3921 vox
1138 3873 1270 3921 visos
1325 3889 1444 3941 quae
1499 3871 1674 3943 reipsa

645 3952 791 4003 abest
809 3951 865 4001 in
893 3960 1078 4002 nostro
1094 3947 1216 4005 cod.
1235 3952 1301 4002 R.
1334 3950 1507 4021 5768.
1524 3952 1676 4005 Clar-

645 4030 768 4083 kius
786 4026 1026 4083 defendit
1043 4029 1312 4102 explicans
1329 4035 1460 4084 visos
1470 4072 1485 4095 ,
1513 4050 1677 4104 appa·

645 4122 853 4175 rentes,
880 4112 1137 4179 φανέντας.
1167 4110 1260 4165 Nil
1281 4112 1595 4183 pronuntiO.

736 4210 786 4242 a.
826 4188 1073 4245 Consistit.
1118 4190 1225 4243 Alii
1269 4196 1496 4246 constitit.
1526 4190 1679 4245 Hanc

1750 2912 2000 2965 Afranius
2016 2925 2070 2965 et
2083 2913 2321 2965 Petreius
2330 2949 2345 2970 ‚
2361 2922 2547 2963 nostro
2560 2907 2787 2981 quidem

1748 2990 1982 3061 judicic,
2001 3010 2117 3045 rem
2144 2992 2345 3063 optime
2364 3002 2656 3061 gesserant,
2682 2990 2787 3042 etsi

1752 3072 1906 3125 aliter
1922 3071 2111 3124 critico
2129 3090 2287 3142 supra
2310 3072 2472 3124 citato
2489 3070 2667 3123 visum
2685 3082 2783 3123 est.

1754 3146 1915 3212 (Vid.
1944 3153 2132 3222 Tur-pin
2148 3152 2209 3203 de
2226 3151 2407 3213 Crisse',
2424 3168 2474 3202 c.
2497 3153 2529 3203 6
2542 3168 2595 3214 1,
2608 3168 2664 3201 n.
2688 3167 2711 3202 1
2730 3144 2785 3212 1)

1753 3233 1827 3283 At
1862 3232 1969 3284 hoc
2000 3231 2121 3283 loco
2150 3231 2383 3302 graviter
2406 3240 2784 3301 peccaverunt.

1755 3312 1901 3363 Dum
1943 3310 2163 3363 Caesaris
2202 3310 2425 3374 milites,
2462 3322 2517 3362 et
2554 3310 2788 3361 transitu

1756 3380 1991 3443 fluminis
2020 3403 2073 3443 et
2108 3390 2290 3442 labore
2327 3390 2425 3443 viae
2462 3387 2655 3442 defessi
2694 3406 2788 3439 eo·

1755 3488 1878 3523 rum
1902 3470 2005 3523 iter
2028 3468 2096 3522 ad
2125 3482 2333 3522 montes
2362 3486 2461 3521 nec
2489 3465 2789 3539 impedire,

1756 3568 1857 3603 nec
1886 3550 2045 3603 etiam
2075 3550 2359 3603 minimum
2386 3547 2657 3601 retardare
2687 3566 2789 3618 po·

1757 3641 1933 3685 terant
1950 3667 1969 3695 ,
2014 3649 2111 3683 eur
2150 3628 2552 3684 constiterunt?
2600 3627 2669 3678 In
2725 3646 2789 3679 eo

1759 3710 1905 3763 enim
1927 3710 2236 3763 versabatur
2266 3708 2441 3763 omnis
2470 3706 2790 3760 Afraniano-

1759 3808 1883 3843 rum
1900 3784 2190 3861 expeditio,
2206 3801 2269 3843 nt
2279 3790 2413 3855 scil.‚
2424 3789 2567 3839 intra
2580 3799 2792 3839 montes

1760 3882 1815 3923 et
1852 3871 2117 3941 angustias
2148 3882 2266 3923 tuto
2294 3888 2351 3922 se
2375 3867 2706 3939 reciperent,
2738 3878 2795 3919 et

1763 3948 1833 4023 ad
1856 3951 2075 4005 Iberum
2104 3949 2463 4021 pervenirent.
2490 3948 2564 3999 'At
2591 3964 2793 4018 pavore

1762 4030 2169 4103 intempestivo,
2200 4040 2252 4083 et
2288 4030 2447 4083 unius
2470 4028 2619 4079 horo
2641 4044 2794 4078 mora

1762 4108 2044 4183 praepediti
2072 4121 2214 4163 sunt.
2238 4110 2469 4181 Culpam
2492 4124 2619 4159 sane
2642 4105 2795 4159 nullo

1762 4189 1931 4243 modo
1949 4186 2341 4245 resarciendam
2362 4206 2488 4241 mox
2508 4186 2677 4241 luent.
