3025 5025
601 494 744 590 178
912 493 988 560 C.
1045 491 1335 560 JULII
1410 489 1883 558 CAESARIS
1949 488 2512 560 COMMENT.

591 627 770 720 capti
809 624 1114 693 homines
1165 622 1554 717 equitesque
1612 621 2161 716 producebantur
2198 647 2215 690 ε
2262 636 2340 690 ut
2358 676 2378 711 ‚
2424 621 2759 718 quidquid

592 731 1033 816 intercederet
1058 731 1380 824 temporis
1401 783 1420 817 ‚
1442 729 1577 800 hoc
1610 753 1809 798 omne
1834 729 2188 798 victoriam
2214 731 2468 799 morari
2492 729 2761 799 videre-

593 855 724 908 tur.
755 841 860 910 Ita
887 839 1029 932 spei
1061 837 1372 908 Curionis
1408 834 1693 906 militum
1724 835 1945 906 studia
1978 860 2117 906 non
2146 835 2443 906 deerant.
2476 838 2767 931 Equites

592 947 778 1040 sequi
807 1021 812 1026 ,
817 945 1011 1039 jubet
1053 969 1228 1032 sese,
1265 945 1526 1038 iterque
1573 941 1939 1030 accelerat,
1980 956 2059 1012 ut
2096 967 2301 1036 quam
2345 944 2639 1013 maxime
2682 969 2769 1014 ex

595 1053 754 1146 fuga
780 1053 1170 1147 perterritos
1208 1049 1455 1119 adoriri
1496 1063 1739 1144 posset.
1772 1051 1860 1120 At
1894 1048 2020 1149 illi,
2044 1050 2280 1118 itinere
2315 1049 2516 1119 totius
2545 1054 2771 1120 noctis

597 1159 918 1246 confecti,
942 1158 1255 1251 subsequi
1287 1181 1426 1224 non
1456 1170 1800 1251 poterant,
1832 1169 2033 1250 atque
2065 1155 2173 1224 alii
2206 1155 2337 1226 alio
2369 1155 2518 1226 loco
2552 1159 2765 1228 resis-

593 1265 824 1336 tebant
848 1291 862 1333 ε
889 1289 972 1334 ne
999 1265 1144 1336 haec
1170 1262 1438 1358 quidem
1464 1287 1573 1332 res
1598 1265 1965 1334 Curionem
1992 1263 2077 1332 ad
2097 1288 2283 1357 spem
2313 1252 2760 1333 morabatur⁴.

698 1375 846 1442 XL.
878 1374 916 1441 J
921 1371 1052 1452 uba
1073 1424 1092 1456 ‚
1131 1371 1377 1440 certior
1415 1368 1631 1440 factus
1668 1393 1709 1440 a
1738 1369 1995 1440 Sabura
2020 1371 2104 1440 de
2132 1385 2464 1440 nocturno
2493 1369 2766 1466 praeli0,

595 1479 730 1550 duo
773 1475 980 1546 millia
1020 1479 1478 1573 Hispanorum
1524 1492 1591 1548 et
1624 1475 1977 1548 Gallorum
2022 1480 2321 1572 equitum
2341 1531 2362 1566 ‚
2414 1503 2585 1572 quos
2625 1504 2769 1550 suae

595 1585 911 1656 custodiae
957 1609 1158 1656 causa
1201 1586 1456 1656 circum
1501 1609 1573 1656 se
1614 1583 1863 1656 habere
1909 1599 2299 1672 consuerat,
2334 1599 2405 1654 et
2450 1585 2769 1679 peditum

595 1717 742 1762 eam
785 1707 1081 1788 partem,
1127 1693 1238 1762 cui
1286 1692 1575 1763 maxime
1612 1690 2023 1779 confidebat,
2064 1691 2339 1761 Saburae
2379 1693 2724 1761 submittit
2753 1719 2771 1762 :

595 1802 737 1894 ipse
786 1825 942 1870 cum
988 1797 1257 1893 reliquis
1306 1799 1514 1893 copiis
1566 1796 2069 1893 elephantisque
2108 1801 2235 1868 LX
2252 1797 2269 1821 ¹
2310 1796 2549 1868 lentius
2596 1799 2773 1868 sub-

598 1907 897 2000 sequitur
911 1960 936 1994 „
975 1907 1346 2000 suspicatus
1366 1958 1386 1993 ,
1431 1906 1787 1999 praemissis
1838 1904 2169 1999 equitibus
2192 1960 2211 1991 ‚
2254 1907 2474 2000 ipsum
2526 1905 2775 1976 adfore

600 2014 982 2082 Curionem.
1039 2013 1298 2082 Sabura
1351 2012 1577 2106 copias
1632 2013 1934 2106 equitum
1968 2011 2402 2106 peditumque
2453 2013 2773 2103 instruit,

601 2135 800 2212 atque
843 2119 947 2200 his
990 2120 1278 2212 imperat
1299 2169 1320 2201 ,
1359 2132 1440 2188 ut
1483 2117 1903 2188 simulatione
1958 2120 2217 2190 timoris
2262 2117 2613 2214 paullatim
2662 2145 2775 2190 ce·

602 2226 797 2312 dant,
841 2251 922 2294 ac
957 2225 1199 2322 pedem
1243 2225 1573 2298 referant:
1605 2249 1775 2314 sese,
1804 2251 2011 2320 quum
2054 2251 2223 2321 opus
2260 2240 2467 2314 esset,
2496 2228 2774 2322 signum

601 2331 810 2429 praelii
853 2332 1168 2405 daturum
1186 2385 1204 2420 ‚
1235 2347 1304 2403 ct
1321 2385 1340 2421 ‚
1375 2332 1559 2426 quod
1597 2358 1741 2402 rem
1784 2331 2121 2427 postulare
2153 2335 2615 2428 cognovisset,
2648 2337 2777 2403 im-

602 2453 1014 2535 peraturum.
1060 2441 1268 2509 Curio
1288 2492 1307 2529 ,
1348 2439 1433 2512 ad
1477 2441 1890 2535 superiorem
1928 2465 2114 2536 spem
2158 2439 2384 2509 addita
2418 2443 2777 2535 praesentis

605 2549 926 2642 temporis
987 2548 1303 2643 opinione
1326 2602 1346 2635 ,
1392 2548 1619 2619 hostes
1669 2548 1899 2642 fugere
1950 2548 2308 2617 arbitratus
2334 2600 2354 2636 ,
2398 2549 2632 2642 copias
2696 2574 2780 2619 ex

605 2654 768 2725 locis
809 2646 1262 2749 superioribus
1307 2657 1378 2723 in
1421 2678 1737 2748 campum
1774 2654 2063 2724 deducit.

712 2764 897 2831 XLI.
957 2762 1222 2850 Quibus
1261 2787 1345 2831 ex
1385 2760 1549 2831 locis
1588 2787 1794 2856 quum
1835 2760 2097 2856 longius
2128 2776 2301 2830 esset
2340 2786 2781 2856 progressuS,

609 2868 920 2939 confecto
944 2868 1086 2961 jam
1122 2866 1350 2940 labore
1381 2870 1683 2941 exercitu
1701 2920 1719 2955 ‚
1747 2872 1918 2937 XVI
1946 2866 2227 2937 millium
2260 2869 2471 2963 spatio
2506 2873 2781 2939 consis-

609 3049 772 3103 Unde
811 3052 949 3106 bene
989 3051 1225 3111 homines,
1261 3069 1358 3105 seu
1392 3054 1515 3114 viri,
1550 3070 1647 3105 seu

603 3130 791 3201 pedites
803 3130 1070 3200 equitibus
1077 3144 1444 3203 opponuntur.
1456 3133 1643 3186 Davls.

697 3217 751 3271 ά.
778 3207 874 3265 Ad
893 3229 1018 3281 spem
1051 3211 1344 3265 morabatur.
1377 3210 1565 3282 Scalig.
1594 3224 1649 3267 et

611 3291 936 3345 recentiores
953 3290 1016 3341 ab
1029 3309 1126 3359 spe.
1142 3292 1214 3343 At
1229 3290 1512 3346 familiares
1537 3292 1648 3345 Cae-

614 3372 720 3424 sari
745 3382 872 3425 sunt
894 3370 1191 3425 locutiones
1221 3371 1293 3422 ad
1313 3371 1649 3441 insequendum

617 3450 870 3512 tardabat,
914 3450 984 3503 ad
1027 3454 1294 3521 opinionem
1343 3449 1553 3513 Gallice,
1596 3464 1649 3505 et

615 3531 716 3583 alia
737 3530 945 3585 similia.
978 3531 1360 3586 Temeritatem
1397 3530 1650 3589 Curionis

615 3611 808 3663 merito
844 3608 1062 3668 damnat
1092 3611 1197 3666 hoe
1235 3612 1352 3683 ipso
1385 3610 1506 3665 loco
1538 3612 1649 3683 Ap-

615 3692 840 3763 pianum,
881 3703 935 3744 et
959 3710 1024 3745 eo
1063 3692 1264 3763 arguit,
1302 3688 1482 3761 quod,
1514 3702 1650 3743 tem-

615 3784 818 3843 pestate
857 3769 1060 3831 fervido
1077 3808 1094 3835 ,
1127 3789 1228 3847 per
1257 3788 1504 3831 arenosas
1546 3771 1651 3831 ari·

619 3851 816 3923 dasque
882 3847 1126 3921 regiones
1143 3888 1160 3915 ,
1206 3850 1535 3909 torrentibus
1600 3863 1653 3905 et

618 3930 857 4002 Bagrada
878 3928 1099 3985 flumine
1125 3930 1395 3991 exsiccatis
1409 3968 1426 3997 ,
1445 3928 1512 3986 ad
1534 3930 1655 3983 hos-

620 4025 727 4065 tem
753 4031 877 4067 cum
909 4008 1177 4080 equitibus
1201 4013 1312 4083 jam
1341 4030 1537 4083 magno
1563 4012 1653 4065 iti-

617 4112 748 4145 nere
819 4089 1046 4159 fatigatis
1111 4089 1461 4150 contenderit.
1526 4092 1655 4144 Haec

622 4184 762 4225 certe
783 4168 972 4243 agendi
994 4170 1131 4225 ratio
1161 4171 1332 4225 solita
1353 4169 1656 4242 prudentia

1731 3070 1953 3122 prorsus
1964 3051 2207 3122 opposita
2221 3050 2567 3111 temerarium
2580 3052 2784 3111 ducem

1734 3129 1967 3201 detegit;
1998 3128 2091 3187 sed
2132 3150 2202 3185 ne
2243 3133 2305 3185 in
2342 3132 2427 3185 his
2452 3151 2743 3191 moremur
2768 3175 2785 3201 ‚

1731 3210 1989 3268 lectorem
2022 3212 2201 3283 ipsum
2237 3212 2497 3267 aetimare
2535 3215 2785 3271 sinamus

1733 3289 1879 3345 unde
1904 3292 2171 3357 evenerit,
2203 3305 2258 3350 et
2281 3304 2481 3365 quanta
2520 3296 2672 3349 mala
2704 3308 2786 3349 at·

1736 3370 1919 3426 tulerit
1943 3372 2056 3431 haec
2086 3370 2261 3427 clades
2274 3411 2291 3438 ‚
2320 3384 2375 3427 et
2397 3374 2599 3431 nostris
2628 3374 2787 3431 duci·

1734 3452 1835 3505 hus
1850 3488 1867 3517 ,
1895 3451 2161 3505 tironibus
2189 3454 2515 3527 praesertim,
2547 3439 2675 3511 hasac
2696 3476 2786 3511 ca·

1734 3532 1849 3603 pita
1875 3532 1983 3597 38,
2010 3532 2119 3601 39,
2146 3546 2201 3587 et
2222 3552 2333 3605 seq.
2367 3535 2693 3604 offeremus,
2722 3548 2785 3589 ut

1735 3609 1865 3668 inde
1894 3625 2159 3683 praecepta
2188 3614 2440 3669 militaria
2468 3617 2697 3687 capiant
2720 3634 2787 3671 eo

1738 3692 2085 3763 pretiosiora,
2114 3693 2262 3764 quod
2288 3695 2357 3747 ab
2378 3712 2474 3749 ore
2494 3694 2617 3767 ipso
2638 3698 2786 3751 cele·

1736 3772 1961 3833 ben-rimi
1984 3774 2226 3833 omnium
2243 3786 2459 3831 &tatum
2476 3772 2637 3833 ducis
2654 3796 2788 3850 pro-

1738 3852 2069 3913 ficiscuntur.

1822 3932 1955 4004 Cap.
1991 3934 2107 3991 XL.
2150 3951 2201 3989 ι.
2232 3934 2617 4007 ΕΙσρΙιαητὼςιιε
2656 3937 2787 3991 LX.

1740 4013 1823 4067 Ita
1836 4032 2022 4069 omnes
2037 4011 2217 4079 codd„
2230 4016 2392 4089 Vulg.
2404 4028 2461 4071 et
2474 4016 2565 4069 alii
2579 4018 2793 4073 habent

1740 4094 1859 4146 XL.
1893 4092 2044 4147 Cur?
2076 4094 2286 4149 Nescio.
2314 4128 2385 4139 —·
2404 4098 2619 4149 Lentim.
2652 4098 2791 4153 Hoc

1741 4191 1847 4233 vox
1864 4173 2040 4235 exulat
2058 4174 2127 4232 ah
2144 4172 2269 4233 edd.
2286 4174 2461 4246 Lugd.
2476 4189 2531 4233 et
2545 4179 2779 4235 Amatel.

2956 4752 2988 5000 24—-
