3025 5025
639 483 780 550 DE
835 481 1181 550 BELLo
1237 434 1613 551 cIVILI.
1672 483 1861 552 LIB.
1917 487 1972 552 1.

2284 487 2385 560 63

348 617 669 684 XXXIX.
717 617 965 702 Erant,
993 630 1070 684 ut
1103 639 1305 710 supra
1341 613 1871 684 demonstratum
1898 631 1999 688 est
2019 615 2065 705 ¹,
2100 616 2393 714 legiones

249 722 496 791 Afranii
529 737 700 810 tres,
727 723 969 790 Petreii
1003 721 1150 791 duae
1168 774 1187 810 ,
1216 735 1539 816 praeterea
1576 737 1848 792 scutatae
1872 725 2203 795 citerioris
2241 753 2397 823 pro-

247 830 470 897 vinciae
481 827 530 916 ²,
573 842 643 898 et
686 843 954 898 cetratae
1003 827 1337 898 ulterioris
1384 830 1721 922 Hispaniae
1774 829 2084 901 cohortes
2134 834 2397 904 circiter

248 937 502 1004 LXXX
525 989 546 1022 ‚
591 937 890 1030 equitum
943 936 1290 1028 utriusque
1344 937 1707 1029 provinciae
1754 937 2018 1005 circiter
2063 940 2129 1008 V
2174 940 2396 1010 millia.

251 1043 464 1110 Caesar
500 1027 836 1136 legiones3
883 1043 952 1110 in
989 1043 1380 1136 Hispaniam
1436 1044 1847 1136 praemiserat
1864 1097 1885 1131 ,
1924 1043 2011 1112 ad
2048 1047 2149 1115 VI
2193 1045 2399 1116 millia

249 1148 475 1217 auxilia
511 1149 850 1243 peditum,
887 1149 1186 1242 equitum
1215 1151 1324 1217 III
1362 1147 1605 1238 millia,
1644 1175 1790 1244 quae
1838 1151 2147 1220 omnibus
2206 1177 2398 1248 supe-

253 1256 536 1324 rioribus
575 1254 765 1326 bellis
804 1255 1168 1342 habuerat,
1213 1269 1282 1324 et
1304 1279 1549 1349 *parem
1602 1280 1685 1324 ex
1731 1255 1951 1326 Gallia
1998 1282 2355 1328 numerum
2382 1313 2401 1348 ,

251 1385 436 1452 quem
481 1364 628 1456 ipse
665 1376 1022 1456 paraverat
1041 1415 1060 1449 ‚
1103 1361 1496 1430 nominatim
1534 1387 1617 1430 ex
1665 1363 1978 1432 omnibus
2026 1363 2402 1436 civitatibus

249 1466 647 1538 nobilissimo
693 1483 762 1538 et
797 1468 1156 1538 fortissimo
1192 1493 1459 1562 quoque
1513 1483 1815 1538 evocato.
1879 1471 2055 1540 Hinc
2074 1456 2101 1502 ⁴
2161 1473 2399 1565 optimi

322 1651 450 1705 Cu‘.
471 1651 736 1705 XXXIX.
760 1671 782 1704 1
795 1692 809 1704 .
832 1651 902 1704 Ut
919 1671 1065 1722 supr-a
1086 1651 1278 1704 demon-

251 1743 442 1783 stratum
465 1743 559 1784 est.
581 1731 712 1803 Cap.
734 1730 1074 1803 praecedenti.

326 1832 353 1864 2
362 1852 375 1864 .
393 1811 618 1878 Scutatce
632 1815 866 1864 citerioris
872 1815 1151 1883 provincia.
1167 1811 1282 1863 Ma·

252 1890 297 1942 le
323 1892 604 1946 Plautinus
617 1929 634 1956 ,
655 1891 956 1964 Scaliger-et
973 1890 1059 1944 ed.
1079 1891 1278 1962 vulgat.

254 1971 441 2024 habent
461 1975 662 2024 scutati.
685 1970 859 2026 Codd.
889 1989 1072 2024 omnes
1094 1971 1283 2042 legunt

256 2063 463 2104 scutatoe.
492 2050 722 2104 Scutatae
755 2065 931 2104 autem
946 2089 962 2116 ,
985 2051 1162 2121 inquit
1180 2052 1284 2103 Da-

256 2130 435 2196 visius,
453 2143 510 2184 et
527 2143 738 2184 cetratae
755 2130 1009 2184 dicuntur
1025 2149 1138 2183 non
1153 2149 1282 2202 pro-

258 2209 466 2278 vinciae,
497 2223 560 2263 ut
589 2223 744 2282 putat
771 2209 1162 2275 Hotman.‚sed
1192 2230 1283 2264 co-

257 2291 428 2343 hortes
451 2330 469 2357 ,
517 2292 584 2342 ab
636 2292 796 2344 armis
843 2311 961 2362 quae
1011 2291 1281 2362 gerebant.

258 2370 412 2423 Aliud
439 2383 555 2423 erat
583 2384 793 2424 scutum
819 2384 874 2424 et
900 2373 1152 2442 clypeus3
1179 2370 1289 2441 cly-

257 2469 381 2522 peus
395 2449 684 2517 rotunduS,
693 2465 904 2504 scutum
917 2462 1094 2503 autem
1103 2450 1289 2502 oblon-

257 2548 378 2601 gum
404 2544 459 2584 et
485 2530 832 2602 quadratum,
849 2544 994 2591 ceu-a
1019 2549 1150 2583 vero
1167 2550 1288 2584 scu-

258 2621 368 2663 tum
393 2612 560 2665 breve
575 2650 594 2675 ,
622 2612 695 2663 ait
725 2612 998 2676 Nunnius,
1023 2611 1180 2681 peltae
1197 2630 1291 2682 pa·

259 2709 372 2742 rum
417 2692 682 2743 absimile.
729 2694 800 2743 At
847 2691 902 2744 h.
953 2692 990 2745 l.
1034 2688 1289 2743 videntur

258 2784 408 2823 cetrae
444 2772 684 2842 propriae
726 2770 976 2841 Hispanis
1021 2771 1291 2823 ulterioris

260 2851 547 2920 provinciae
561 2888 580 2914 ‚
599 2850 728 2903 etin
747 2852 974 2903 formam
992 2849 1170 2903 cordis
1192 2850 1292 2901 hu-

262 2931 396 2983 mani
423 2929 730 2985 desinentes
746 2968 762 2995 ,
792 2931 968 3001 qualia
994 2943 1120 2983 sunt
1143 2943 1291 2983 scuta

261 3011 519 3063 nobilium
538 3049 556 3076 ,
583 3009 728 3082 apud
757 3012 1104 3075 recentiores,
1137 3012 1291 3063 fami·

261 3088 446 3143 liarum
463 3109 478 3145 z
499 3086 604 3152 (les
619 3096 837 3143 &cassans
865 3092 947 3142 des
979 3092 1232 3143 chevaliers
1249 3087 1289 3153 ).

337 3172 658 3241 &Legiones-5.
687 3172 720 3223 J
723 3170 932 3223 urinius
957 3169 1106 3223 addit
1135 3188 1211 3235 Π,
1233 3183 1294 3223 ut

263 3268 304 3302 c.
311 3251 338 3303 3
346 3270 378 3321 7
385 3251 700 3303 ,OB.Adse.v
708 3252 859 3303 millia
869 3252 1054 3303 auxilia
1059 3250 1290 3321 peditum.

263 3329 427 3384 Locus
457 3331 598 3383 mire
627 3332 1005 3403 perturbatus;
1041 3345 1094 3384 et
1133 3330 1292 3383 lectio

264 3411 466 3482 vulgata
508 3409 729 3465 videtur
763 3410 1066 3463 emendatio
1109 3429 1292 3463 recen-

266 3490 492 3544 tiorum:
521 3510 649 3543 nam
669 3490 786 3543 cod.
807 3504 987 3545 noster
1017 3492 1082 3543 R.
1121 3490 1293 3561 5764,

267 3582 312 3621 et
331 3590 521 3623 omnes
543 3572 654 3623 fere
672 3569 830 3624 codd.
853 3573 919 3624 ab
938 3569 1290 3642 Oudendorp.

267 3650 568 3715 memorati,
595 3652 824 3703 habent:
843 3652 916 3703 ad
925 3671 1010 3703 sex
1031 3652 1130 3703 mil.
1159 3652 1297 3703 nulla

265 3733 444 3783 auxilia
453 3730 699 3801 peditum.
721 3732 853 3796 Quae
869 3732 1028 3785 lectio
1046 3744 1296 3801 corrupta

267 3809 549 3864 admodum
571 3824 627 3865 et
643 3812 838 3863 absona
861 3810 1090 3865 medicas
1108 3830 1296 3863 manus

266 3892 594 3962 requirebat;
625 3905 678 3945 et
711 3892 756 3944 si
797 3892 1054 3963 attingere
1095 3892 1264 3943 ausim
1279 3929 1298 3957 ‚

269 3969 576 4041 simpliciter
593 3973 764 4043 legam
787 3984 952 4025 totam
978 3972 1216 4044 phrasim
1239 3971 1297 4023 h.

269 4068 337 4103 m.
356 4070 370 4103 τ
393 4051 566 4103 Coesar
577 4053 786 4121 legiones
801 4056 852 4103 in
871 4053 1161 4122 Hispaniam
1171 4071 1302 4122 prce·

271 4132 460 4182 miserat
497 4152 584 4185 sex
601 4152 622 4184 .·
653 4132 791 4185 nulla
831 4133 1023 4185 auxilia
1049 4132 1266 4202 peditum
1279 4169 1297 4197 ,

1365 1641 1575 1723 equita&
1602 1656 1700 1704 tria
1723 1653 1891 1714 millia,
1916 1672 2048 1724 quoe,
2076 1666 2166 1706 etc.
2179 1685 2263 1696 —
2277 1655 2403 1724 Quoe

1365 1733 1598 1785 omnibus.
1644 1733 1771 1801 Quae
1824 1746 1972 1785 vacat
2017 1733 2075 1785 in
2131 1735 2407 1788 nonnullis

1365 1809 1525 1864 codd.
1560 1822 1614 1864 et
1640 1812 1699 1863 in
1720 1824 1905 1864 nostro
1930 1813 2119 1880 57643
2148 1827 2201 1866 at
2224 1833 2406 1868 neces-

1367 1892 1569 1944 sarium
1601 1904 1694 1944 est.
1710 1923 1793 1934 ω-
1811 1893 1965 1961 Quem
1999 1896 2099 1964 epse
2125 1891 2403 1964 paraverat.

1370 1969 1546 2024 Codd.
1580 1973 1691 2024 fere
1716 1991 1899 2026 omnes
1925 1993 2067 2044 quam
2084 1977 2184 2044 ipse
2202 1995 2408 2046 pacave-

1369 2063 1487 2104 rat:
1515 2051 1718 2123 ingrata
1749 2051 2043 2105 admodum
2070 2054 2257 2120 lecti0,
2282 2074 2409 2108 nam

1370 2131 1591 2184 minime
1624 2151 1760 2204 opus
1790 2145 1904 2186 erat
1934 2133 2189 2186 lectorem
2222 2133 2407 2190 admo·
2456 2177 2459 2182 .

1371 2211 1521 2275 neri,
1546 2231 1577 2264 a
1604 2211 1809 2266 Caesare
1836 2213 1997 2266 fuisse
2025 2226 2265 2283 pacatam
2287 2215 2412 2268 Gal-

1371 2291 1514 2343 liam.
1548 2292 1656 2342 Alii
1682 2305 1736 2344 et
1764 2293 1947 2344 Brant.
1975 2291 2134 2346 codd.
2154 2297 2406 2364 petiverat.

1372 2369 1565 2423 Melius
1590 2383 1748 2424 certe.
1956 2376 1963 2380 ’

1455 2456 1510 2514 4.
1557 2451 1693 2502 Hinc
1737 2454 1907 2520 optimi
1943 2456 2135 2521 generis
2182 2453 2407 2506 homines.

1374 2528 1575 2583 Stradae
1606 2544 1658 2583 et
1686 2530 1924 2602 Gryphii
1952 2532 2238 2585 lectionem
2260 2551 2413 2585 revo-

1375 2610 1522 2675 cavi,
1564 2611 1691 2680 quia
1732 2628 1831 2662 nec
1874 2611 2032 2663 lectio
2076 2610 2235 2664 codd.
2253 2648 2272 2677 ,
2312 2632 2411 2665 nec

1375 2689 1678 2743 emendatio
1758 2688 2217 2761 Oudendorpiana
2288 2693 2415 2745 satis

1376 2770 1512 2821 mihi
1536 2770 1677 2822 fecit.
1710 2770 1883 2821 Porm
1912 2768 2071 2823 codd.
2104 2789 2290 2825 omnes
2322 2772 2414 2825 ha-

1375 2851 1537 2903 bent:
1559 2850 1669 2901 hinc
1698 2850 1771 2903 vel
1784 2850 1893 2901 huic
1916 2854 2087 2921 optimi
2104 2855 2294 2921 generis
2325 2854 2413 2905 ho-

1377 2934 1555 2983 minum
1570 2949 1631 2981 ex
1644 2930 1923 3001 Aquitanis,
1938 2942 2026 2985 etc.
2042 2951 2061 2984 .·
2076 2932 2274 3004 absque
2292 2952 2412 2987 sen-

1377 3030 1458 3063 su.
1487 3012 1669 3076 Quum
1700 3023 1879 3063 autem
1906 3030 2119 3065 necesse
2136 3013 2206 3065 sit
2232 3032 2413 3067 emen-

1378 3089 1506 3143 dare
1534 3091 1740 3155 locum,
1766 3091 1904 3143 nihil
1934 3090 2161 3164 impedit
2190 3093 2323 3165 quin
2355 3094 2412 3148 in

1377 3183 1553 3223 totum
1584 3168 2022 3241 redintegremus.
2056 3173 2193 3224 Hinc
2220 3174 2413 3245 igitur,

1379 3250 1437 3303 id
1473 3263 1553 3303 est
1568 3288 1586 3315 ,
1616 3272 1643 3301 e
1677 3249 1849 3304 Gallia
1888 3265 2197 3306 evocaverat
2236 3250 2256 3315 (
2286 3254 2414 3306 sub·

1380 3327 1635 3394 auditur)
1655 3332 1863 3383 homines
1891 3336 2061 3403 optimi
2080 3337 2291 3401 generis,
2322 3346 2413 3386 etc.

1381 3411 1487 3477 Qui
1511 3412 1796 3464 lectionem
1821 3412 2089 3483 vulgatam
2118 3411 2276 3465 codd.
2310 3431 2415 3465 ser·

1379 3505 1506 3545 vent
1522 3530 1539 3556 ,
1569 3490 1896 3544 subaudiunt
1914 3493 2013 3545 ἀπὸ
2036 3498 2121 3543 τοῦ
2142 3498 2299 3544 κοινοῦ
2306 3494 2417 3559 for-

1383 3576 1563 3623 tissima
1606 3592 1789 3644 quoque
1828 3576 1995 3642 optimi
2032 3574 2221 3641 generis
2260 3573 2413 3624 homi·

1381 3671 1494 3703 mem
1538 3664 1747 3704 evocato.
1794 3651 1924 3706 Non
1968 3664 2144 3703 tamen
2193 3652 2414 3705 omnino

1381 3730 1772 3784 contemnenda
1803 3744 1880 3783 est
1919 3729 2219 3783 emendatio
2256 3733 2417 3785 Davi·

1383 3811 1545 3864 siana.
1566 3811 1665 3863 Ille
1678 3848 1695 3877 ‚
1714 3830 1779 3864 ex
1796 3809 1925 3863 edit.
1942 3812 2159 3863 Vascos.
2186 3812 2412 3883 legeret:

1385 3892 1625 3943 hominum
1648 3891 1725 3943 M.
1741 3911 1762 3953 ‚·
1778 3887 1925 3961 quod
1954 3908 2079 3943 sane
2101 3910 2211 3944 non
2234 3893 2418 3945 absur-

1385 3968 1518 4025 dum
1562 3971 1699 4022 foret
1713 4008 1729 4035 ‚
1760 3969 2045 4040 saepissime
2084 3972 2231 4025 enim
2256 3972 2417 4025 libra·

1384 4050 1593 4103 riorum
1605 4049 1811 4102 incuria
1824 4050 2023 4103 factum
2038 4064 2116 4105 est
2130 4066 2191 4105 ut
2202 4072 2311 4105 una
2324 4063 2416 4105 aut

1385 4130 1547 4183 altera
1582 4130 1757 4183 littera
1789 4130 2091 4199 omittatur,
2122 4133 2415 4203 praesertim
