3025 5025
853 462 934 531 C.
987 460 1279 529 JULII
1341 457 1827 529 CAESARIS
1884 458 2447 529 COMMENT.

686 605 1021 675 XXVIII.
1077 600 1507 689 Brundisini,
1550 601 2117 695 Pompeianorum
2155 600 2441 671 militum
2488 601 2751 697 injuriis

541 710 545 716 ’
579 727 782 807 atque
823 711 1029 805 ipsius
1073 709 1374 805 Pompeii
1409 707 1831 800 contumeliis
1862 709 2195 803 permoti,
2224 711 2509 779 Caesa'ris
2544 712 2751 781 rebus

578 819 916 889 favebant.
966 819 1206 913 Itaque
1227 870 1246 905 ‚
1291 817 1560 910 cognita
1600 818 1904 909 Pompeii
1950 816 2369 913 profectione
2388 871 2409 905 ,
2452 839 2751 888 concur·
2770 809 2785 819 ’

582 926 882 997 santib'us
926 923 1052 995 illis
1101 938 1303 1017 atque
1351 925 1421 991 in
1471 946 1553 991 ea
1604 946 1678 993 rc
1722 925 2065 1019 occupatis
2089 977 2110 1011 ,
2162 923 2369 1019 vulgo
2422 949 2503 995 ex
2557 928 2753 996 tectis

581 1032 1048 1129 significabant
1079 1057 1094 1099 :
1135 1054 1258 1126 per
1299 1055 1468 1125 quos
1512 1054 1587 1099 re
1640 1031 1909 1125 cognita
1928 1083 1948 1117 ‚
1988 1033 2219 1100 Caesar
2260 1029 2471 1101 scalas
2520 1034 2748 1127 para'ri

582 1139 956 1234 militesque
990 1140 1238 1209 armari
1260 1138 1484 1233 jubet,
1523 1161 1610 1223 ne
1646 1161 1852 1231 quam
1892 1138 1991 1207 rei
2020 1138 2327 1232 gerendae
2358 1136 2751 1211 facultatem

581 1248 893 1318 dimittat.
931 1247 1294 1340 Pompeius
1335 1244 1462 1315 sub
1517 1258 1789 1313 noctem
1842 1268 2049 1314 naves
2104 1244 2305 1315 solvit
2344 1272 2361 1315 :
2404 1248 2520 1341 q‘ui
2557 1262 2755 1317 erant

580 1356 652 1424 in
696 1371 894 1423 muro
935 1352 1258 1423 custodiae
1312 1375 1513 1420 causa
1550 1350 1891 1440 collocati,
1938 1376 2020 1422 eo
2070 1354 2293 1447 signo,
2342 1353 2525 1448 quod
2576 1378 2751 1425 con·-

579 1475 859 1531 venerat
873 1515 894 1545 ‚
931 1471 1339 1529 revocantur
1357 1511 1378 1545 ,
1413 1460 1724 1553 notisque
1758 1460 2107 1529 itineribus
2140 1460 2227 1529 ad
2263 1484 2469 1531 naves
2509 1458 2751 1531 de'cur·

579 1583 759 1638 runt.
808 1566 1058 1635 Milites
1082 1619 1103 1653 ,
1142 1567 1373 1661 positis
1417 1564 1609 1635 scalis
1634 1619 1653 1651 ‚
1696 1590 1927 1637 muros
1965 1566 2339 1637 ascendunt
2370 1594 2391 1655 ;
2434 1567 2551 1637 sed
2600 1594 2751 1639 mo·

581 1677 705 1745 niti
745 1700 788 1743 a
823 1673 1274 1761 Brundisinis,
1309 1687 1388 1741 ut
1423 1671 1676 1742 vallum
1714 1672 2004 1743 caecum¹
2047 1673 2389 1769 fossasque
2432 1691 2755 1765 caveant,

583 1783 992 1868 subsistunt;
1023 1795 1092 1849 et
1121 1778 1324 1875 longo
1354 1781 1591 1849 itinere
1615 1781 1702 1849 ab
1724 1780 1839 1849 his
1854 1781 2330 1870 circumducti,
2364 1781 2451 1852 ad
2475 1782 2753 1878 portum

584 1888 1017 1985 perveniunt,
1058 1887 1358 1981 duasque
1393 1911 1601 1955 naves
1638 1912 1795 1957 cum
1832 1886 2211 1976 militibus²‚
2238 1914 2387 1982 quae
2420 1890 2509 1959 ad
2540 1889 2755 1961 moles

583 459 684 551 48

584 2100 764 2155 navib.
774 2119 829 2153 v.
839 2101 900 2153 B.
913 2100 982 2153 G.
992 2100 1164 2165 l.V‚c.
1185 2118 1207 2151 1
1221 2140 1236 2152 .
1247 2100 1419 2151 Porro
1429 2100 1622 2171 Pomp.

584 2182 798 2235 Italiam
829 2180 1050 2253 reliquit
1082 2178 1152 2233 ad
1187 2198 1280 2231 ΠΙ
1320 2179 1427 2232 kal.
1468 2180 1622 2250 april.

669 2262 802 2315 Cn.
844 2258 1113 2313 XXVIII.
1143 2278 1192 2313 1.
1227 2260 1298 2311 Ut
1315 2260 1504 2311 vallum
1528 2280 1625 2311 εω-

586 2361 708 2395 cum.
725 2339 874 2407 Quid
897 2341 968 2393 sit
981 2340 1182 2392 vallum
1204 2357 1404 2393 caecum
1426 2340 1625 2393 merito

585 2422 778 2493 quaerit
797 2422 1038 2474 Vossius.
1067 2421 1285 2473 Festus:
1303 2440 1481 2471 coecum
1506 2421 1625 2471 val-

586 2503 684 2554 lum
708 2499 910 2555 dicitur
935 2539 951 2566 ,
989 2505 1040 2552 in
1071 2521 1166 2574 quo
1189 2504 1436 2572 proeacuti
1477 2502 1620 2572 pali,

588 2595 730 2636 terroe
747 2581 915 2652 affixi,
935 2582 1091 2633 herbis
1103 2582 1190 2632 vel
1191 2581 1458 2649 frondibus
1485 2601 1629 2633 occu·

589 2663 774 2716 luatur.
808 2665 878 2715 At
900 2662 1102 2714 vallum
1134 2681 1300 2733 quum
1337 2662 1405 2715 sit
1434 2680 1645 2714 murus.

585 2763 618 2796 e
647 2743 846 2814 cespite
882 2754 975 2794 aut
1014 2753 1154 2794 terra
1188 2753 1430 2814 aggestus
1448 2781 1465 2808 ,
1495 2760 1625 2814 pro-

586 2822 716 2876 inde
773 2835 853 2876 est
905 2823 1146 2875 eminens
1197 2821 1418 2893 aliquid.
1459 2822 1627 2893 Atqui

587 2903 880 2957 eminentia
903 2902 1069 2955 latere
1086 2921 1197 2955 non
1221 2915 1462 2976 possunt.
1479 2903 1625 2974 Ergo

591 2983 816 3037 Vossius
828 2983 966 3036 nihil
983 2981 1130 3034 aliud
1147 2983 1412 3036 existimat
1425 2983 1627 3036 vallum

587 3083 814 3126 caecum,
844 3081 1006 3135 quam
1035 3063 1212 3134 ripam
1244 3063 1416 3134 ipsam
1445 3063 1627 3128 fossae,

591 3143 686 3198 sed
699 3144 1029 3206 citeriorem,
1041 3143 1098 3196 in
1118 3162 1225 3214 qua
1237 3141 1428 3196 defixae
1447 3142 1624 3197 sudes·

591 3223 825 3278 Foderat
841 3224 1132 3296 Pompeius
1154 3223 1317 3276 fossas
1333 3241 1346 3276 :
1368 3223 1466 3276 has
1481 3242 1631 3294 pone

591 3306 791 3358 vallum
817 3304 921 3358 fuit
935 3344 953 3373 ,
965 3323 1078 3358 non
1096 3323 1126 3357 e
1143 3315 1286 3356 terra
1319 3314 1624 3375 aggestum:

593 3385 794 3457 alioqui
821 3385 968 3438 enim
994 3384 1148 3437 facile
1171 3383 1460 3436 Caesariani
1489 3380 1627 3437 illud

592 3463 882 3519 vidissent:
907 3463 1000 3518 sed
1021 3463 1223 3518 vallum
1242 3476 1356 3517 erat
1381 3476 1627 3536 respectu

593 3544 752 3599 fundi
765 3547 917 3608 fossae
934 3545 1104 3611 ;hanc
1120 3544 1314 3596 fossam
1336 3543 1629 3614 Pompeius

593 3627 830 3680 cratibus
840 3664 857 3693 ,
873 3624 1070 3678 deinde
1097 3637 1240 3678 terra
1252 3623 1514 3676 intexet-at
1527 3662 1543 3690 ,
1553 3623 1625 3675 ita

594 3721 657 3761 ut
681 3725 781 3760 nec
807 3703 1056 3770 sudium,
1085 3722 1185 3757 nec
1211 3704 1364 3757 fossae
1390 3703 1500 3755 ulla
1532 3722 1629 3774 ap-

595 3797 848 3860 parerent
868 3786 1108 3856 vestigia.
1127 3781 1289 3859 Quod
1307 3801 1496 3836 verum
1518 3801 1631 3836 esse

597 3868 859 3939 probatur
893 3885 960 3918 ex
1001 3863 1222 3920 Caesaris
1263 3863 1442 3916 verbis
1462 3901 1479 3927 ‚
1536 3864 1630 3936 qui

597 3965 759 4019 supra
771 3945 937 4010 dixit,
955 3963 1073 4016 cap.
1087 3941 1444 4012 xx†11‚sossas
1467 3955 1629 3996 trans-

601 4047 757 4080 versas
784 4029 883 4078 ‘viis
906 4025 1175 4096 proeducit,
1220 4036 1364 4098 atque
1396 4024 1464 4076 ibi
1489 4025 1631 4076 sudes

597 4111 874 4179 stivitesque
883 4115 1162 4176 proeacutos
1185 4103 1373 4176 defigit.
1401 4105 1533 4157 Hoec
1561 4105 1631 4157 le·

602 4188 734 4240 vibus
765 4185 976 4238 cratibus
1012 4195 1238 4258 terraque
1269 4190 1502 4258 inoequat.
1527 4183 1634 4240 Hie

1714 2118 1846 2152 vero
1890 2096 1960 2152 de
2000 2098 2191 2155 iisdem
2226 2101 2478 2174 operibus
2520 2104 2753 2177 loquens

1714 2180 1788 2233 ait
1822 2196 1835 2231 :
1868 2180 2056 2232 Moniti
2086 2201 2118 2232 a
2150 2182 2497 2249 Brundisinis,
2537 2198 2593 2236 ut
2632 2188 2753 2239 val-

1714 2260 1812 2311 lum
1832 2280 2010 2312 coecum
2029 2262 2308 2334 ‚sbssasque
2334 2276 2551 2325 caveant,
2574 2268 2755 2337 Igitur

1712 2359 1883 2413 quum
1902 2340 1977 2393 ait
1991 2379 2008 2405 ‚
2024 2342 2102 2394 ibi
2114 2344 2255 2395 sudas
2272 2342 2470 2415 defigit,
2488 2358 2543 2399 et
2564 2360 2753 2419 postea

1712 2422 1902 2473 vallum
1938 2424 2142 2485 caec‘um,
2178 2421 2326 2477 idem
2360 2425 2495 2479 vult.
2529 2427 2755 2483 Vallum

1713 2498 1871 2556 sudes
1896 2502 2059 2556 habet
2084 2503 2301 2570 infixas,
2328 2505 2404 2559 ita
2426 2506 2589 2560 etiam
2610 2509 2751 2583 ripa.

1712 2577 1857 2636 Illud
1883 2581 2091 2638 editum
2104 2598 2211 2652 est;
2232 2587 2303 2638 ita
2316 2599 2372 2638 et
2396 2587 2511 2640 haec
2532 2588 2681 2661 ripa,
2705 2593 2752 2646 si

1713 2664 1957 2716 conferas
1987 2684 2110 2718 cum
2152 2668 2304 2720 fossa
2334 2665 2537 2732 fundo,
2572 2668 2752 2737 edita;

1713 2743 1957 2816 illudque
1988 2745 2150 2798 etiam
2178 2745 2359 2800 innuit
2391 2749 2715 2806 Plutarchus
2731 2791 2751 2819 ,

1714 2843 1885 2896 quum
1904 2825 1976 2878 ita
1994 2826 2051 2878 in
2072 2827 2265 2898 Pomp.
2289 2846 2337 2880 c.
2372 2829 2478 2882 88:
2498 2831 2752 2903 ἀνέσκαψε

1712 2905 1803 2962 τὴν
1828 2907 1996 2972 πόλιν,
2023 2905 2107 2959 καὶ
2137 2903 2492 2978 διετάφρευσε,
2523 2911 2607 2964 καὶ
2636 2931 2754 2966 σκο-

1712 2985 1877 3038 λόπων
1894 2987 2131 3042 ἐνέπλησε
2146 2987 2260 3049 τοὺς
2274 2992 2525 3051 ςενωποὺς
2544 3009 2557 3043 :
2572 2993 2755 3061 effodit

1716 3065 1877 3117 urbem
1891 3087 1925 3126 *,·
1945 3078 1996 3117 et
2008 3067 2176 3134 fossas
2206 3067 2353 3119 duxit
2367 3109 2384 3131 ,
2416 3073 2751 3146 stipitibusque

1715 3145 1929 3216 implevit
1964 3151 2175 3200 semitas.
2222 3150 2294 3200 At
2333 3149 2472 3202 nihil
2502 3149 2573 3204 de
2606 3154 2751 3208 vallo

1714 3224 1942 3279 excitato
1999 3227 2093 3281 ait.
2136 3228 2219 3280 Ita
2266 3230 2510 3287 Vossius.
2564 3233 2753 3291 Manet

1715 3317 1894 3359 tamen
1924 3308 2088 3359 vallos
2114 3328 2265 3360 coecos
2278 3349 2295 3372 ‚
2330 3310 2445 3364 sine
2475 3314 2751 3368 mentione

1714 3385 1873 3451 valli,
1898 3388 2101 3460 aggeris
2131 3389 2431 3460 cujuslibet.
2457 3391 2583 3446 Non
2611 3395 2751 3448 male

1714 3478 1859 3520 certe
1879 3505 1896 3531 ‚
1940 3466 2032 3520 sed
2066 3468 2180 3520 sine
2210 3469 2527 3524 auctoritate
2558 3491 2573 3526 ε
2616 3493 2750 3546 qua·

1713 3559 1938 3618 propter
1962 3547 2102 3600 nihil
2127 3547 2467 3602 mutandum.

1802 3645 1853 3680 2.
1898 3627 2135 3700 Duasque
2178 3649 2321 3681 naves
2351 3651 2457 3683 cum
2496 3633 2747 3690 militibus.

1714 3705 1967 3778 Longum
2004 3706 2143 3760 illud
2176 3709 2603 3767 Caesarianorum
2644 3715 2750 3770 iter

1716 3784 1785 3850 ad
1811 3799 2033 3858 portum
2057 3803 2319 3844 memorat
2345 3793 2591 3848 Lucanus
2604 3833 2617 3852 ‚
2650 3815 2753 3850 nec

1717 3867 1879 3921 etiam
1910 3869 2147 3940 geminas
2180 3889 2340 3924 naves
2370 3873 2707 3930 obliviscitur
2730 3895 2749 3942 ς

1718 3945 1813 4002 sed
1840 3947 2017 4002 Caesar
2034 3951 2149 4004 sine
2174 3952 2361 4022 praelio
2390 3950 2751 4024 deprehensas

1719 4028 1924 4096 innuit,
1947 4028 2101 4084 aliter
2112 4050 2242 4084 vero
2256 4033 2445 4099 Poeta;
2458 4031 2549 4088 hic
2572 4036 2719 4089 enim
2731 4075 2749 4102 ,

1724 4121 1783 4166 ut
1811 4109 2134 4188 ait,1ib.·11,
2166 4110 2350 4166 Phars.
2375 4131 2429 4168 v.
2458 4113 2571 4184 713
2608 4133 2623 4168 :

1779 4193 1855 4234 Hie
1868 4195 2043 4248 primum
2065 4196 2201 4235 rubuit
2214 4195 2320 4236 civili
2338 4200 2530 4250 unguine
2544 4198 2710 4241 Nereus.
