3025 5025
673 442 826 559 329

989 446 1066 513 C.
1122 443 1404 513 JULII
1459 443 1920 513 CAESARIS
1976 442 2524 527 COMMENT.

667 602 814 649 mas
843 579 1142 647 civitates
1165 578 1490 672 recepisse
1520 576 1937 664 dicerentur,
1960 602 2047 645 ne
2073 576 2497 645 Antiochiam
2526 574 2789 645 adirent:

669 684 739 753 id
781 686 835 753 si
875 684 1217 771 fecissent,
1263 708 1508 814 magno
1572 710 1805 753 eorum
1860 686 2095 777 capitis
2153 682 2451 778 periculo
2496 682 2831 751 futurum·

667 792 860 865 Idem
897 792 1027 859 hoc
1058 795 1133 861 L.
1170 776 1496 860 Lentulo⁶
1499 846 1521 879 ,
1547 793 1661 885 qui
1696 789 2037 885 superiore
2080 815 2259 859 anno
2296 788 2531 859 consul
2568 790 2795 876 fuerat,

586 942 590 944 >
669 912 738 967 et
763 900 832 965 P.
861 897 1150 971 Lentulo
1177 896 1543 982 consulari,
1566 923 1645 967 ac
1668 896 2004 965 nonnullis
2029 896 2171 965 aliis
2196 896 2531 965 acciderat
2556 896 2794 964 Rhodi:

668 1028 827 1073 nam
881 1006 1284 1105 quicumque
1325 1028 1408 1073 ex
1443 1005 1605 1099 fuga
1646 1005 2040 1097 Pompeium
2095 1018 2577 1097 sequerentur,
2618 1017 2798 1095 atque

667 1112 741 1179 in
777 1098 1062 1179 insulam
1099 1113 1468 1196 venissent,
1493 1110 1747 1205 oppido
1779 1134 1859 1179 ac
1891 1124 2093 1205 portu
2136 1111 2388 1204 recepti
2414 1135 2552 1178 non
2580 1124 2797 1177 erant:

667 1206 1014 1311 missisque
1037 1217 1120 1285 ad
1153 1242 1268 1286 eos
1297 1219 1579 1305 nuntiis,
1606 1231 1683 1286 ut
1716 1242 1799 1285 ex
1824 1219 1901 1287 iis
1932 1215 2097 1287 locis
2118 1216 2563 1303 discederent,
2584 1230 2800 1285 contra

667 1322 1082 1393 voluntatem
1133 1349 1321 1392 suam
1383 1348 1513 1391 nav
1518 1350 1587 1393 es
1641 1323 2003 1392 solverunt.
2036 1326 2353 1417 Jamque
2402 1323 2487 1394 de
2545 1324 2798 1391 Caesaris

671 1412 964 1501 adventu
1009 1430 1186 1499 fama
1227 1431 1322 1499 ad·
1358 1432 1657 1499 civitates
1702 1429 2179 1524 perferebatur.

655 1626 662 1629 ξ
780 1538 968 1605 CIII.
1001 1537 1262 1626 Quibus
1287 1539 1571 1631 cognitis
1596 1536 1825 1622 rebuS,
1844 1538 2229 1629 Pompeius,
2252 1535 2558 1629 deposito
2586 1536 2803 1604 adeun-

672 1642 774 1711 dae
819 1644 1024 1735 Syriae
1061 1643 1369 1730 consilio,
1407 1646 1691 1737 pecunia
1736 1644 2067 1711 societatis
2088 1640 2107 1665 ¹
2148 1642 2408 1711 sublata
2430 1696 2450 1730 ,
2486 1656 2555 1711 et
2589 1666 2629 1709 a
2666 1644 2797 1735 qui-

671 1748 956 1817 busdam
983 1752 1259 1843 privatis
1279 1764 1573 1843 sumpta,
1592 1750 1741 1819 aeris
1764 1774 2009 1843 magno
2039 1748 2335 1842 pondere
2358 1749 2444 1816 ad
2472 1748 2797 1817 militarem

673 1880 872 1925 usum
917 1857 988 1926 in
1037 1880 1242 1927 naves
1291 1858 1635 1949 imposit0,
1680 1856 2073 1949 duobusque
2126 1854 2419 1937 millibus
2474 1856 2800 1925 hominum

673 1964 944 2032 armatis
961 2016 980 2050 ,
1029 1964 1274 2057 partim
1331 1988 1499 2056 quos
1552 1988 1633 2031 ex
1678 1962 1941 2038 familiis
1996 1963 2387 2031 societatum
2448 1961 2798 2057 delegerat,

763 2197 815 2247 6.
865 2180 925 2245 L.
971 2192 1194 2245 Lentule.
1244 2195 1324 2249 De
1375 2194 1707 2248 nobilissima

675 2286 834 2344 gente
863 2272 1112 2325 Cornelia
1131 2276 1242 2345 jam
1273 2273 1504 2327 diximus
1520 2314 1535 2339 ,
1560 2289 1613 2345 et
1638 2274 1707 2328 de

679 2353 878 2405 familia
907 2354 1278 2406 Lentulorum.
1307 2355 1502 2407 Noster
1532 2368 1707 2409 autem

678 2450 708 2484 a
739 2432 1088 2503 scriptoribus
1119 2434 1523 2504 cognominatus
1552 2435 1707 2501 Cras,

681 2513 792 2569 sive
819 2514 1086 2576 Crusillus,
1116 2515 1296 2566 Publii
1323 2515 1465 2568 filius
1485 2515 1629 2581 suit,
1656 2530 1711 2570 et

683 2592 850 2646 aedilis
879 2595 1076 2646 curulis
1106 2595 1272 2646 factus
1301 2613 1384 2648 an.
1417 2599 1561 2664 692,
1584 2616 1709 2650 cum

681 2673 748 2726 L.
767 2673 1006 2726 Domitio
1030 2675 1368 2740 AEnoharbo,
1389 2677 1482 2746 qui
1505 2677 1707 2749 magni-

682 2753 1052 2806 ficentissimos
1105 2753 1260 2806 ludos
1320 2753 1492 2807 edidit
1518 2769 1546 2821 3·
1582 2754 1709 2810 dein

680 2846 880 2907 praetor
909 2835 1146 2885 urbanus
1175 2853 1301 2886 cum
1325 2834 1514 2888 eodem
1528 2874 1545 2898 ‚
1564 2837 1709 2904 6953

681 2925 881 2985 praetor
909 2913 1224 2984 peregrinus
1257 2933 1398 2966 anno
1433 2916 1709 2986 sequenti,
1692 2935 1707 2948 ·

681 2991 896 3046 tandem
909 3011 1018 3046 cos.
1033 3013 1174 3046 anno
1195 3001 1324 3064 704,
1339 3013 1461 3046 cum
1479 2993 1707 3047 Claudio

681 3071 954 3125 Marcello.
975 3073 1148 3145 Hujus
1165 3093 1414 3128 nummos
1434 3075 1712 3144 habemus,

683 3171 915 3223 quorum
939 3171 1080 3206 unus
1099 3155 1158 3206 in
1185 3173 1282 3206 suo
1313 3156 1591 3208 consulatu
1616 3175 1710 3208 cu-

683 3252 770 3284 sus
796 3245 1003 3302 spectat
1031 3233 1100 3286 ad
1133 3235 1316 3304 fugam
1354 3235 1711 3306 Pompeiano-

683 3331 807 3364 rum
827 3313 886 3364 in
904 3313 1136 3367 Siciliam
1148 3352 1165 3378 ‚
1183 3314 1241 3364 in
1257 3332 1364 3384 qua
1381 3315 1555 3366 insula
1572 3335 1707 3368 coss.

679 3411 778 3446 suo
825 3395 1044 3446 nomine.
1097 3406 1367 3446 monetam
1415 3395 1709 3465 signarunt.

643 3527 648 3530 ,
681 3473 1142 3544 Caput.muliebre
1162 3473 1220 3524 in
1241 3472 1422 3526 medio
1442 3475 1609 3526 trium
1632 3477 1711 3528 fe„

683 3571 896 3605 morum
911 3548 932 3614 (
943 3571 1062 3623 quae
1093 3552 1261 3623 figura
1293 3554 1553 3624 triquetra
1578 3555 1711 3608 Sici-

681 3632 807 3684 liam
835 3644 1203 3704 repraeoentat3
1223 3633 1395 3686 tribus
1416 3635 1713 3688 femoribus

685 3713 790 3766 tria
818 3713 1188 3784 promontoria
1203 3751 1220 3778 ,
1253 3713 1386 3779 scil„
1425 3714 1679 3768 Pelorum
1692 3753 1711 3782 ‚

678 3793 996 3864 Pachynum
1009 3831 1025 3859 ,
1039 3793 1340 3864 Lilybaeum
1367 3792 1711 3858 notantibus)

683 3891 808 3927 cum
839 3873 1010 3926 tribus
1035 3873 1194 3944 spicis
1219 3875 1360 3926 intra
1390 3875 1593 3926 femora
1624 3873 1714 3926 ad-

675 3953 846 4024 jectis.
859 3952 926 4005 In
937 3953 1100 4026 altera
1111 3967 1282 4024 parte,
1292 3954 1435 4008 LEN
1437 3955 1505 4008 T.
1518 3954 1708 4007 COS...

683 4032 831 4097 MR„
850 4031 907 4084 id
923 4045 1027 4098 est,
1041 4034 1274 4088 Lentulo
1295 4044 1350 4086 et
1373 4035 1435 4087 C.
1453 4035 1711 4087 Marcello

681 4130 811 4166 coss,
833 4113 1050 4184 Jupiter
1065 4114 1318 4168 barbatus
1339 4126 1482 4168 stans
1503 4113 1709 4180 nudus„

1796 2192 1983 2246 dextra
1998 2204 2208 2246 extensa
2218 2193 2443 2257 fulmen,
2454 2191 2662 2244 sinistra
2672 2190 2799 2260 aqui-

1794 2277 1903 2341 lam
1922 2274 2073 2345 gerit.
2094 2275 2331 2344 lunarea,
2354 2273 2463 2327 falx
2475 2271 2799 2324 messoria.—

1794 2354 1927 2407 Nam
1952 2356 2243 2426 quicumque.
2266 2353 2392 2405 Haec
2407 2351 2725 2405 restituimus
2745 2367 2797 2400 ex

1796 2432 1955 2487 codd.
1997 2432 2245 2485 omnibus
2290 2434 2384 2504 qui
2424 2432 2671 2484 exhibent
2710 2432 2796 2499 qui·

1796 2535 2009 2588 cumque.
2034 2515 2167 2567 Nam
2186 2514 2457 2584 reperitur
2480 2513 2541 2564 in
2566 2513 2690 2564 aliis.
2706 2509 2797 2560 Ur·-

1796 2596 1901 2648 sini
1940 2596 2082 2648 solus
2114 2593 2280 2648 codex
2327 2594 2490 2646 habet
2540 2596 2623 2665 qui
2659 2607 2794 2664 quem.

1797 2676 1972 2740 Quam
2010 2674 2295 2726 lectionem
2326 2673 2557 2744 amplexi
2586 2683 2703 2724 sunt
2727 2687 2794 2721 re-

1797 2755 2091 2819 centiores,
2122 2766 2320 2806 temere
2357 2753 2513 2806 sorte.
2555 2753 2685 2804 Nam
2722 2767 2793 2820 ge·

1796 2836 2048 2887 neraliter
2064 2835 2259 2886 effatur
2275 2834 2453 2887 Caesar
2468 2852 2481 2886 τ
2499 2849 2693 2893 omnes,
2708 2831 2794 2902 qui-

1798 2935 1995 2986 cumque
2006 2935 2066 2966 ex
2078 2916 2203 2983 fuga
2210 2915 2491 2984 Pompeium
2504 2921 2791 2986 sequerentur,

1796 3007 1891 3048 etc.
1906 2995 2149 3047 —Naoes
2162 2995 2418 3046 solverunt.
2434 2991 2606 3045 Codd.
2623 2994 2792 3052 Erant,

1798 3073 1950 3127 Leid.
1989 3093 2113 3141 sec„
2130 3087 2183 3127 et
2212 3075 2417 3126 Lovan.
2435 3111 2453 3138 ,
2473 3093 2615 3127 naves
2648 3071 2795 3122 salom

1787 3155 2111 3225 jubebantur,
2148 3151 2296 3224 quod
2324 3155 2531 3224 optime
2569 3148 2797 3206 consentit

1795 3253 1925 3286 cum
1951 3235 2181 3304 lectione
2198 3229 2357 3304 supi-a
2376 3245 2689 3295 memorata;
2705 3247 2795 3280 nm

1798 3319 2097 3386 quicumque,
2120 3326 2209 3366 etc.
2238 3314 2488 3367 Ciaccon.
2510 3311 2717 3384 conjicit
2736 3327 2797 3360 co-

1794 3396 2053 3464 gebantur.
2081 3394 2265 3446 Nostri
2288 3393 2441 3446 MSS.
2464 3405 2543 3454 ut,
2572 3405 2657 3444 etc.
2680 3406 2794 3442 naves

1798 3475 2047 3526 solverent.
2078 3472 2237 3527 Unde
2266 3473 2429 3526 lectio
2451 3474 2684 3544 vulgata,
2698 3485 2793 3540 quae

1796 3568 1879 3608 est
1892 3547 2244 3626 Scaligeriana
2258 3593 2275 3620 ‚
2288 3552 2520 3606 videtur
2527 3548 2793 3606 emendatio

1799 3647 2125 3688 criticorum.

1879 3715 2009 3768 CAP.
2045 3715 2190 3767 CIII.
2228 3731 2253 3765 1
2266 3754 2278 3766 .
2308 3713 2528 3764 Pecunia
2568 3710 2789 3762 societatis.

1800 3795 2086 3846 Pecuniam
2104 3793 2343 3864 intellige
2366 3812 2531 3864 quam
2558 3787 2790 3863 publicani

1800 3894 1864 3926 ex
1878 3874 2223 3944 vectigalibus
2242 3873 2475 3944 publicis
2490 3873 2789 3941 collegerant,

1800 3959 2031 4025 quorum
2062 3953 2429 4026 potentissima
2460 3964 2576 4005 erat
2608 3949 2789 4002 societas

1798 4045 2045 4088 constans
2083 4053 2147 4086 ex
2176 4033 2448 4104 equitibus
2477 4029 2789 4106 romanis-

1800 4116 1888 4168 Ex
1902 4115 2112 4181 familiis
2132 4117 2429 4166 societatum.
2450 4114 2533 4166 Ex
2558 4109 2709 4165 servin
2724 4123 2788 4158 ⁵⁰-
