3025 5025
742 470 895 544 316
1006 475 1084 542 C.
1138 474 1427 542 JULII
1491 473 1970 542 CAESARIS
2031 473 2585 543 COMMENT.

670 631 675 636 ·
740 604 979 700 aquilae
1020 629 1283 674 novem.
1327 609 1404 674 L.
1448 606 1788 674 Domitius
1803 591 1852 693 ³,
1883 631 1966 674 ex
2011 607 2246 674 castris
2279 607 2349 673 in
2381 620 2672 674 montem
2697 607 2846 678 refu-

742 714 964 806 gienS,
1002 737 1209 806 quum
1246 713 1421 782 vires
1454 737 1611 782 eum
1650 711 2032 784 lassitudine
2069 711 2502 800 defecissent,
2539 713 2622 781 ab
2653 715 2848 808 equiti·

742 819 867 888 bus
912 834 1014 888 est
1051 819 1457 888 interfectus.

850 927 925 993 C.
956 925 1215 994 Eodem
1234 939 1538 1019 tempore
1561 928 1646 994 D.
1675 923 1948 994 Laelius¹
1971 949 2126 995 cum
2147 923 2354 994 classe
2372 924 2460 994 ad
2477 925 2854 995 Brundisium

742 1032 955 1117 venit3
972 1031 1335 1126 eademque
1356 1033 1612 1100 ratione
1624 1085 1643 1119 ,
1657 1057 1790 1126 qua
1809 1031 2060 1101 factum
2077 1056 2116 1098 a
2136 1033 2394 1104 Libone
2412 1045 2610 1100 antea
2626 1031 2853 1102 demon-

743 1141 1097 1206 stravimus
1110 1191 1129 1226 ,
1144 1136 1428 1206 insulam
1448 1138 1780 1231 objectam
1800 1139 2024 1232 portui
2043 1139 2446 1208 Brundisino
2459 1139 2684 1206 tenuit.
2701 1140 2852 1207 Simi-

740 1241 890 1312 liter
922 1243 1288 1332 Vatinius²,
1318 1246 1433 1337 qui
1471 1245 1826 1316 Brundisio
1860 1260 2145 1339 praeerat
2161 1297 2180 1332 ,
2207 1247 2398 1314 tectis
2433 1247 2854 1339 instructisque

742 1350 1007 1444 scaphis
1048 1349 1275 1420 elicuit
1308 1375 1513 1419 naves
1559 1350 1914 1435 Laelianas3
1955 1365 2160 1470 atque
2189 1377 2272 1420 ex
2302 1352 2406 1420 his
2441 1350 2700 1470 longius
2735 1377 2852 1445 pro.-

740 1455 1014 1526 ductam
1038 1481 1243 1526 unam
1272 1459 1853 1550 quinqueremem,
1871 1473 1940 1526 et
1961 1459 2252 1526 minores
2275 1458 2474 1546 duas,
2495 1460 2567 1525 in
2585 1458 2853 1551 angustiis

742 1577 977 1656 portus
1022 1565 1239 1657 cepit,
1278 1564 1570 1656 itemque
1614 1589 1736 1657 per
1777 1565 2030 1656 equites
2075 1564 2426 1658 dispositos
2461 1589 2635 1658 aqua
2665 1564 2852 1658 prohi-

740 1669 900 1736 bere
945 1667 1315 1738 classiarios
1353 1671 1652 1739 instituit.
1690 1668 1819 1739 Sed
1856 1668 2131 1755 Laelius,
2163 1685 2466 1764 tempore
2513 1672 2665 1738 anni
2707 1694 2854 1738 comn-
2921 1699 2923 1704 ·

740 1775 1041 1843 modiore
1084 1801 1244 1844 usus
1287 1776 1373 1843 ad
1410 1775 1894 1869 navigandum,
1922 1773 2240 1845 onerariis
2275 1777 2564 1847 navibus
2609 1779 2854 1871 Corcyra

742 1881 1297 1977 Dyrrhachioque
1332 1906 1574 1974 aquam
1613 1884 1745 1952 suis
1775 1885 2246 2002 supportabat,
2265 1909 2484 1977 neque
2503 1909 2546 1952 a
2563 1885 2853 1979 proposito
2921 1913 2923 1916 ⁴

742 1987 1244 2075 deterrebatur,
1300 2012 1517 2081 neque
1584 2003 1738 2056 ante
1792 1988 2093 2084 praelium
2149 1992 2218 2058 in
2253 1988 2598 2058 Thessalia
2650 1991 2852 2059 factum
2921 2027 2923 2066 3

744 2080 1147 2187 cognitun1³‚
1180 2109 1295 2162 aut
1338 2095 1699 2187 ignominia
1743 2097 2020 2164 amissai
2022 2121 2134 2164 um
2175 2098 2484 2184 navium,
2518 2111 2635 2165 aut
2665 2120 2852 2164 neces·-
2921 2099 2923 2102 ⁴

741 2201 1064 2268 sariarum
1103 2225 1327 2268 rerum
1367 2201 1624 2294 inopia,
1653 2227 1735 2268 ex
1763 2216 1963 2294 portu
2001 2200 2347 2296 insulaque
2385 2201 2630 2297 expelli
2664 2204 2852 2297 potuit.

827 2403 879 2454 3.
906 2403 965 2454 L.
982 2403 1245 2454 Domitius.
1277 2405 1357 2454 De
1385 2403 1627 2455 Domitio
1656 2405 1772 2457 Cae-

740 2477 869 2535 saris
895 2482 1048 2535 hoste
1068 2482 1426 2535 infensissimo
1451 2479 1564 2537 vid.
1590 2482 1686 2535 lib.
1719 2500 1775 2548 1,

740 2581 856 2633 cap.
896 2582 981 2615 20.

822 2642 951 2695 Cu».
974 2644 1037 2695 C.
1066 2661 1114 2695 1.
1135 2644 1207 2695 D.
1229 2642 1428 2696 Loelius.
1448 2644 1596 2696 Gens
1614 2622 1776 2694 Laelia

743 2723 975 2793 plebeia,
995 2721 1086 2774 sed
1110 2723 1430 2775 consularis:
1446 2742 1562 2775 eam
1591 2742 1620 2773 a
1643 2740 1776 2774 voce

742 2805 865 2861 λεῖος
880 2839 896 2865 .,
912 2799 969 2852 id
988 2814 1065 2853 est
1076 2840 1091 2867 ,
1105 2802 1299 2871 glaber,
1318 2822 1515 2855 nomen
1531 2801 1778 2873 desump-

661 2908 667 2913 ·
744 2880 870 2933 sisse
902 2893 1197 2935 autumant.
1220 2882 1333 2953 Ipsi
1364 2900 1660 2953 cognomen
1680 2880 1778 2933 du-

742 2961 895 3031 plex,
910 2960 1100 3023 balbus,
1121 2963 1357 3032 alinguae
1376 2963 1538 3028 viti03
1555 2964 1770 3032 sapiens,

744 3058 775 3091 a
820 3038 1106 3111 prudentia
1151 3054 1205 3094 et
1256 3042 1564 3095 virtutibus.
1601 3041 1774 3112 Hujus

743 3120 957 3173 familiae
993 3121 1199 3192 primus
1227 3122 1465 3175 innotuit
1499 3122 1559 3175 C.
1595 3121 1776 3171 Loelius

744 3213 1009 3272 quaestor,
1040 3220 1125 3253 an.
1158 3201 1267 3265 548
1292 3220 1307 3266 ;
1336 3202 1459 3254 trib.
1492 3202 1658 3273 pleb.,
1685 3218 1770 3251 an.

748 3280 861 3334 553
876 3299 893 3346 ς
910 3281 1103 3345 aedilis,
1128 3281 1239 3335 556
1258 3299 1274 3346 ;
1293 3294 1491 3351 praetor
1512 3282 1746 3334 urbanus
1763 3319 1778 3346 ‚

750 3360 895 3430 5573
920 3374 973 3413 et
1004 3360 1155 3413 Cos.
1184 3380 1307 3412 cum
1339 3362 1400 3413 P.
1428 3362 1644 3414 Cornel.
1669 3358 1778 3410 Sci-

744 3441 939 3511 pione,
976 3440 1122 3505 563;
1162 3439 1483 3505 PROCOS.,
1530 3460 1614 3492 an.
1665 3456 1773 3509 seq.

744 3521 910 3573 Filius
932 3523 1045 3591 ejus
1057 3521 1147 3589 ,·C.
1168 3520 1361 3572 Laelius
1376 3558 1392 3585 ,
1412 3520 1471 3571 in
1498 3520 1776 3572 tribunatu

743 3620 840 3653 suo
863 3596 1039 3663 (anno
1066 3598 1238 3665 602),
1258 3618 1556 3671 cognomen
1588 3604 1776 3670 sapiens

742 3681 981 3733 obtinuit
997 3719 1014 3746 ,
1034 3694 1095 3733 ut
1114 3693 1260 3751 patet
1286 3700 1351 3732 ex
1378 3681 1491 3751 ejus
1514 3697 1739 3731 nummo
1757 3717 1774 3744 ,

742 3761 815 3813 ob
850 3762 1162 3831 sapientiam
1200 3774 1253 3814 et
1296 3758 1640 3831 prudentiam
1671 3761 1775 3830 qua

740 3840 951 3893 locutus
970 3853 1049 3894 est
1072 3839 1140 3893 de
1169 3840 1285 3911 lege
1309 3840 1546 3911 Agraria.
1575 3839 1776 3893 Consul

742 3921 848 3973 suit
874 3938 997 3973 cum
1028 3920 1097 3985 Q.
1124 3920 1350 3974 Servilio
1378 3920 1664 3991 Caepione,
1685 3938 1771 3973 an.

649 4022 655 4031 ·
745 4003 814 4052 61
829 4000 879 4053 3.
919 3998 1185 4053 Caeterum
1222 4013 1404 4053 orator
1432 4012 1487 4053 et
1514 4012 1674 4071 poeta
1702 4000 1771 4052 il·

739 4079 950 4143 lustris,
974 4092 1028 4133 et
1046 4079 1287 4150 Sci-pioni
1301 4081 1592 4133 AEmiliano
1613 4080 1768 4133 fami-

741 4158 913 4225 liaris,
934 4178 1030 4230 qui
1014 4160 1113 4211 ob
1132 4158 1190 4213 id
1212 4178 1243 4212 a
1266 4160 1566 4214 Cicerone
1548 4180 1608 4213 111
1629 4179 1767 4236 prae·

1862 2883 2063 2936 habent
2102 2884 2396 2945 Brundisio,
2433 2899 2498 2938 ut
2541 2886 2700 2952 infin,
2733 2886 2858 2937 108:

1871 2962 2076 3016 Tabuloe
2100 2982 2192 3033 per
2218 2964 2404 3035 legatos
2437 2968 2542 3037 ejus
2573 2967 2736 3018 Romoe
2756 2972 2864 3015 emat

1863 3043 2032 3096 allatoe
2048 3063 2070 3104 ;
2087 3041 2212 3095 vide
2237 3045 2273 3096 l.
2302 3064 2381 3109 11,
2407 3063 2454 3097 c.
2491 3064 2514 3097 1
2531 3064 2598 3115 9,
2619 3057 2728 3098 not.
2751 3056 2860 3095 1.·-

1863 3121 1960 3175 Ad
1979 3122 2311 3177 Brundisium.
2347 3124 2603 3177 Ciaccon.
2647 3121 2864 3196 praeposi·

1863 3202 2065 3255 tionem
2096 3202 2269 3257 delet:
2294 3223 2612 3275 perperam3
2633 3224 2751 3257 nam
2771 3219 2864 3273 pas·

1812 3319 1824 3333 .
1865 3282 1966 3333 sim
1984 3282 2160 3335 Caesar
2173 3285 2245 3334 ad
2255 3284 2562 3344 Messanam,
2583 3284 2656 3336 ad
2674 3284 2863 3340 Oricum,

1863 3373 1918 3413 et
1937 3362 2037 3414 alia
2055 3350 2248 3417 similia
2265 3362 2511 3434 prodidit
2524 3404 2540 3433 ,
2558 3378 2622 3417 ut
2643 3382 2791 3435 supra
2804 3360 2864 3413 vi·

1863 3439 1990 3493 dere
2021 3442 2098 3494 fas
2127 3455 2221 3495 est.

1950 3541 1977 3573 2
1988 3562 2001 3573 .
2025 3522 2273 3575 Vatinius.
2301 3524 2382 3575 De
2401 3542 2467 3575 eo
2482 3541 2705 3595 quoque
2721 3536 2867 3591 supra,

1861 3618 1978 3673 cap.
2019 3620 2042 3654 1
2055 3620 2108 3670 9.
2128 3635 2210 3645 —
2231 3604 2392 3653 Tectis
2423 3607 2760 3675 insti-'uotisque
2781 3618 2866 3650 sca-

1855 3681 1985 3750 phis.
2007 3682 2234 3753 Vulgata
2249 3720 2266 3747 ,
2283 3686 2622 3755 instratisque,
2641 3680 2784 3754 quasi
2793 3696 2869 3731 na·

1860 3778 1952 3813 ‘ves
1992 3773 2143 3814 tectae
2187 3774 2360 3815 essent
2402 3762 2554 3832 ligno
2594 3775 2651 3815 et
2679 3765 2870 3813 inunum

1862 3840 2107 3910 pellibus».
2137 3842 2263 3895 Non
2293 3843 2430 3895 male
2456 3855 2636 3907 certe,
2665 3838 2754 3893 sed
2779 3838 2868 3891 sine

1863 3922 2205 3991 auctoritate3
2237 3940 2363 3973 nam
2395 3937 2582 3975 omnes
2615 3918 2770 3974 codd.
2792 3918 2866 3969 ha-

1860 4001 1992 4053 bent
2014 4004 2370 4074 'instructi-sque.

1945 4082 1995 4134 3.
2021 4081 2298 4151 Cognitum.
2325 4082 2449 4134 Vox
2475 4084 2722 4152 cognitum
2745 4077 2868 4132 abest

1857 4179 1888 4212 a
1921 4160 2192 4217 nonnullis
2233 4160 2526 4217 codicibus.

1865 2405 2190 2457 stantissimo
2233 2404 2302 2466 de
2343 2406 2600 2460 Amicitia
2642 2417 2854 2468 nactam,
2921 2413 2923 2438 ³

1865 2497 2016 2536 actor
2041 2504 2166 2539 cum
2191 2485 2330 2557 Scip.
2351 2485 2544 2540 induci
2568 2487 2770 2540 meritus
2784 2497 2853 2537 est.

1864 2564 2049 2617 Nostri
2089 2578 2273 2619 autem
2305 2567 2372 2619 D.
2410 2567 2569 2620 Laelii
2600 2562 2741 2619 Balbi
2765 2564 2856 2617 nul·
2921 2576 2923 2625 Ξ

1862 2643 1978 2695 111111
2018 2656 2162 2697 eittat
2191 2659 2626 2699 monumentum.
2657 2648 2856 2711 Quaestor
2921 2666 2923 2707 ᾗ

1863 2724 2039 2777 fuerat
2070 2742 2154 2777 an.
2203 2729 2316 2793 696
2341 2764 2358 2791 ‚
2385 2739 2440 2779 et
2473 2728 2602 2781 trib.
2634 2727 2725 2797 pl.,
2753 2728 2856 2792 699.

1863 2804 2050 2855 -Ad
2067 2805 2397 2858 Brundisium.
2439 2805 2621 2861 Codd.
2649 2802 2857 2877 permulti
2920 2800 2923 2815 ³
