3025 5025
678 391 816 510 m:
868 442 1216 515 BELLo
1273 443 1645 512 clvlm.
1701 447 1889 519 Lm.
1946 451 2053 520 11.
2307 455 2452 529 163

249 567 722 664 ,pellarentun
757 603 792 637 »
830 575 950 642 His
980 598 1194 670 pauca
1229 574 1317 644 ad
1350 600 1538 671 spem
1568 575 1928 672 largitionis
1957 579 2209 654 addidit
2222 571 2272 674 ³,
2304 613 2453 684 quae

287 676 380 751 ab
427 702 552 746 sua
583 678 1010 770 liberalitate,
1047 682 1101 752 si
1139 705 1210 750 se
1249 695 1449 778 atque
1486 684 1746 754 Attium
1796 691 2004 757 secuti
2045 664 2457 782 essent,'ex‚-

285 799 596 878 spectare
625 785 965 858 deberent.
2394 779 2403 791 ²

398 894 662 962 XXIX.
697 896 842 965 Hac
870 893 1098 964 habita
1126 891 1430 964 oratione
1447 949 1466 983 ,
1495 895 1748 968 nullam
1778 899 1844 967 in
1874 917 2135 996 partem
2163 888 2247 974 {b
2274 932 2454 983 exer·

237 1041 246 1048 -
285 998 432 1066 citu
477 1001 790 1069 Curionis
813 1000 891 1070 fit
919 999 1312 1095 significatio
1333 1054 1353 1087 ,
1385 1016 1585 1098 atque
1620 1005 1711 1073 ita
1740 1029 1891 1076 suas
1925 1022 2203 1104 uterque
2228 1017 2451 1110 copias

287 1104 593 1176 reducit:
625 1120 826 1200 atque
853 1109 924 1180 in
953 1108 1187 1182 castris
1226 1109 1543 1178 Curionis
1581 1135 1865 1207 magnus
1900 1118 2201 1196 omnium
2238 1121 2448 1200 inces-

284 1213 374 1280 -sit
397 1211 417 1236 ¹
459 1215 702 1301 timor;
748 1237 904 1282 nam
946 1216 1000 1283 is
1039 1215 1240 1282 variis
1283 1212 1633 1286 hominum
1678 1221 2096 1291 sermonibus
2145 1223 2449 1302 celeriter

283 1334 592 1414 augetur.
635 1321 1113 1419 Unusquisque
1154 1321 1332 1389 enim
1375 1323 1723 1417 opiniones
1765 1324 2096 1422 fingebat,
2129 1345 2196 1400 et
2238 1333 2322 1401 ad
2350 1335 2445 1426 id,

283 1426 474 1519 quod
512 1427 601 1496 ab
643 1427 775 1498 alio
817 1427 1156 1514 audierat,
1199 1427 1301 1496 sui
1343 1425 1593 1524 aliquid
1636 1432 1891 1505 timoris
1939 1433 2243 1512 addebat.
2298 1413 2447 1513 Hoc

287 1531 402 1602 ubi
451 1559 593 1602 uno
629 1549 904 1604 auctore
939 1533 1024 1603 ad
1053 1531 1278 1629 plures
1316 1553 1861 1628 permanaverat,
1900 1554 2103 1636 atque
2138 1543 2303 1615 alius
2338 1548 2447 1618 alii

285 1639 740 1710 transdiderat
762 1639 808 1731 ²,
835 1638 1060 1736 plures
1085 1654 1390 1709 auctores
1419 1641 1560 1734 ejus
1585 1645 1679 1712 rei
1716 1644 2131 1719 videbantur.
2168 1680 2201 1715 c<
2233 1653 2446 1725 Civile

283 1733 579 1818 bellum³
608 1775 623 1815 :
659 1772 870 1842 genus
899 1748 1286 1835 hominum,
1315 1748 1495 1842 quod
1530 1748 1758 1822 liceret
1778 1806 1797 1840 ,
1834 1751 2039 1826 libere
2076 1756 2340 1848 facere3
2377 1777 2445 1833 et

283 1982 412 2034 liam.
455 1981 551 2034 Nil
581 1978 916 2034 mutandum.
952 1977 1037 2030 Sic
1065 1995 1224 2048 supra
1261 1977 1320 2030 B.
1409 1978 1478 2032 R.
1518 1976 1835 2050 5768),1·llis
1855 1981 1945 2034 alii
1969 1983 2299 2040 tradiderant:
2315 1989 2442 2044 For.

279 2061 348 2114 G.
381 2063 480 2116 lib.
509 2079 650 2126 v111,
677 2079 792 2130 cap.
837 2077 904 2130 17
922 2096 938 2123 ,
965 2057 1317 2110 consuetudine.

362 2144 419 2196 3.
455 2141 694 2195 Addidit.
733 2139 840 2192 Alii
885 2137 1042 2190 addit.
1090 2136 1321 2191 Mutatio

283 2235 594 2296 temporum
617 2221 869 2294 frequens
895 2219 951 2270 in
978 2230 1163 2270 nostro
1178 2257 1194 2283 ‚
1210 2218 1317 2288 jam

279 2303 612 2356 monuimus.
633 2301 750 2354 Hoc
775 2301 894 2352 loeo
922 2295 1163 2370 coarguit
1197 2297 1321 2350 Tur·

267 2386 359 2454 pin
392 2383 460 2436 de
495 2381 661 2436 Cri-sse‘
689 2380 945 2452 colloquii
975 2376 1319 2432 consuetudi-

279 2481 406 2517 nem
433 2463 578 2517 inter
610 2461 886 2533 utriusque
919 2457 1180 2513 exercitus
1215 2457 1315 2511 mi-

275 2542 434 2609 lites,
459 2544 758 2616 praesertim
787 2542 845 2595 in
885 2540 1028 2596 bello
1051 2538 1214 2591 civili.
1247 2541 1318 2607 At

273 2623 404 2679 lieet
421 2623 720 2677 Curionem
744 2617 1184 2693 pessumdederit,
1204 2637 1314 2672 non

277 2704 509 2759 omnino
532 2715 710 2757 tamen
734 2697 1086 2773 vituperanda
1112 2710 1189 2753 est
1216 2698 1316 2752 hu·

269 2781 517 2853 jusmodi
545 2778 892 2837 consuetudo.
922 2780 1020 2832 His
1051 2778 1192 2831 enim
1228 2798 1311 2831 ar·

267 2866 424 2919 tibus
455 2865 522 2917 L.
550 2859 694 2935 Sylla
723 2860 994 2915 Marianos
1023 2856 1308 2926 exercitus,

271 2944 346 2999 Μ.
381 2944 654 2997 Antonius
691 2938 885 3015 Lepidi
926 2939 1118 2993 milites
1147 2950 1199 2991 et
1225 2937 1308 3011 ip-

271 3044 398 3079 sum
442 3022 638 3078 ducem
671 3022 728 3075 in
759 3040 877 3075 suas
911 3030 1090 3092 partes
1129 3018 1302 3073 traxit.

266 3106 388 3173 Qui
419 3117 599 3157 autem
623 3103 748 3155 talia
775 3113 970 3167 tentat,
989 3094 1057 3151 de
1087 3117 1305 3151 suorum

269 3184 384 3239 fide
416 3184 772 3238 certissimum
801 3200 912 3235 esse
939 3197 1152 3233 necesse
1178 3192 1270 3232 est.

353 3265 492 3318 Cu».
511 3262 716 3318 XXIX.
745 3280 768 3315 x
781 3302 794 3315 .
814 3262 1028 3315 Incessit.
1051 3258 1306 3311 Absolute

265 3346 479 3401 dicitur
503 3361 518 3397 ε
535 3342 836 3417 penetravit
851 3381 866 3409 ,
883 3341 1116 3415 pervasit
1134 3352 1304 3393 castra

265 3444 502 3498 maguus
516 3424 762 3479 omnium
787 3422 975 3487 timor-3
993 3421 1093 3473 nisi
1121 3420 1305 3473 arrise-

265 3508 344 3561 rit
369 3504 558 3559 Vossii
580 3506 905 3575 conjectura,
931 3502 1025 3573 qui
1043 3502 1303 3573 scriptum

262 3587 406 3641 olim
423 3584 588 3639 fuisse
611 3582 866 3638 «sedebat
895 3599 909 3634 t
943 3585 1130 3637 incessit
1163 3584 1306 3633 timor

257 3669 464 3719 am'mis.
485 3665 540 3719 Is
559 3668 795 3720 varim..
814 3664 896 3717 Ex
915 3665 1088 3716 animis
1104 3662 1302 3714 factum

265 3744 472 3801 deinde
493 3748 634 3799 nimis
647 3784 664 3807 ,
691 3756 750 3797 et
776 3753 958 3815 postea
984 3762 1095 3795 nam
1123 3746 1194 3803 is;
1221 3760 1300 3793 se-

264 3826 511 3891 cundum
546 3843 680 3879 vero
707 3828 750 3876 is
778 3818 853 3885 (is
881 3820 1094 3886 variis),
1133 3821 1301 3893 negli-

261 3908 445 3977 gentia
470 3904 682 3959 librarii
703 3903 955 3957 omissum
974 3940 992 3967 ,
1010 3912 1072 3955 ut
1087 3919 1224 3975 sepe
1243 3901 1301 3955 in

271 3987 482 4059 syllabis
513 3984 760 4057 repetitis
782 3980 989 4040 accidit.

251 4119 256 4127 ,
357 4088 411 4122 2.
431 4068 585 4123 Alius
611 4066 707 4117 alia·
731 4063 1070 4118 transdiderat.
1098 4061 1182 4114 Ita
1205 4081 1303 4133 op-

267 4144 584 4213 ximicodd„
597 4158 654 4203 et
665 4158 850 4213 noster
869 4144 898 4197 5
907 4148 1014 4213 764
1032 4141 1146 4195 :alii
1161 4136 1300 4205 (cod.

1411 2078 1502 2112 san
1526 2059 1737 2134 scripsit
1768 2074 1951 2115 auctor
1974 2081 1989 2117 τ
2022 2063 2147 2116 alius
2175 2067 2265 2118 alii
2292 2069 2440 2121 tradi-

1409 2139 1600 2193 derant.

1492 2221 1545 2274 3.
1592 2220 1745 2273 Civile
1784 2220 1974 2274 bellum.
2008 2221 2109 2276 Hic
2140 2225 2289 2278 locus
2317 2247 2433 2281 om-

1405 2299 1558 2352 nium
1593 2299 1732 2354 forte
1768 2300 1912 2372 apud
1938 2301 1989 2353 J.
2025 2303 2284 2358 Caesarem
2313 2325 2434 2361 cor-

1403 2381 1763 2451 ruptissimus,
1775 2399 1934 2452 quem
1948 2381 2138 2434 frustra
2150 2385 2433 2442 emendare

1404 2469 1744 2514 tentaverunt
1804 2459 2138 2533 interpretes.
2196 2464 2429 2539 Nequic-

1402 2558 1563 2611 quam
1581 2559 1709 2593 vero
1722 2551 1775 2593 et
1794 2540 2064 2606 Vossium,
2086 2555 2137 2594 et
2154 2546 2428 2603 Davisium

1401 2632 1456 2673 et
1469 2620 1789 2673 Oberlinum
1806 2618 1896 2672 hic
1915 2622 2243 2691 afferremus,
2256 2644 2283 2677 e
2303 2628 2425 2698 qui-

1398 2700 1498 2753 bus
1544 2719 1739 2773 nempe
1786 2700 1967 2753 nullus
2008 2701 2203 2755 clarior
2242 2724 2425 2761 sensus

1397 2780 1645 2834 extricari
1673 2788 1875 2853 potest,
1894 2780 1997 2833 nisi
2026 2800 2240 2836 omnem
2264 2786 2422 2857 plane

1395 2871 1600 2913 textum
1621 2860 1927 2914 mutaveris.
1949 2860 2223 2935 Namque,
2246 2877 2307 2917 ut
2330 2885 2423 2939 op·

1394 2938 1525 2993 time
1550 2940 1755 2993 notavit
1779 2940 2052 3007 Davisius,
2078 2942 2135 2994 in
2155 2943 2285 2997 locis
2309 2960 2419 3001 tam

1391 3018 1691 3088 mendosis,
1722 3020 1997 3086 latissima,
2031 3034 2092 3075 ut
2130 3026 2417 3095 conjicien-

1391 3097 1450 3151 di
1467 3138 1481 3167 ,
1500 3100 1574 3153 ita
1592 3114 1645 3154 et
1667 3100 1951 3153 aberrandi
1972 3114 2119 3171 patet
2142 3123 2292 3172 area;
2313 3126 2414 3163 nos

1387 3192 1567 3233 autem
1587 3198 1705 3252 quae
1730 3180 2113 3235 verisimillima
2134 3183 2412 3255 videntur,

1387 3260 1571 3331 paucis
1592 3280 1986 3333 proponemus»,
2016 3275 2069 3314 et
2092 3262 2286 3318 deinde
2305 3268 2416 3321 Ita-

1387 3340 1566 3394 lorum
1579 3340 1951 3413 interpretum,
1964 3342 2163 3395 Urticae
2176 3358 2229 3397 et
2240 3347 2415 3399 Albri-

1385 3421 1470 3487 tii,
1488 3440 1718 3487 sensum,
1733 3420 1891 3473 unius
1908 3422 2102 3488 verbis,
2116 3443 2237 3476 nam
2254 3427 2409 3480 ambo

1385 3499 1532 3556 idem
1556 3504 2020 3573 conjectaverant,
2039 3499 2299 3557 dabimus,
2326 3507 2410 3559 Ita

1387 3580 1581 3654 legitur
1593 3579 1651 3633 in
1666 3593 1849 3633 nostro
1864 3580 1983 3633 cod.
1994 3582 2022 3635 5
2032 3586 2103 3651 76
2112 3586 2165 3648 8,
2180 3585 2273 3653 qui
2284 3585 2411 3639 licet

1382 3680 1420 3713 a
1441 3659 1672 3716 secunda
1699 3678 1861 3712 manu
1882 3661 2125 3725 miserius
2153 3662 2409 3718 laceratus

1387 3742 1456 3795 sit
1474 3779 1491 3806 ,
1522 3741 1671 3812 signa
1693 3751 1871 3792 tamen
1896 3740 2138 3811 genuina
2168 3743 2410 3797 lectionis

1387 3819 1661 3873 interdum
1680 3820 1874 3873 offerre
1890 3818 2104 3873 videtur
2120 3841 2133 3875 τ
2155 3822 2303 3875 Civili
2318 3826 2410 3877 bel«

1393 3900 1441 3953 lo
1474 3896 1495 3962 (
1517 3900 1573 3953 in
1600 3902 1665 3953 al.
1698 3900 1849 3953 Civile
1873 3900 2043 3951 bellum
2060 3940 2077 3967 ,
2096 3901 2241 3954 idem
2271 3902 2414 3971 est),

1389 3998 1541 4051 genus
1555 3980 1792 4032 hominum
1801 3974 2085 4045 (homines)
2094 3982 2226 4055 quod
2239 3984 2413 4047 liceret,

1394 4060 1539 4112 libere
1555 4062 1745 4129 facere,
1764 4072 1814 4111 et
1840 4064 1973 4133 sequi
1996 4060 2127 4133 quod
2148 4064 2324 4118 vellet:
2339 4060 2417 4127 (id

1386 4142 1633 4197 absolute
1682 4138 1919 4207 dictum,
1962 4154 2015 4195 et
2057 4140 2125 4197 de
2168 4146 2419 4203 omnibus

1916 4222 2049 4295 11²
