3025 5025
550 507 599 589 4
823 504 902 571 C.
957 503 1264 571 JULII
1319 496 1821 571 CAESARIS
1876 502 2463 574 COMMENT.

459 633 466 643 '
551 636 808 713 rionem
861 634 1002 727 ejus
1059 632 1334 704 coloniae
1387 636 1621 701 Romae
1684 632 2174 729 deprehensum
2195 688 2215 723 ,
2268 636 2470 730 virgis
2528 636 2692 705 caedi

543 742 858 837 jusserat,
881 755 948 809 et
977 739 1276 834 querelas
1305 765 1455 810 suas
1483 742 1733 809 Caesari
1767 753 1845 808 ut
1874 754 2270 835 exponeret,
2306 740 2687 811 dimiserat:

548 845 682 943 qua
705 848 1067 943 ignominia
1093 845 1314 916 nullus
1345 846 1566 915 adhuc
1597 840 1762 916 civis
1793 840 2107 916 romanus
2139 841 2357 916 fuerat
2387 847 2687 918 affectus

549 956 719 1044 Quae
763 954 924 1023 dum
952 955 1042 1022 ita
1074 952 1275 1041 fiunt,
1305 956 1492 1022 venit
1532 953 1617 1022 ad
1661 956 1993 1023 Caesarem
2037 956 2107 1022 in
2151 956 2568 1050 provinciam
2609 957 2687 1025 C.

547 1063 754 1131 Curio
779 1061 1099 1157 ‚tribunus
1129 1059 1373 1155 plebis,
1403 1057 1518 1155 qui
1550 1058 1837 1128 multum
1863 1085 1989 1155 pro
2012 1054 2361 1155 'republica
2390 1075 2459 1129 et
2489 1084 2689 1131 causa

501 1209 504 1211 v
549 1169 831 1238 Caesaris
875 1168 1106 1237 enixus
1125 1218 1144 1251 ‚
1189 1167 1458 1235 tandem
1501 1167 1619 1235 ubi
1661 1165 1911 1237 frustra
1953 1169 2180 1235 omnia
2218 1169 2461 1235 tentari
2497 1166 2689 1236 intel-

546 1270 739 1363 lexit,
779 1290 962 1343 metu
1005 1274 1540 1342 adversariorum
1575 1272 1996 1367 profugiens,
2030 1268 2115 1341 de
2157 1274 2467 1342 omnibus
2485 1328 2505 1361 ,
2542 1296 2691 1368 quae

544 1396 695 1451 acta
733 1395 986 1470 essent,
1005 1395 1074 1449 et
1094 1381 1432 1475 quomodo
1460 1380 1839 1478 opprimere
1868 1404 2021 1449 eum
2050 1380 2298 1448 inimici
2324 1380 2686 1475 agitarent,

543 1488 829 1557 edocuit.
871 1491 1097 1558 Caesar
1137 1489 1362 1556 virum
1397 1485 1877 1581 amplissimum
1896 1538 1915 1575 ,
1953 1487 2334 1581 optimeque
2377 1485 2460 1554 de
2497 1512 2567 1555 se
2606 1512 2687 1557 ac

542 1593 625 1663 de
680 1592 1022 1689 republica
1078 1596 1390 1663 meritum
1444 1595 1725 1663 comiter
1781 1594 2044 1687 excepit
2088 1618 2105 1659 τ
2150 1606 2218 1660 et
2264 1594 2507 1687 gratias
2558 1618 2686 1689 pro

493 1758 500 1763 .
543 1703 818 1770 summis
875 1701 1016 1794 ejus
1060 1702 1129 1769 in
1189 1726 1258 1770 se
1318 1700 1654 1771 beneficiis
1716 1700 1868 1793 egit.
1919 1701 2009 1767 At
2066 1700 2313 1788 Curio,
2356 1701 2513 1794 quia
2544 1700 2688 1794 jam

541 1832 680 1876 non
721 1807 1006 1877 obscure
1037 1808 1139 1875 vis
1181 1808 1250 1875 in
1282 1809 1615 1877 Caesarem
1644 1820 2025 1901 pararetur,
2060 1806 2264 1876 suasit
2295 1807 2390 1895 ei,
2433 1820 2510 1874 ut
2550 1832 2685 1875 om-

540 1938 697 1982 nem
733 1915 1098 1983 exercitum
1137 1938 1338 2008 quam
1378 1914 1767 1982 maturrime
1804 1912 2264 2000 contraheret,
2300 1927 2368 1981 et
2408 1938 2683 2009 oppres-

540 2043 681 2089 sam
734 2044 1105 2115 paucorum
1151 2020 1428 2089 audacia
1469 2017 1954 2115 rempublicam
1994 2018 2381 2089 vindicaret.
2423 2021 2683 2125 Caesar,

539 2128 844 2219 quamvis
872 2150 950 2193 ea
985 2127 1208 2193 omnia
1236 2128 1328 2193 ita
1359 2151 1500 2195 esse
1526 2125 1710 2193 haud
1745 2126 2131 2219 ignorabat,
2160 2126 2417 2194 censuit
2443 2139 2683 2201 *tamen

538 2231 949 2327 Reipublicae
1006 2232 1310 2325 inprimis
1361 2230 1741 2300 habendam
1798 2256 1939 2301 esse
1988 2232 2351 2316 rationem3
2395 2256 2481 2301 ne
2534 2235 2681 2327 quis

535 2361 876 2407 armorum
921 2361 1187 2407 causam
1229 2363 1384 2406 eum
1424 2362 1568 2407 esse
1600 2337 1949 2433 judicaret.
1995 2340 2230 2432 Itaque
2264 2362 2389 2434 per
2432 2340 2680 2411 amicos

533 2444 602 2512 id
641 2443 856 2514 solum
911 2444 1256 2515 contendit
1277 2498 1296 2534 ,
1345 2458 1424 2514 ut
1457 2443 1605 2514 duae
1661 2444 1786 2514 sibi
1851 2443 2142 2541 legiones
2166 2498 2186 2535 ,
2226 2460 2294 2514 et
2334 2447 2679 2542 provincia

539 2550 760 2620 Gallia
785 2551 1160 2646 „Cisalpina
1193 2606 1212 2640 ,
1269 2567 1466 2645 atque
1531 2549 1873 2646 Illyricum
1942 2551 2443 2647 relinqueretur.
2507 2555 2677 2644 Quae

536 2659 766 2760 omnia
793 2659 879 2725 ab
897 2657 1010 2726 illo
1035 2672 1220 2745 acta,
1245 2673 1322 2726 ut
1347 2659 1399 2727 si
1425 2651 1598 2726 forte
1624 2658 2083 2728 conditionum
2106 2662 2415 2754 aequitate
2436 2662 2678 2732 adduci

535 2777 810 2858 possent
839 2763 1239 2851 adversarii,
1261 2767 1331 2832 in
1359 2765 1496 2832 otio
1526 2763 1903 2859 respublica
1928 2764 2119 2835 foret.
2150 2769 2270 2834 His
2294 2767 2677 2861 postulatiS‚

537 2893 623 2953 ne
663 2873 803 2965 ipse
839 2869 1108 2964 quidem
1143 2871 1499 2966 Pompeius
1538 2871 1859 2966 refragari
1905 2895 2103 2941 ausus
2140 2887 2256 2941 est.
2290 2872 2423 2941 Sed
2464 2897 2673 2966 quum

532 2975 702 3045 nihil
740 3001 781 3045 a
815 2975 1198 3047 consulibus
1237 2979 1624 3072 impetraret
1660 2980 1918 3066 Caesar,
1953 2975 2201 3046 litteras
2244 2977 2330 3045 ad
2370 2993 2673 3048 senatum

533 3083 912 3177 perscribit,
950 3084 1222 3178 quibus,
1245 3083 1539 3174 breviter
1564 3086 1765 3179 gestis
1792 3085 1925 3152 suis
1953 3097 2021 3150 et
2046 3085 2293 3152 meritis
2315 3085 2384 3152 in
2406 3109 2672 3180 rempu-

534 3188 778 3258 blicam
821 3192 1187 3285 percursiS,
1222 3191 1492 3280 orabat,
1532 3216 1618 3258 ne
1652 3188 1885 3286 populi
1930 3190 2055 3257 sibi
2097 3189 2497 3261 beneficium
2536 3194 2671 3262 eri-

534 3296 760 3390 piatur
776 3350 795 3384 ,
849 3299 964 3390 qui
1015 3297 1303 3367 absentis
1355 3299 1679 3366 rationem
1733 3296 1966 3364 haberi
2015 3298 2333 3391 proximis
2391 3300 2673 3369 comitiis

526 3401 827 3494 jussisset
863 3430 878 3472 ε
925 3429 1063 3472 non
1105 3428 1412 3473 recusare
1454 3428 1525 3472 sc
1543 3457 1563 3492 ,
1604 3405 1659 3471 si
1699 3403 1793 3470 ita
1834 3405 2093 3471 senatui
2132 3403 2515 3500 populoque
2556 3432 2672 3475 ro-

531 3509 731 3577 mano
773 3508 1079 3578 videatur
1098 3563 1118 3599 ,
1153 3512 1517 3578 exercitum
1553 3509 1913 3596 dimittere,
1953 3509 2155 3579 modo
2196 3510 2372 3581 idem
2404 3536 2443 3580 a
2475 3516 2673 3582 Pom-

531 3617 684 3708 peio
740 3615 874 3684 fiat.
931 3616 1060 3685 Illo
1108 3617 1462 3710 imperium
1511 3630 1578 3684 et
1620 3616 1945 3684 exercitus
2003 3618 2365 3707 retinente,
2418 3619 2671 3688 nullam

529 3746 801 3791 causam
846 3747 1020 3810 esse,
1061 3746 1184 3790 cur
1217 3722 1641 3789 inimicorum
1686 3746 1755 3790 se
1797 3722 2053 3815 injuriis
2092 3723 2233 3819 ipse
2278 3740 2671 3821 exponeret,

527 3841 598 3919 et
657 3829 936 3898 militem
982 3828 1358 3896 dimitteret.
1412 3830 1551 3896 Has
1610 3827 1861 3898 litteras
1912 3831 2188 3900 Curioni
2241 3831 2668 3927 perferendas

528 3935 733 4003 tradit
770 3962 785 4004 :
825 3936 941 4030 qui
1006 3932 1378 4004 incredibili
1435 3933 1770 4005 celeritate
1840 3935 2045 4006 millia
2101 3963 2417 4033 passuum
2478 3939 2667 4009 CLX

523 4065 863 4128 emensuS‚
898 4039 1102 4109 tridui
1139 4041 1352 4137 spatio
1391 4041 1478 4111 ad
1511 4043 1749 4112 urbem
1785 4047 2005 4132 venit,
2040 4059 2397 4139 antequam
2434 4044 2661 4115 kalen·

519 4145 621 4216 dae
641 4150 681 4218 J
683 4148 969 4217 anuariae
997 4146 1449 4238 advenissent,
1471 4165 1590 4220 aut
1615 4145 1939 4223 Consules
1968 4150 2053 4220 de
2075 4152 2353 4226 Caesaris
2377 4153 2658 4248 imperio
