3025 5025
561 541 659 613 86
877 539 1296 614 C.-JULII
1353 541 1827 612 CAESARIS
1882 541 2437 612 COMMENT.

557 669 818 762 tabant,
843 690 958 745 aut
979 675 1198 770 aliquo
1223 689 1501 770 accepto
1528 675 1929 744 detrimento
1949 725 1969 762 ‚
1996 661 2112 742 aut
2138 671 2376 768 procul
2408 670 2711 765 equitatu

554 784 734 870 vise,
763 807 843 851 ex
878 783 1096 853 medio
1131 773 1365 853 itinere
1406 783 1717 878 projectis
1757 781 2031 882 sarcinis
2067 779 2426 876 fugiebant.
2456 781 2713 848 Postre—

555 897 670 959 mo
713 893 912 960 etiam
955 890 1178 985 plures
1220 892 1659 960 intermittere
1707 889 1843 959 dies
1860 944 1880 979 ‚
1914 901 2017 976 et,
2059 886 2301 982 praeter
2351 899 2707 955 consuetu-

557 995 778 1066 dinem
829 1000 1126 1067 omnium
1147 1053 1166 1087 ‚
1211 1013 1418 1068 noctu
1459 999 1940 1067 constituerant
1984 993 2304 1090 pabulari.

665 1106 808 1172 LX.
849 1107 1126 1173 Interim
1159 1107 1487 1176 Oscenses
1515 1119 1585 1173 et
1620 1103 2147 1198 Calagurritani,
2176 1101 2289 1196 qui
2324 1113 2517 1169 erant
2550 1121 2707 1168 cum

555 1212 962 1290 Oscensibus
1007 1212 1368 1280 contributi
1389 1211 1442 1298 ¹,
1484 1213 1759 1280 mittunt
1796 1211 1882 1280 ad
1910 1235 2065 1278 eum
2098 1210 2351 1304 legatos
2369 1260 2390 1297 ,
2434 1229 2709 1300 seseque

557 1318 882 1411 imperata
925 1319 1217 1388 facturos
1259 1316 1674 1414 pollicentur.
1719 1321 1861 1386 Hos
1904 1320 2469 1401 Tarraconenses,
2510 1328 2583 1383 et
2610 1317 2713 1383 Ja-

557 1421 847 1511 cetani²‚
883 1439 952 1494 et
985 1427 1345 1514 Ausetani,
1385 1440 1452 1494 et
1489 1427 1721 1521 paucis
1752 1440 1906 1538 post
1947 1423 2179 1492 diebus
2213 1421 2713 1516 Illurgavonen-

557 1553 660 1598 ses
676 1515 723 1618 ³‚
761 1533 872 1624 qui
913 1532 1163 1601 flumen
1203 1533 1474 1601 Iberum
1511 1533 1879 1627 attingunt,
1912 1533 2368 1624 insequuntur.
2414 1529 2589 1596 Petit
2623 1527 2711 1596 ab

555 1635 659 1704 his
707 1638 1053 1726 omnibus,
1094 1653 1170 1708 ut
1217 1663 1286 1708 se
1325 1640 1661 1708 frumento
1697 1639 1952 1731 juvent.
2003 1634 2441 1721 pollicentur,
2478 1648 2709 1728 atque,

558 1744 866 1814 omnibus
893 1745 1185 1840 undique
1212 1747 1595 1840 conquisitis
1614 1746 1964 1839 jumentis,
1992 1746 2062 1814 in
2089 1757 2305 1813 castra
2331 1737 2705 1835 deportant.

557 1846 824 1917 Transit
863 1853 1061 1919 etiam
1101 1853 1341 1922 cohors
1382 1851 1945 1948 Illurgavonensis
1972 1851 2058 1920 ad
2087 1876 2239 1920 eum
2266 1904 2285 1936 ‚
2328 1849 2599 1943 cognito
2628 1849 2711 1918 ci-

552 1955 775 2023 vitatis
809 1956 1123 2045 consilio,
1164 1972 1234 2026 et
1275 1960 1464 2053 signa
1500 1984 1583 2028 ex
1626 1961 1906 2028 statione
1949 1958 2283 2027 transfert.
2321 1957 2576 2049 Magna
2598 1979 2708 2024 ce·

555 2057 780 2128 leriter
817 2067 1250 2132 commutatio
1290 2090 1515 2134 rerum
1530 2052 1575 2132 4.
1621 2064 1925 2134 Perfecto
1970 2079 2173 2159 ponte
2192 2117 2212 2151 ,
2256 2063 2513 2156 magnis
2534 2064 2605 2132 V
2626 2063 2711 2132 ci-

555 2167 868 2236 vitatibus
899 2170 984 2238 ad
1013 2173 1369 2260 amicitiam
1409 2171 1512 2265 adj
1523 2172 1769 2258 unctiS,
1804 2171 2109 2267 expedita
2134 2195 2207 2238 re
2235 2168 2709 2257 frumentaria,

552 2275 894 2343 exstinctis
927 2278 1303 2347 rumoribus
1333 2278 1418 2348 de
1447 2277 1703 2347 auxiliis
1733 2277 2105 2373 legionum,
2143 2299 2289 2370 quae
2320 2300 2475 2344 cum
2508 2279 2707 2345 Pom-

551 2381 704 2472 peio
732 2405 869 2474 per
916 2384 1386 2453 Mauritaniam
1431 2387 1659 2453 venire
1703 2382 2095 2454 dicebantur
2115 2437 2134 2472 ,
2176 2381 2401 2450 multae
2444 2379 2707 2478 longin-

552 2487 815 2579 quiores
847 2489 1145 2559 civitates
1175 2492 1260 2560 ab
1289 2491 1567 2561 Afranio
1610 2490 2025 2579 desciscunt,
2056 2503 2123 2557 et
2165 2489 2441 2559 Caesaris
2476 2490 2707 2559 amici·

550 2594 711 2663 tiam
749 2610 1134 2689 sequuntur.
1776 2614 1781 2621 “

659 2702 838 2769 LXI.
881 2704 1142 2791 Quibus
1181 2704 1379 2775 rebus
1419 2706 1787 2800 perterritis
1844 2704 2081 2773 animis
2128 2703 2667 2773 adversariorum
2686 2757 2707 2792 ‚

552 2808 812 2891 Caesar,
851 2830 936 2875 ne
973 2828 1234 2905 semper
1267 2836 1513 2905 magno
1544 2813 1827 2881 circuitu
1864 2835 1985 2907 per
2020 2824 2295 2904 pontem
2318 2809 2336 2833 ¹
2370 2811 2705 2904 equitatus

633 2996 763 3049 Car.
788 2996 904 3051 LX.
932 3016 981 3050 1.
1013 2998 1134 3051 Cum
1157 3000 1445 3053 Oscensibus
1465 3020 1581 3053 con-

553 3076 736 3130 tributi.
760 3076 1070 3131 Ciacconius
1087 3079 1223 3135 illud
1240 3097 1344 3133 cum
1361 3078 1584 3153 putabat

550 3154 858 3209 delendum.
885 3159 1133 3211 Arbitror
1159 3160 1381 3215 retineri
1399 3180 1581 3233 posse,

548 3248 635 3303 ut,
655 3256 760 3288 cum
783 3237 1068 3291 Oscensibus
1081 3241 1351 3304 contributi,
1373 3240 1584 3295 dicatur

549 3332 612 3369 ea
628 3317 860 3380 ratione,
883 3338 986 3391 qua
1014 3318 1269 3385 dicimus,
1295 3340 1401 3372 cum
1418 3322 1583 3393 aliquo

550 3400 845 3468 conjunctm.
859 3400 999 3452 Usus
1014 3400 1220 3453 Plinius
1233 3399 1418 3453 eadem
1430 3418 1583 3469 voce¹

547 3476 642 3529 lib.
673 3496 772 3543 111,
800 3496 845 3531 c.
875 3479 905 3532 3
924 3518 941 3545 ‚
962 3492 1146 3550 proeter
1163 3484 1376 3533 civitates
1399 3484 1580 3532 contri-

551 3557 692 3609 butas
719 3559 865 3611 alica:
895 3572 955 3611 ut
987 3560 1214 3613 arbitrer
1240 3559 1375 3613 illud
1399 3562 1581 3613 contr?-

549 3636 688 3690 ὅπως
712 3658 848 3705 esse,
877 3638 1022 3711 quod
1051 3656 1210 3710 supra
1232 3640 1424 3711 saepius
1445 3639 1583 3695 dixit

549 3718 725 3771 Caesar
743 3720 1000 3773 attributas
1014 3740 1032 3773 :
1047 3721 1126 3773 uti
1139 3738 1308 3791 quum
1327 3722 1419 3786 ait,
1431 3720 1579 3773 Sues·

547 3800 701 3849 sionei·
719 3801 912 3852 Rhamis
931 3801 1186 3852 attributos
1207 3820 1328 3864 esse,
1344 3801 1450 3853 hoc
1473 3812 1577 3867 est,

547 3876 604 3928 in
647 3896 831 3931 eorum
871 3879 1076 3935 ditione
1113 3881 1331 3955 positos.
1373 3880 1580 3934 Plinius

546 3955 735 4009 eodem
756 3959 896 4010 libro
918 3973 971 4012 et
991 3980 1104 4031 cap.
1119 4002 1134 4027 ‚
1148 3960 1351 4033 inquit:
1371 3961 1579 4015 Colonia

547 4041 765 4089 immanis
793 4038 944 4101 ΙΙΙίσί,
979 4042 1101 4092 unde
1128 4041 1399 4093 [Ilicitanus
1423 4045 1577 4095 sinus.

547 4118 608 4168 In
619 4136 724 4169 eam
731 4120 1095 4172 contribuuntur
1104 4121 1353 4175 Icositani.
1365 4122 1429 4173 D.
1442 4123 1575 4175 Vos.

631 4216 682 4251 2.
711 4199 950 4253 Jacetani.
985 4197 1158 4253 Codd.
1191 4199 1445 4272 permulti
1473 4198 1576 4251 La·

1670 3005 1843 3055 cetani.
1878 3002 2039 3053 Recte
2065 3000 2313 3053 Iacetani
2333 3017 2354 3055 τ’
2380 3000 2671 3066 Ptolemaeo
2686 3041 2704 3067 ,

1668 3073 1985 3143 Ῐακκετσινοὶ,
2013 3082 2079 3133 les
2107 3081 2350 3133 habia-ants
2373 3081 2433 3133 de
2464 3082 2608 3135 Java.

1753 3162 1805 3215 3.
1858 3162 2287 3230 Illurgavonenses.
2341 3160 2519 3214 Plinio
2570 3160 2704 3215 dicti

1669 3240 1947 3311 Ilergaones
2000 3241 2298 3294 habitantes
2352 3242 2503 3313 juxta
2566 3242 2702 3294 ostia

1668 3320 1813 3375 Baeti
1842 3320 1991 3373 flum.
2016 3315 2040 3381 (
2064 3319 2159 3373 lib.
2203 3338 2305 3385 111,
2355 3323 2386 3375 3
2416 3317 2457 3384 ).
2488 3320 2701 3375 Horum

1666 3402 1822 3465 urbs,
1851 3398 2143 3454 secundum
2172 3400 2448 3455 D'Anoille
2470 3396 2699 3471 (θὼρ.

1667 3500 1801 3544 ane„
1832 3494 1937 3545 ιι,
1967 3498 2024 3551 p.
2048 3477 2179 3545 28)‚
2208 3480 2437 3533 Dertosa.
2462 3479 2599 3535 Cod.
2631 3482 2697 3533 R.

1672 3562 1823 3631 5768
1846 3572 1899 3615 et
1917 3560 2032 3625 alii,
2054 3560 2243 3613 vitiose
2259 3578 2273 3613 ε
2288 3562 2697 3629 Largavonenses.

1667 3642 1749 3694 Dc
1778 3641 1861 3693 his
1896 3653 1951 3693 et
1980 3640 2180 3694 caeteris
2208 3640 2540 3703 nominihus,
2580 3640 2693 3693 vid.

1664 3719 1787 3775 Iud.
1816 3730 1993 3793 geogr.

1749 3808 1803 3865 4.
1832 3800 2025 3869 Magna
2049 3800 2261 3852 celeriter
2287 3802 2593 3852 commutatio
2620 3820 2697 3851 re-

1664 3898 1789 3934 rum.
1810 3880 2041 3951 Vulgata
2060 3898 2238 3950 magna
2262 3880 2475 3932 celeriter·
2480 3880 2556 3950 fit
2573 3898 2694 3933 com.

1664 3980 1757 4015 nr.
1773 3982 1795 4024 ,·
1820 3959 1912 4013 sed
1939 3960 2229 4031 elegantius
2253 3960 2323 4013 in·
2339 3972 2474 4032 optt.
2505 3958 2694 4024 codd„

1664 4052 1718 4093 et
1734 4042 1804 4093 'in
1832 4040 2029 4093 nostris
2043 4078 2060 4105 ‚
2091 4039 2239 4093 deest
2275 4056 2381 4093 vox
2405 4039 2500 4109 fit,
2543 4040 2697 4111 quasi

1662 4138 1761 4191 per
1777 4118 2182 4177 admirationem
2194 4120 2403 4172 locutus
2417 4120 2483 4173 sit
2500 4120 2693 4173 Caesar.

1744 4200 1873 4253 Cn.
1903 4198 2047 4253 LXI.
2089 4200 2137 4252 ι’.
2171 4199 2250 4254 Ne
2284 4218 2460 4269 magno
2491 4202 2692 4253 circuitu
