3025 5025
516 433 649 502 DE
704 430 1054 498 BELLo
1110 403 1476 498 civim.
1537 431 1725 498 LIB.
1784 432 1939 498 111.
2174 432 2321 529 273

238 563 349 634 silio
380 562 757 658 quibusdam
792 561 877 630 de
914 562 1160 647 causiS‚
1186 563 1413 630 Caesar
1448 560 1673 654 paullo
1705 560 1878 630 ultra
1911 587 2066 632 eum
2106 561 2328 636 locum

236 686 411 749 castra
434 666 806 739 transtulit:
839 668 1202 762 paucisque
1232 667 1622 736 intermissis
1663 668 1894 737 diebus
1923 669 2066 740 haec
2093 672 2324 742 eadem

233 779 535 872 Pompeius
572 788 1053 868 occupaverat,
1082 773 1377 866 et‚quod
1403 799 1483 843 eo
1514 772 1664 845 loco
1695 773 1920 868 plures
1949 793 2092 845 erat
2123 776 2326 874 legio-

230 908 321 952 nes
351 884 681 952 habiturus
699 935 719 968 ‚
754 878 989 950 relicto
1035 881 1346 948 interiore
1386 879 1564 948 vallo
1584 935 1604 968 ‚
1631 882 1953 974 majorem
1997 884 2330 978 adjecerat

229 991 636 1059 munitionem.
668 990 775 1054 Ita
799 987 1059 1056 minora
1089 1001 1335 1072 castra,
1360 986 1616 1056 inclusa
1641 988 2040 1080 majoribuS‚
2078 993 2329 1061 castelli

227 1111 387 1190 atque
426 1098 594 1165 arcis
630 1094 854 1163 locum
897 1092 1303 1161 obtinebant.
1346 1095 1518 1162 Item
1549 1095 1636 1162 ab
1672 1093 1917 1188 angulo
1955 1111 2328 1168 castrorum

226 1204 447 1272 sinistro
490 1203 929 1270 munitionem
970 1199 1059 1268 ad
1094 1199 1343 1267 flumen
1378 1200 1789 1293 perduxerat
1812 1254 1831 1287 ‚
1869 1203 2132 1270 circiter
2172 1229 2330 1298 pas-

227 1333 311 1377 sus
346 1313 499 1395 CD,
529 1333 665 1402 quo
704 1306 971 1376 liberius
1002 1329 1082 1374 ac
1112 1307 1250 1373 sine
1286 1305 1582 1400 periculo
1620 1305 1860 1400 milites
1903 1325 2327 1403 aquarentur.

225 1415 325 1483 Sed
362 1417 411 1483 is
457 1438 723 1510 quoque
743 1466 764 1500 ‚
808 1427 1067 1482 mutato
1122 1410 1395 1482 consilio
1451 1413 1850 1506 quibusdam
1913 1414 1998 1482 de
2060 1419 2272 1485 causis
2312 1472 2332 1505 ‚

224 1547 353 1615 quas
388 1521 895 1591 commemorari
936 1544 1203 1588 necesse
1247 1544 1385 1587 non
1424 1534 1527 1588 est
1546 1573 1566 1606 ,
1609 1545 1690 1589 eo
1733 1519 1884 1590 loco
1941 1539 2327 1592 excesserat.

222 1630 303 1696 Ita
342 1627 711 1723 complures
740 1626 879 1694 dies
911 1641 1295 1708 manserant
1336 1641 1595 1696 castra:
1629 1629 2030 1708 munitiones
2065 1629 2332 1722 quidem

224 1735 455 1830 integrae
496 1758 733 1803 omnes
774 1747 981 1801 erant.

306 1845 575 1912 LXVII.
634 1843 735 1909 Eo
780 1841 967 1933 signo
1006 1837 1281 1932 legionis
1318 1837 1503 1907 illato
1521 1837 1567 1926 ¹,
1603 1839 2050 1934 speculatores
2085 1845 2332 1912 Caesari

216 1951 667 2044 ¹renuntiarunt.
708 1949 857 2014 Hoc
892 1945 1067 2014 idem
1098 1947 1315 2014 visum
1342 1971 1423 2014 ex
1450 1947 1902 2040 superioribus
1937 1950 2333 2043 quibusdam

222 2054 463 2124 castellis
501 2053 1086 2122 confirmaverant.
1126 2056 1194 2121 Is
1235 2049 1421 2122 locus
1464 2052 1695 2121 aberat
1726 2076 1772 2121 a
1801 2057 1991 2124 novis
2034 2059 2335 2151 Pompeii

221 2162 413 2229 castris
461 2161 727 2232 circiter
768 2182 998 2255 passus
1034 2161 1120 2227 D.
1168 2163 1369 2230 Hanc·
1411 2157 1738 2252 legionem
1797 2185 2068 2254 sperans
2115 2165 2338 2232 Caesar

220 2289 273 2333 se
303 2270 675 2363 opprimere
738 2290 933 2360 posse
958 2319 977 2354 ‚
1035 2279 1102 2332 et
1142 2267 1415 2360 cupiens
1482 2266 1624 2358 ejus
1677 2265 1806 2334 diei
1863 2267 2337 2342 detrimentum

219 2377 429 2444 sarcire
458 2428 479 2460 ‚
529 2372 792 2466 reliquit
841 2374 909 2438 in
964 2396 1165 2466 opere
1218 2370 1528 2441 cohortes
1583 2370 1786 2459 duas,
1845 2399 1992 2467 quae
2049 2377 2336 2470 speciem

217 2483 573 2552 munitionis
610 2479 985 2575 praeberent
1025 2505 1039 2546 ε
1088 2480 1229 2573 ipse
1265 2477 1533 2548 diverso
1569 2479 1834 2563 itinere,
1880 2505 2081 2573 quam
2119 2484 2339 2576 potuit

217 2588 663 2674 occultissime,
690 2586 974 2681 reliquas
1018 2586 1359 2672 cohorteS‚
1392 2610 1672 2654 numero
1708 2588 2018 2654 XXXIII
2037 2641 2055 2674 ,
2092 2589 2160 2654 in
2193 2590 2336 2682 qui·

214 2691 317 2763 bus
356 2688 500 2764 erat
543 2694 713 2789 legio
752 2718 961 2779 nona,
1000 2690 1225 2762 multis
1262 2692 1513 2760 amissis
1559 2693 2094 2780 centurionibuS,
2125 2694 2336 2762 demi-

214 2816 487 2899 nutoque
517 2800 800 2869 militum
830 2824 1109 2868 numero
1132 2853 1151 2886 ,
1178 2799 1261 2868 ad
1298 2798 1629 2893 legionem
1657 2800 1952 2893 Pompeii
1990 2814 2336 2895 castraque

213 2908 445 2977 minora
472 2906 721 3001 duplici
742 2908 880 2975 acie
904 2906 1106 2975 duxit.
1124 2908 1359 2999 Neque
1382 2931 1535 2973 eum
1563 2906 1778 3000 prima
1809 2906 2037 2999 opinio
2069 2905 2332 2976 fefellit:

212 3037 344 3083 nain
379 3030 446 3083 et
485 3015 790 3110 pervenit
834 3015 1053 3107 prius,
1098 3036 1298 3105 quam
1363 3012 1719 3105 Pompeius
1765 3014 2005 3080 sentire
2062 3030 2330 3107 posset;

109 3124 111 3131 '
211 3134 266 3187 et
314 3122 575 3190 tametsi
628 3134 819 3187 erant
869 3120 1270 3187 munitiones
1324 3132 1697 3189 castrorum
1759 3144 2018 3215 magnae
2056 3173 2076 3206 ‚
2111 3135 2339 3190 tamen
2425 3132 2434 3140 '

212 3227 457 3297 sinistro
492 3252 748 3309 cornu,
790 3226 905 3294 ubi
956 3239 1099 3293 erat
1154 3224 1293 3320 ipse
1318 3279 1337 3307 ‚
1377 3223 1683 3293 celeriter
1724 3248 2070 3319 aggressus
2131 3229 2337 3297 Pom-

210 3335 464 3424 peianos
500 3358 583 3403 ex
618 3331 791 3401 vallo
824 3332 1221 3401 deturbavit.
1262 3334 1429 3400 Erat
1461 3331 1762 3426 objectus
1795 3334 2006 3427 portis
2041 3332 2335 3403 ericius'.

276 3546 403 3600 Cir.
430 3545 665 3598 LXVII.
691 3562 740 3596 1.
766 3544 849 3595 Eo
862 3546 1001 3613 signo
1020 3542 1223 3612 legionis
1308 3553 1363 3595 et
1378 3540 1630 3607 dicimus,
1654 3543 1866 3596 chevaux
1882 3542 2085 3608 dest-alce.
2102 3543 2172 3593 At
2193 3561 2338 3595 nunc

212 3625 353 3689 illato,
371 3640 475 3679 etc.
494 3626 593 3686 Eo,
612 3624 721 3677 scil.
738 3663 754 3690 ,
776 3624 833 3675 in
846 3635 1024 3677 vetera
1033 3634 1217 3675 castra.
1308 3640 1538 3693 superne
1567 3634 1774 3675 tantum
1805 3622 1971 3674 aculei
2009 3622 2336 3691 infiguntur-3

280 3726 328 3761 2.
358 3708 493 3759 Erat
514 3706 723 3774 objectus
742 3706 899 3773 portis
919 3706 1105 3754 ericius.
1129 3702 1225 3754 Est
1308 3700 1452 3773 apud
1473 3715 1676 3755 veteres
1705 3720 1768 3754 ex
1789 3702 2038 3775 omnibus
2066 3702 2337 3755 lateribus,

209 3786 337 3838 trabs
351 3825 365 3852 ‚
385 3786 475 3838 cui
492 3785 669 3837 infixae
684 3795 808 3836 sunt
820 3783 999 3853 pinnae
1022 3782 1232 3856 ferrem?
1310 3776 1332 3843 (
1368 3782 1633 3834 Coeterum
1669 3779 1968 3834 notandum
2011 3794 2088 3834 est
2103 3819 2119 3845 ‚
2171 3802 2341 3853 quum

210 3876 255 3915 et
291 3884 427 3939 saepe
472 3864 759 3930 versatilis3
791 3863 866 3915 ita
907 3875 1126 3915 vocatur
1157 3861 1223 3912 ab
1312 3860 1565 3931 quasdam
1600 3861 1814 3913 bellicas
1845 3861 2112 3915 machinas
2144 3860 2342 3915 descri-

209 3945 437 4011 animali‚
466 3946 552 3998 cui
574 3943 761 3997 similis
783 3955 859 3996 est
880 3942 989 3995 suis
1011 3941 1221 3993 aculeis.
1309 3940 1486 3993 bimus
1502 3979 1517 4005 ,
1550 3958 1642 3992 seu
1679 3952 1974 3997 castrorum
2018 3942 2344 3996 munitiones

206 4021 369 4077 Hodie
406 4044 622 4096 quoque
664 4024 869 4075 utimur
906 4020 973 4074 ad
1012 4033 1223 4092 portas,
1310 4018 1601 4073 hodiernas
1620 4058 1636 4085 ,
1676 4039 1773 4073 nos
1818 4020 1966 4090 loqui
1982 4058 1998 4084 ‚
2039 4022 2226 4093 saepius
2275 4020 2342 4077 de

206 4105 283 4158 vel
299 4104 476 4159 aditus
488 4104 825 4161 castellorum
841 4098 1221 4169 obstruenda,
1312 4098 1396 4155 his
1407 4100 1604 4171 quibus
1613 4096 1830 4173 triginta
1843 4100 2134 4173 autviginti
2149 4102 2346 4157 abhinc

302 4206 405 4275 II.
1884 4199 1970 4269 18
