3025 5025
50 608 71 783 ε--π

43 839 56 892 ⁸—-

59 826 72 899 -ι-π-

43 2640 68 2775 Καὶ·
43 2458 70 2525 Μ’
43 2143 72 2413 Ἑκᾮι-Ἇ
43 2036 72 2088 ’ΐὲ-
43 1603 73 1978 Ἇῒῑὶ“ἳ”“

1019 480 1754 549 HISPANIE'NSI.
2314 477 2469 551 565

313 624 522 706 quum
583 610 1181 702 animadverteret,
1224 613 1276 681 si
1327 612 1651 743 oppidum
1707 635 1946 707 capere
2002 614 2469 702 contenderet,

314 732 396 787 ut
431 718 738 787 homines
773 718 1014 813 perditi
1059 703 1553 806 incenderent&
1600 733 1669 788 et
1708 720 1955 789 moenia
2002 718 2333 808 delerent,
2376 724 2469 791 ita

321 823 600 894 consilio
646 824 876 915 habitp
915 839 1156 909 noctu,
1191 827 1444 921 patitur
1486 826 1843 895 Lusitanos
1888 828 2305 920 eruptionem
2360 826 2467 897 fa-

319 955 520 999 cere:
567 930 636 999 id
669 930 851 1025 quod
881 922 1186 1001 consulto
1231 958 1368 1001 non
1397 932 1863 1001 existimabant
1896 931 2058 1001 fieri.
2098 936 2205 1001 Ita
2246 958 2467 1003 erum·

217 1100 223 1107 .
318 1024 606 1131 pendo⁴,
635 1062 872 1125 naveS,
909 1064 1058 1133 quae
1089 1039 1174 1108 ad
1201 1040 1430 1109 Baetim
1461 1038 1713 1107 flumen
1748 1040 2053 1125 fuissent,
2082 1040 2481 1111 incendunt..

318 1145 556 1213 Nostri
611 1143 773 1213 dum
835 1144 1142 1215 incendio
1193 1145 1625 1232 detinentur,
1670 1143 1763 1213 illi
1807 1145 2227 1239 profugiunt,
2282 1162 2351 1216 et
2384 1149 2471 1217 ab

321 1250 654 1344 equitibus
684 1250 1148 1335 conciduntur.
1182 1253 1340 1341 Quo
1359 1251 1537 1320 facto
1558 1304 1577 1338 ,
1608 1250 1858 1347 oppido
1894 1267 2327 1347 recuperem,
2350 1257 2470 1325 As-

319 1371 462 1429 tam
497 1358 625 1426 iter
651 1356 871 1425 facere
899 1358 1137 1452 coepit,
1170 1384 1253 1427 ex
1279 1382 1412 1453 qua
1437 1358 1702 1427 civitate
1726 1356 1925 1451 legati
1954 1359 2039 1427 ad
2066 1358 2469 1431 deditionem

319 1476 685 1552 venerunt,
709 1462 1247 1559 Mundensesque
1264 1516 1284 1551 ,
1310 1465 1533 1558 quiex
1568 1462 1797 1558 praelio
1835 1465 1903 1531 in
1940 1466 2265 1566 oppidum
2302 1492 2471 1536 con-

319 1568 636 1663 fugerant
666 1622 686 1657 ,
742 1595 950 1664 quum
1009 1571 1256 1640 diutius
1321 1570 1957 1641 circumsiderentur
1983 1624 2004 1658 ,
2052 1567 2221 1641 berie
2282 1574 2474 1644 multi

321 1675 727 1754 deditionem
755 1675 1054 1766 faciunt,
1070 1692 1139 1746 et
1157 1702 1364 1772 quum
1401 1691 1624 1746 essent
1646 1678 1715 1746 in
1748 1676 2075 1772 legionem
2104 1678 2471 1769 distributi,

321 1782 681 1876 conjurant
714 1785 889 1852 inter
929 1810 1034 1872 se,
1087 1798 1163 1853 ut
1217 1798 1422 1853 noctu
1468 1784 1659 1877 signo
1708 1783 1900 1872 dato,
1951 1786 2066 1878 qui
2117 1786 2187 1853 in
2224 1788 2473 1882 oppido

321 1889 634 1977 fisissent,
664 1891 1086 1985 eruptionem
1120 1890 1457 1959 facerent:
1486 1888 1583 1958 illi
1618 1890 1867 1959 caedem
1897 1892 1967 1959 in
2004 1895 2239 1961 castris
2262 1894 2493 1963 admi--

319 1997 698 2065 nistrarent.
744 1998 890 2066 Hac
921 2022 993 2065 re
1030 1998 1332 2092 cog-nita,
1355 1998 1727 2090 insequenti
1762 2011 1959 2066 nocte
1995 1998 2220 2093 vigilia
2249 2002 2474 2089 tertia,

322 2116 570 2171 tessera
599 2101 785 2191 data,
829 2118 1016 2172 extra
1052 2102 1302 2172 vallum
1343 2114 1575 2173 omnes
1605 2118 1762 2172 sunt
1802 2106 2067 2174 concisi.

431 2210 794 2279 XXXVII.
854 2212 1269 2280 Carteienses
1315 2208 1577 2297 duces¹,
1637 2210 1799 2278 dum
1855 2213 2080 2281 Caesar
2122 2214 2191 2279 in
2240 2214 2475 2283 itinere

320 2312 576 2410 reliqua
629 2316 874 2412 oppida
933 2330 1281 2412 oppugnat
1309 2368 1329 2403 ,
1374 2330 1650 2410 propter
1692 2318 2085 2409 Pompeium
2128 2317 2475 2389 dissentire

326 2436 692 2518 coeperunt.
745 2424 908 2491 Pars
961 2436 1136 2509 erat,
1171 2447 1318 2517 quae
1360 2420 1613 2516 legatos
1654 2421 1739 2489 ad
1783 2424 2115 2492 Caesarem
2164 2426 2474 2512 miserat3

323 2553 485 2624 pars
509 2583 530 2617 ,
558 2527 707 2624 qui²
742 2531 1300 2625 Pompeianarum
1337 2529 1629 2623 partium
1676 2528 1969 2621 fautores
2006 2545 2242 2599 essent.
2280 2533 2477 2602 Sodi-2

323 2637 510 2706 tione
539 2639 899 2722 concitata,
930 2650 1160 2732 portas
1182 2650 1550 2733 occupant:
1582 2635 1796 2706 caedes
1822 2634 1901 2704 fit
1922 2660 2165 2731 magna
2184 2663 2198 2706 :
2216 2639 2483 2714 saucius

325 2863 607 2904 narratum
637 2861 732 2904 est.
751 2850 1036 2904 Monuerat
1057 2851 1163 2904 hoc
1189 2850 1350 2904 etiam
1453 2851 1560 2903 hoc
1590 2849 1753 2902 modo
1774 2868 1788 2902 ε
1818 2868 1976 2909 omnes
2000 2862 2114 2902 sunt
2134 2854 2312 2902 σοιισίεἰ
2332 2852 2479 2904 Mun-

329 2930 594 2984 Cellarius
615 2943 736 3002 post
749 2929 1084 2984 Goduinum.
1099 2931 1176 2984 Μ.
1195 2931 1362 2984 Glan-

331 3008 492 3082 dorp.
541 3010 786 3080 Hispalim
803 3030 1128 3081 propugnare.

420 3091 474 3144 3.
519 3089 591 3142 Ut
617 3091 826 3142 homines
849 3091 990 3162 perd.
1035 3091 1220 3144 incend.
1246 3091 1366 3144 Hoc

334 3181 418 3224 est
448 3171 692 3223 futurum
723 3188 862 3237 esse,
887 3183 948 3224 ut
971 3169 1223 3225 homines
1241 3190 1365 3242 per-

247 3254 250 3256 ’
335 3248 442 3304 diti
451 3249 816 3304 incenderent.
833 3251 909 3306 M.
920 3251 1178 3305 Patitur...
1178 3251 1365 3320 facere.

335 3330 447 3384 Dio
481 3331 624 3383 Cass.
648 3369 665 3396 ,
712 3348 883 3396 1L111,
915 3331 1024 3402 39:
1063 3323 1364 3402 Ᾰμελέςερον

330 3405 676 3482 προσεδρεύων
701 3412 724 3462 ὁ
745 3411 944 3482 Καῖσαρ
961 3450 977 3476 ,
996 3407 1182 3464 nawa
1204 3412 1365 3482 σφίσιν

336 3493 404 3552 ὥς
437 3489 522 3542 καὶ
557 3485 814 3560 διαφυγεῖν
854 3485 1201 3562 δυνησομένοις
1235 3511 1367 3562 παρ-

339 3572 475 3638 έσχε·
501 3571 599 3640 κᾴκ
628 3571 804 3622 τούτου
824 3577 1056 3642 περιορῶν
1080 3566 1148 3628 δὴ
1176 3573 1286 3632 τοὺς
1314 3573 1368 3624 ἐκ.

335 3655 427 3702 τοῦ
451 3649 640 3717 τείχους
677 3649 920 3716 ἐξιόντας,
947 3651 1152 3711 ἐκείνους
1187 3651 1367 3717 ἐλόχιζι

342 3729 428 3783 καὶ
453 3729 696 3782 ἀπώλλυε.
725 3730 804 3782 Μ.

427 3815 482 3873 4.
475 3809 831 3905 Erumpendo.
849 3809 934 3862 Sic
951 3806 1103 3864 Leid.
1125 3827 1174 3861 ι.
1189 3809 1368 3880 Vulgo

337 3878 501 3942 male
482 3890 828 3960 irrumpendo.

425 3967 556 4022 Cu».
611 3969 900 4023 XXXVII.
963 3989 1010 4022 1.
1071 3967 1371 4021 Carteienses

344 4047 504 4100 duces.
523 4047 701 4101 Olim·
683 4069 742 4102 ιιι
756 4047 878 4103 edd.
901 4061 1014 4102 erat
1039 4048 1144 4101 hoc
1173 4065 1370 4100 nexum

341 4145 469 4181 cum
495 4129 768 4200 superiore
790 4130 994 4202 capite,
1021 4142 1075 4183 et
1097 4129 1372 4199 legebatur

1457 2929 1623 2982 denses
1641 2930 1800 2981 duces.
1825 2929 1996 2982 Coesar
2017 2932 2067 2980 ἱπ
2087 2933 2309 2984 itinere...
2333 2951 2482 3002 oppu-

1449 3023 1597 3081 gnat,
1631 3029 1739 3082 quoe
1764 3029 1845 3080 pr.
1870 3010 1935 3062 P.
1966 3009 2019 3061 d.
2050 3030 2167 3080 coep.
2194 3009 2299 3062 Sed
2322 3011 2481 3064 Davi-

1451 3090 1593 3144 sium
1634 3087 1804 3142 codex
1832 3089 2049 3143 Norvic.
2083 3089 2391 3156 admonuit,
2418 3104 2480 3144 ut

1451 3166 1580 3222 inde
1634 3166 1815 3221 ederet
1852 3187 1865 3220 ε
1899 3189 2056 3222 omnes
2114 3183 2231 3220 sunt
2284 3175 2475 3228 concisi.

1457 3248 1779 3309 Carteienses,
1802 3249 1913 3299 dum
1945 3248 2174 3302 Caesar...
2200 3263 2473 3322 oppugnat,

1446 3342 1723 3402 propter....
1742 3327 1893 3380 Idem
1928 3347 1993 3381 ex
2024 3330 2203 3381 PetaV.
2241 3342 2293 3383 et
2324 3328 2476 3383 Leid.

1451 3429 1537 3481 pr.
1560 3409 1787 3481 protulit
1808 3407 2059 3470 Oudend.
2074 3448 2089 3474 ,
2111 3409 2213 3462 nisi
2244 3409 2392 3480 quod
2420 3411 2480 3463 hi

1459 3488 1757 3542 Carteienses
1796 3489 1961 3550 duces,
2004 3508 2114 3544 uno
2148 3491 2311 3542 verbo
2356 3508 2481 3543 auc-

1455 3570 1649 3622 tiorem
1674 3570 1852 3621 locum
1867 3607 1883 3631 ,
1906 3567 2174 3621 exhibent.
2194 3570 2264 3622 Et
2285 3569 2359 3621 sic
2372 3574 2482 3642 jam

1457 3649 1717 3703 Cellarius
1755 3647 2018 3701 'ediderat
2049 3687 2065 3713 ,
2126 3649 2482 3721 convenitque

1455 3729 1709 3782 historiae.
1740 3728 1819 3781 M.
1852 3727 2035 3782 Codex
2068 3747 2283 3800 quoque
2330 3731 2481 3800 5768

1456 3809 1747 3862 Mundenses
1772 3808 1913 3860 duces
1936 3807 2113 3860 habet.

1428 3893 1433 3897 “
1544 3909 1593 3942 ².
1621 3890 1772 3949 Pars,
1802 3891 1897 3958 qui.
1930 3887 2226 3960 Synthesis.
2266 3889 2310 3940 E
2351 3908 2478 3941 con-

1453 3971 1658 4038 jectura
1686 3967 2007 4039 Glandorpii
2036 3966 2255 4021 dederat
2294 3968 2481 4041 Scalig.

1458 4049 1501 4102 F
1503 4049 1718 4103 irmavit
1771 4045 2191 4121 Oudendorpius
2222 4065 2251 4100 e
2285 4048 2483 4103 codici·

1456 4129 1558 4182 bus
1588 4127 1953 4182 Leidensibus.

1969 4233 2065 4306 36
2078 4220 2099 4260 ³
