3025 5025
1006 491 1484 562 AFRICAN
1500 493 1583 558 0.
2223 488 2376 589 509

328 628 719 697 LXXXVI.
740 617 967 695 Caesar
994 625 1186 695 trinis
1214 621 1477 693 castris¹
1503 622 1756 718 potitus
1773 676 1792 708 ,
1823 622 2184 718 occisisque
2213 626 2376 695 hos-

226 734 384 802 tium
421 735 487 802 X
532 732 859 819 millibus,
900 731 1275 826 fugatisque
1312 729 1770 825 compluribus
1790 783 1811 817 ,
1857 755 1928 798 se
1977 734 2227 826 recepit
2249 787 2269 820 ,
2319 737 2381 802 L

225 839 535 909 militibus
580 840 867 928 amissiS,
911 839 1140 932 paucis
1184 839 1451 926 sauciis,
1492 839 1564 905 in
1607 851 1825 906 castra
1843 890 1862 923 ‚
1907 861 1986 904 ac
2031 839 2253 906 statim
2297 864 2380 908 ex

227 947 453 1015 itinere
494 960 656 1014 ante
716 945 1040 1040 oppidum
1083 944 1428 1039 Thapsum
1485 938 1816 1030 constitit,
1859 942 2380 1040 elephantosque

229 1055 449 1122 LXIV
498 1065 775 1122 ornatos
824 1065 1247 1146 armatosque
1299 1074 1455 1120 cum
1498 1049 1794 1121 turribus
1841 1053 2380 1146 ornamentisque

228 1160 425 1253 capit,
456 1173 693 1254 captos
736 1173 891 1228 ante
936 1157 1261 1253 oppidum
1296 1159 1657 1228 instructos
1699 1157 2042 1227 constituit
2077 1183 2093 1226 ε
2137 1157 2204 1226 id
2249 1158 2381 1227 hoc

228 1264 493 1335 consilio
510 1320 529 1354 ,
564 1266 621 1334 si
655 1281 882 1360 posset
901 1263 1253 1360 Virgilius,
1292 1265 1536 1358 quique
1563 1287 1718 1334 cum
1755 1289 1838 1332 eo
1871 1263 2383 1352 obsidebantur,

230 1373 317 1438 rei
350 1371 525 1441 male
552 1387 754 1467 gestae
782 1397 1058 1441 suorum
1087 1370 1330 1441 indicio
1352 1395 1393 1440 a
1418 1370 1790 1467 pertinacia
1823 1369 2082 1440 deduci.
2121 1372 2383 1442 Deinde

227 1477 359 1571 ipse
404 1477 767 1573 Virgilium
806 1477 1229 1573 appellavit,
1298 1478 1736 1571 invitavitque
1786 1477 1872 1545 ad
1931 1477 2336 1547 deditionem
2363 1532 2383 1565 ,

232 1607 545 1680 suamque
588 1583 926 1654 lenitatem
970 1598 1039 1652 et
1075 1581 1496 1652 clementiam
1542 1585 2110 1653 commemoravit.
2159 1585 2383 1673 Quem

232 1705 581 1785 postquam
616 1691 1089 1760 animadvertit
1126 1715 1524 1785 responsum
1567 1691 1688 1759 sibi
1733 1715 1872 1759 non
1907 1690 2104 1775 dare,
2143 1692 2228 1760 ab
2273 1717 2386 1787 op-

232 1796 383 1890 pido
435 1800 709 1868 recessit
732 1796 775 1866 ².
832 1801 1110 1867 Postero
1156 1796 1261 1866 die
1290 1850 1310 1884 ,
1364 1793 1592 1866 divina
1646 1822 1720 1866 re
1778 1797 1954 1866 facta
1979 1852 1998 1885 ,
2061 1800 2382 1868 concione

234 1902 551 1975 advocata
575 1960 597 1995 ,
638 1906 707 1972 in
760 1920 1127 1999 conspectu
1174 1897 1667 1999 oppidanorum
1711 1903 1951 1973 milites
1993 1902 2329 1976 collaudat
2369 1932 2382 1973 ε

234 2022 575 2107 totumque
600 2013 965 2081 exercitum
988 2026 1380 2080 veteranum
1406 2010 1712 2098 donavit,
1734 2013 2006 2105 praemia
2024 2009 2384 2081 fortissimo

232 2118 465 2212 cuique
509 2144 589 2188 ac
632 2118 803 2186 bene
852 2121 1134 2187 merenti
1174 2143 1301 2212 pro
1348 2132 1666 2212 suggestu
1709 2117 1945 2187 tribuit
1981 2144 1996 2186 ε
2040 2142 2120 2188 ac
2163 2121 2384 2189 statim

234 2221 379 2291 inde
414 2226 787 2321 digressus,
829 2210 1105 2293 Rebilo³
1142 2224 1542 2319 proconsule
1585 2249 1741 2292 cum
1776 2227 1883 2292 ΙΙΙ
1917 2223 2004 2293 ad
2039 2225 2382 2320 Thapsum

234 2322 634 2422 legionibu3‚
664 2346 745 2399 et
770 2333 895 2399 Cn.
926 2331 1227 2399 Domitio
1261 2355 1413 2398 cum
1447 2333 1518 2398 II
1548 2330 1800 2398 Tisdrae
1824 2385 1844 2418 ,
1880 2331 1996 2398 ubi
2033 2331 2386 2402 Considius

236 2455 539 2528 praeerat,
568 2433 659 2506 ad
694 2435 1137 2506 obsidendum
1169 2434 1440 2524 relictiS,
1471 2439 1568 2504 M.
1599 2434 1886 2506 Messala
1921 2438 2191 2507 Uticam
2231 2455 2386 2508 ante

236 2549 571 2633 praemisso
602 2571 757 2614 cum
791 2546 1127 2639 equitatu,
1153 2545 1295 2638 ipse
1331 2544 1567 2613 eodem
1595 2546 1722 2611 iter
1762 2532 1982 2613 facere
2017 2546 2378 2616 contendit.

340 2653 765 2722 LXXXVII.
821 2653 1099 2745 Equites
1142 2651 1431 2718 interim·
1461 2651 1786 2744 Scipionis
1810 2704 1829 2737 ,
1875 2653 1988 2745 qui
2037 2676 2118 2719 ex
2154 2652 2383 2746 praelio

238 2754 579 2852 fugerant,
623 2784 831 2852 quum
870 2760 1137 2826 Uticam
1181 2781 1413 2825 versus
1449 2759 1576 2825 iter
1613 2756 1910 2825 facerent
1925 2812 1944 2846 ,
1981 2761 2385 2852 perveniunt

236 2862 317 2930 ad
358 2866 683 2961 oppidum
728 2862 1057 2933 Paradae¹.
1102 2864 1243 2933 Ubi
1288 2888 1495 2959 quum
1539 2863 1624 2931 ab
1669 2862 1903 2932 incolis
1949 2888 2088 2934 non
2123 2868 2376 2961 recipe·

314 3068 441 3122 Cu».
471 3070 780 3123 LXXXVI.
817 3088 867 3121 1.
901 3067 1065 3121 Trinis
1091 3071 1263 3120 castris

240 3146 439 3202 Afranii
456 3190 473 3215 ,
488 3152 521 3204 J
524 3151 644 3203 ubae
658 3186 674 3215 ,
690 3149 971 3220 Scipionis.
987 3148 1259 3202 Plutarch.

239 3222 377 3279 dicto
390 3230 427 3283 l.
442 3232 517 3284 sic
532 3229 810 3283 describit:
827 3230 1130 3299 Scipionem
1139 3247 1264 3281 con·

240 3306 427 3362 stitisse
457 3310 526 3363 ad
549 3311 726 3364 lacum
751 3305 893 3371 (vid.
910 3328 1025 3380 cap.
1058 3307 1187 3374 80),
1210 3321 1263 3362 et

240 3386 510 3460 reliquisse
562 3391 622 3443 in
674 3390 857 3445 castris
906 3390 1023 3441 aliis
1064 3390 1098 3440 J
1101 3391 1262 3442 ubam

243 3458 382 3526 (vid.
410 3488 525 3543 cap.
556 3470 629 3525 85
652 3467 674 3533 )
694 3508 709 3534 ‚
748 3470 805 3523 in
836 3470 953 3521 aliis
982 3469 1262 3521 Afranium

240 3538 424 3617 (quod
463 3552 665 3604 factum
686 3568 813 3602 -esse
855 3562 972 3602 tum
1012 3547 1226 3602 videtur
1243 3586 1261 3613 ,

241 3640 403 3694 quum
414 3631 694 3702 Thapsum
704 3629 901 3694 movit,
922 3648 968 3681 c.
988 3632 1084 3697 78,
1102 3626 1261 3692 extr.)

241 3719 401 3761 castra
437 3730 569 3763 vero
594 3708 848 3763 videntur
876 3708 1131 3778 intelligi,
1163 3727 1264 3759 un-

243 3780 308 3835 de
336 3789 513 3858 pridie
551 3801 703 3843 erant
736 3788 967 3859 egressi,
1012 3806 1128 3860 cap.
1166 3788 1262 3851 83,

244 3877 369 3919 extr.
408 3871 623 3923 Momm.

326 3966 377 4000 τι.
414 3951 635 4003 Recessit.
678 3950 786 4002 Alii
823 3949 1065 4010 discessit,
1116 3945 1264 4018 quod

245 4028 529 4094 praeferunt
566 4031 746 4085 Clark.
780 4044 835 4083 et
860 4026 1111 4082 Oudend.
1138 4029 1263 4099 quia

245 4103 415 4159 Caesar
444 4110 789 4183 progrediens
830 4111 1021 4163 urbem
1048 4108 1265 4179 reliquit

248 4184 522 4244 obsessam.
545 4192 637 4245 Nil
659 4191 977 4248 mutandum
998 4190 1259 4263 existimo.

1436 3069 1488 3121 3.
1527 3070 1708 3123 Rebilo.
1749 3069 1856 3123 Alii
1892 3069 2126 3135 Rebullo,
2154 3070 2372 3133 Rebillo,

1350 3160 1451 3200 etc.
1478 3149 1652 3219 Notus
1681 3149 1743 3203 C.
1775 3148 2009 3202 Caninius
2030 3149 2254 3214 Rebilus,
2275 3152 2378 3203 Le-

1350 3241 1500 3298 gatus
1519 3230 1578 3282 in
1603 3230 1806 3295 Gallia,
1831 3230 1894 3283 B.
1918 3230 1986 3283 G.
2023 3248 2135 3296 vn,
2165 3232 2258 3285 83.
2297 3233 2378 3285 De

1348 3321 1505 3379 gente
1532 3310 1758 3365 Caninia
1781 3308 1909 3364 vide
1934 3329 2093 3382 supra
2114 3312 2176 3363 B.
2205 3313 2266 3365 C.
2284 3350 2302 3377 ,
2321 3330 2345 3363 1
2359 3350 2376 3375 ,

1350 3407 1397 3442 c.
1436 3394 1528 3443 26.
1556 3422 1638 3433 -—-
1667 3392 1979 3444 Proconsule.
2001 3388 2130 3443 Vid.
2163 3390 2231 3443 ad
2259 3410 2373 3462 cap.

1352 3470 1445 3522 80.
1475 3470 1554 3523 M.
1582 3504 1664 3513 --
1693 3471 1961 3524 Uticam...
1985 3471 2241 3524 contendit.
2276 3474 2377 3523 Ar-

1348 3547 1509 3602 debat
1549 3552 1695 3603 enim
1735 3552 1912 3604 Caesar
1950 3549 2242 3622 cupiditate
2280 3552 2379 3604 Ca·

1348 3630 1518 3693 tonis,
1541 3632 1639 3703 qui
1661 3631 1832 3683 Uticae
1861 3643 2119 3701 praeerat,
2150 3632 2260 3685 vivi
2291 3649 2377 3684 ca-

1347 3708 1535 3780 piendi
1565 3706 1586 3772 (
1611 3711 1912 3777 Plutarch„
1945 3709 2076 3764 Cas.
2125 3711 2196 3775 54
2223 3707 2244 3775 )
2277 3731 2292 3765 ε
2323 3722 2378 3765 et

1346 3790 1697 3860 confugerant
1715 3791 1928 3843 Uticam
1947 3792 2204 3862 permulti
2225 3811 2254 3844 e
2274 3792 2380 3845 Sci·

1349 3868 1528 3939 pionis
1552 3870 1786 3923 exercitu
1816 3866 1978 3932 (vide
2003 3889 2160 3937 mox,
2190 3892 2238 3925 c.
2269 3874 2377 3938 88;

1350 3961 1404 4000 et
1432 3950 1538 4001 Dio
1566 3950 1710 4002 Cass.
1739 3968 1909 4014 nm,
1951 3948 2069 4013 10).
2099 3952 2175 4004 M.
2289 3979 2292 3983 ⁴

1430 4029 1561 4081 Cn.
1582 4030 1919 4082 LXXXVII.
1943 4048 1966 4082 1
1983 4070 1994 4083 .
2015 4032 2246 4087 Parada.
2269 4035 2380 4088 Alii

1351 4109 1618 4161 Paradam.
1654 4110 1874 4175 Strabo,
1899 4109 1936 4163 l.
1964 4129 2115 4177 xvu,
2152 4132 2206 4184 p.
2243 4116 2379 4180 831,

1351 4188 1547 4260 Φαρὰν,
1577 4190 1762 4247 Celsus
1787 4190 2004 4243 Par-dam
2033 4206 2204 4247 vocat.
