3025 5025
683 437 831 507 288
944 438 1019 505 C.
1078 437 1382 505 JULII
1441 436 1935 505 CAESARIS
1988 436 2572 505 COMMENT.

677 584 1089 664 exspectaret
1109 623 1128 658 ,
1175 571 1314 663 ipse
1361 583 1438 637 ut
1481 568 1789 638 omnibus
1828 570 2034 662 copiis
2071 570 2445 639 Domitium
2496 568 2793 663 aggrede—

678 691 879 744 retur.

786 784 1102 851 LXXIX.
1135 784 1226 851 Iis
1245 781 1327 849 de
1346 786 1565 851 causis
1586 795 1866 877 uterque
1890 805 2123 850 eorum
2143 780 2471 849 celeritati
2488 781 2795 866 studebat,

677 904 744 957 et
788 891 921 958 suis
963 904 1042 957 ut
1077 903 1249 958 esset
1289 887 1535 987 auxilio
1554 942 1575 976 ,
1607 903 1708 975 et,
1745 887 1832 955 ad
1874 888 2351 982 opprimendos
2384 886 2797 974 adversarios,

675 1020 761 1064 ne
802 998 1140 1066 occasioni
1189 996 1510 1089 temporis
1568 994 1841 1063 deesset.
1886 994 2018 1062 Sed
2059 996 2393 1063 Caesarem
2434 993 2797 1089 Apollonia¹¹

677 1126 716 1170 a
753 1103 1006 1172 directo
1043 1104 1276 1171 itinere
1318 1115 1651 1169 averterat
1680 1127 1694 1168 :
1726 1102 2083 1194 Pompeius
2110 1126 2231 1195 per
2259 1100 2668 1170 Candaviam
2692 1103 2797 1169 iter

676 1210 746 1276 in
807 1208 1273 1283 Macedoniam
1327 1208 1711 1301 expeditum
1770 1206 2077 1276 habebat.
2142 1208 2441 1277 Accessit
2494 1209 2685 1277 etiam
2730 1232 2799 1275 ex

676 1316 1040 1410 improviso
1077 1314 1255 1384 aliud
1299 1314 1797 1383 incommodum
1822 1366 1841 1400 ,
1876 1313 2058 1407 quod
2113 1315 2451 1383 Domitius
2471 1366 2491 1400 ,
2532 1317 2643 1408 qui
2681 1314 2797 1381 dies

675 1421 1056 1516 complures
1099 1423 1332 1491 castris
1383 1422 1711 1515 Scipionis
1752 1433 1970 1489 castra
2018 1418 2259 1489 collata
2308 1420 2644 1490 habuisset
2663 1474 2681 1508 ,
2719 1422 2799 1487 rei

676 1528 1124 1598 frumentariae
1165 1552 1365 1597 causa
1401 1528 1486 1597 ab
1528 1553 1609 1597 eo
1645 1527 2063 1616 discesserat,
2092 1542 2161 1595 et
2195 1526 2591 1597 Heracleam
2610 1526 2655 1616 ²,
2678 1552 2801 1621 quae

678 1729 899 1795 landus,
929 1731 986 1782 in
1029 1731 1380 1801 explicatione
1405 1741 1534 1782 vett.
1570 1742 1707 1795 aut„

677 1831 736 1882 p.
769 1816 910 1880 274,
932 1810 1166 1863 offensus
1195 1810 1298 1861 hoc
1321 1809 1567 1873 nomine,
1591 1828 1713 1879 par-

678 1890 779 1945 tim
807 1890 932 1959 quia
971 1891 1030 1941 in
1070 1888 1227 1942 codd.
1271 1890 1406 1941 mire
1442 1889 1705 1954 variatur,

677 1969 877 2043 partim
902 1971 1028 2041 quia
1055 1988 1166 2021 non
1198 1970 1402 2035 Caesar,
1430 1966 1525 2021 sed
1556 1970 1713 2021 Ροιιι

675 2050 830 2121 peius
868 2050 1161 2121 Corcyram
1204 2049 1378 2101 tenuit
1415 2044 1569 2110 (vid.
1597 2068 1642 2101 c.
1675 2068 1707 2119 7

679 2142 733 2183 et
760 2126 860 2194 8),
871 2129 994 2220 legi·
1005 2129 1171 2181 vulta
1201 2117 1484 2200 Oriciaquess
1507 2141 1569 2180 ut
1589 2128 1712 2181 Orc-

679 2212 756 2260 cia
783 2208 852 2261 sit
884 2210 1034 2279 regio
1050 2210 1191 2261 circa
1224 2208 1467 2261 Oricum.
1487 2207 1714 2260 Confert

679 2289 863 2360 Steph.
885 2291 1105 2359 Byzant.
1125 2289 1406 2359 ὶιιΩρικία,
1420 2300 1473 2341 et
1493 2289 1615 2358 jure
1633 2286 1714 2339 di·

679 2370 779 2435 cit,
807 2370 1068 2423 Caesarem
1083 2369 1178 2420 illo
1197 2382 1463 2440 tempore,
1485 2367 1712 2419 Oricum

680 2450 925 2502 tenuisse.
953 2450 1031 2502 M.
1046 2449 1228 2501 Vossu
1250 2445 1711 2519 cod.,01·cccaque;

679 2531 910 2594 Petavii,
931 2529 1244 2602 Coriciaque3
1258 2529 1331 2582 ita
1346 2547 1563 2601 quoque
1585 2547 1732 2600 ιιοειωο

678 2624 761 2663 ter
792 2612 856 2663 R.
887 2611 1194 2691 antiquiss„
1231 2609 1383 2679 5764
1417 2603 1507 2670 (in
1544 2609 1711 2661 altero

679 2710 786 2744 vox
823 2686 1079 2754 deletur).
1101 2672 1304 2760 Ωρικίσις
1330 2690 1442 2750 αἴας
1467 2688 1711 2741 meminit

680 2771 971 2842 Dionysius
991 2771 1190 2841 perieg.
1210 2786 1296 2833 ,τη
1325 2769 1456 2837 399.
1485 2767 1711 2820 Minime

681 2849 937 2916 dubium,
964 2851 1097 2920 quin
1128 2868 1234 2901 vox
1264 2849 1466 2910 Oricia,
1495 2849 1566 2900 sit
1598 2867 1709 2900 res·

681 2929 940 2983 tituenda.
966 2962 1048 2972 —-
1079 2930 1188 3000 Ipse
1217 2941 1273 2980 ut
1293 2929 1509 2982 omnibus
1542 2931 1709 2998 copiis.

679 3011 800 3062 Hoc
840 3010 1012 3082 capite
1042 3009 1490 3101 ’praestantissimo
1527 3020 1582 3060 et
1625 3006 1710 3088 di’.

679 3089 933 3168 gnissimo
971 3090 1057 3144 cui
1092 3090 1324 3142 multum
1358 3081 1703 3142 studeamus
1691 3126 1709 3153 ‚

679 3169 901 3223 consilia
927 3169 1126 3222 ducum
1157 3170 1438 3224 amborum
1468 3168 1712 3239 aperiun-

682 3262 789 3302 tur.
820 3250 1040 3303 Caesaris
1081 3250 1362 3315 intererat,
1394 3261 1455 3301 ut
1487 3249 1709 3319 Apollo-

681 3331 861 3395 niam,
881 3330 1122 3395 Lissum,
1144 3341 1198 3382 et
1223 3329 1446 3382 Oricum
1472 3341 1709 3394 teneret;

683 3423 842 3482 atque
856 3429 974 3463 oras
987 3411 1303 3475 maritimas,
1315 3430 1346 3462 e
1359 3410 1555 3480 quibus
1568 3409 1711 3461 auxi-

680 3491 815 3543 lium
829 3510 891 3543 ex
899 3491 1053 3544 Italia
1067 3488 1421 3543 adventurum
1434 3489 1707 3561 sperabat,

680 3572 874 3624 liberas
925 3574 991 3624 ab
1036 3572 1279 3624 hostibus
1330 3570 1700 3640 relinqueret,

683 3652 842 3706 simul
858 3666 911 3705 et
924 3671 953 3704 a
968 3651 1208 3704 Domitio
1221 3688 1237 3717 ,
1259 3649 1353 3722 qui
1375 3650 1432 3702 in
1462 3647 1730 3708 Macedo,

681 3733 772 3784 nia
794 3732 1102 3784 morabatur
1115 3770 1131 3797 ,
1148 3729 1466 3802 Pompeium
1487 3743 1707 3783 arceret.

681 3811 912 3883 Epirum
941 3831 1068 3882 ergo
1096 3806 1239 3872 (non
1269 3808 1707 3874 Macedoniam),

683 3904 738 3944 et
762 3891 1116 3945 Acarnaniam
1147 3889 1215 3944 ad
1247 3890 1490 3944 dextram
1531 3891 1708 3961 ingre-

683 3970 833 4024 ditur
847 4011 864 4038 ,
891 3991 953 4024 ea
977 3985 1186 4038 mente,
1206 3985 1269 4025 ut
1292 3970 1579 4044 Pompeius
1604 3971 1711 4024 Sci-

682 4051 868 4126 pioni,
903 4051 997 4123 qui
1027 4052 1354 4108 Thessaliam
1387 4052 1707 4123 occupabat,

683 4131 874 4212 timens
888 4170 905 4198 ,
927 4151 1050 4186 eum
1071 4144 1396 4205 sequeretur.
1420 4132 1709 4203 Pompeius

1800 1741 2002 1791 autem,
2028 1730 2123 1800 qui
2141 1731 2254 1801 jam
2282 1731 2494 1783 Lissum
2523 1742 2577 1783 et
2604 1730 2797 1785 Oricum

1798 1809 2051 1863 invadere
2073 1807 2415 1881 desperabat,
2438 1810 2509 1863 ad
2528 1811 2797 1882 Scipionem

1798 1889 1901 1942 iter
1927 1890 2215 1951 convertit,
2252 1891 2411 1943 simul
2453 1904 2517 1943 ut
2551 1892 2629 1943 illi
2661 1892 2801 1945 subsi-

1800 1968 1952 2021 dium
1978 1970 2141 2023 ferret
2156 2008 2172 2035 ,
2196 1982 2251 2022 et
2274 1971 2475 2042 junctis
2505 1990 2630 2025 cum
2650 1992 2708 2025 eo
2729 1990 2799 2024 co-

1798 2049 1902 2121 piis
1921 2088 1937 2115 ,
1981 2050 2280 2103 Domitium
2301 2089 2317 2115 ,
2356 2049 2577 2105 Caesaris
2623 2052 2797 2105 itineris

1799 2130 2037 2182 nescium
2066 2168 2080 2193 ,
2107 2128 2512 2200 aggrederetur,
2546 2144 2797 2203 antequam

1800 2209 1977 2263 Caesar
2018 2210 2097 2262 illi
2138 2228 2295 2280 opem
2338 2210 2479 2263 ferre
2516 2226 2699 2283 posset.
2731 2212 2797 2263 Ex

1799 2287 2011 2342 duobus
2051 2289 2285 2343 consiliis
2316 2291 2696 2361 Pompeianum
2726 2310 2797 2361 ap-

1799 2369 1906 2421 tius
1934 2367 2002 2421 ad
2040 2388 2154 2421 rem
2172 2408 2188 2434 ,
2226 2381 2279 2421 et
2324 2368 2580 2441 expeditu
2620 2371 2794 2425 facilius

1761 2517 1779 2530 ,
1796 2447 2012 2501 videtur
2040 2467 2055 2500 :
2084 2468 2209 2503 nam
2241 2450 2445 2516 Caesar,
2476 2451 2795 2504 Acarnaniam

1798 2529 2062 2601 ingressus
2078 2568 2095 2593 ‚
2116 2543 2171 2582 et
2190 2531 2360 2582 multo
2383 2532 2641 2584 remotior
2666 2552 2690 2584 a
2711 2533 2796 2583 Do-

1799 2609 1979 2676 mitio,
2008 2628 2145 2681 aegre
2184 2611 2263 2662 illi
2302 2609 2544 2664 subsidio
2571 2626 2797 2664 venturus

1798 2703 1927 2745 erat.
1976 2690 2341 2742 Nihilominus
2388 2710 2475 2744 res
2516 2691 2563 2742 ei
2602 2693 2797 2745 feliciter

1797 2771 1982 2835 cessit,
2013 2771 2122 2822 sola
2141 2773 2360 2841 juvante
2384 2771 2629 2838 fortuna,
2655 2784 2712 2823 ut
2734 2777 2799 2823 ca·

1796 2851 1911 2919 pite
1934 2851 2177 2921 sequenti
2202 2849 2526 2904 videbimus.

1818 2933 1827 2940 ⁶
1876 2929 2008 2984 Car.
2058 2931 2308 2984 LXXIX.
2349 2950 2399 2984 1.
2438 2931 2543 2983 Sed
2590 2931 2799 2984 Caesarm

1798 3009 2066 3080 Apollonia
2096 3030 2129 3060 a
2159 3011 2339 3062 dab-ecto
2376 3014 2545 3063 itinere
2576 3023 2799 3064 averterat.

1797 3091 1960 3142 Recte
1982 3109 2043 3142 ex
2066 3088 2225 3143 codd.
2256 3092 2563 3157 nonnullis3
2593 3111 2710 3144 nam
2728 3089 2799 3142 alii

1748 3233 1753 3238 ⁶
1796 3169 1997 3222 habent
2017 3171 2139 3224 :sed
2158 3169 2331 3223 Coesar
2346 3169 2682 3240 Apolloniam,
2702 3189 2800 3242 pra·

1796 3269 1867 3302 vo
1897 3269 2070 3302 sensu.
2086 3249 2449 3321 —Apollom'a
2462 3290 2479 3314 ‚
2508 3252 2621 3305 scil.
2642 3252 2803 3304 volun·

1797 3340 1875 3383 tas
1908 3343 1999 3383 aut
2028 3331 2308 3384 necessitas
2348 3328 2585 3385 adeundi
2617 3330 2805 3403 Apollo·

1795 3429 1959 3464 mam.

1882 3479 1931 3543 2.
1962 3491 2268 3543 Heracleam.
2296 3490 2669 3560 Lyncestidem
2683 3529 2698 3556 ‚
2724 3507 2801 3542 seu

1794 3569 2129 3641 Lyncestidis
2162 3569 2393 3642 regionis
2422 3572 2653 3642 intellige
2669 3611 2683 3640 ‚
2704 3587 2803 3640 que

1796 3663 1874 3703 est
1904 3649 2187 3704 Candaviae
2216 3651 2491 3722 proxima3
2523 3671 2645 3704 nam
2665 3651 2805 3703 Hem-

1796 3731 1899 3782 clea
1925 3729 2147 3796 Sintica,
2184 3743 2245 3782 ut
2272 3731 2476 3783 habent
2511 3731 2733 3795 codices,
2759 3740 2805 3778 et

1798 3822 1919 3864 ante
1934 3809 2383 3902 Oudendorpium
2402 3809 2689 3876 editiones,
2715 3807 2803 3858 mi·

1794 3890 1943 3944 nime
1984 3891 2264 3943 convenit·
2248 3929 2266 3956 ,
2291 3891 2495 3962 quippe
2536 3909 2649 3962 quae
2691 3887 2801 3938 urbs

1795 3970 1853 4024 in
1889 3971 2132 4024 Thraciae
2162 3970 2398 4026 confinio
2422 3971 2523 4023 sita
2552 3971 2651 4034 sit,
2678 3963 2803 4019 unde

1795 4069 1895 4104 nec
1925 4050 2181 4104 credibile
2204 4063 2309 4117 est,
2340 4069 2551 4104 vacasse
2570 4044 2801 4116 Pompeio

1796 4129 1866 4185 ad
1900 4130 2079 4186 Sintos
2136 4131 2358 4186 Bisaltas
2397 4143 2452 4186 et
2486 4130 2794 4200 Strymonem
