3025 5025
926 492 1759 565 ALEXANDRINo.
2268 497 2419 591 407

285 614 460 688 nibus
519 622 916 693 Caesarianis
933 676 954 713 ,
997 647 1200 719 quam
1244 625 1697 721 Pompeianis,
1748 623 2135 719 Longinum
2173 649 2317 695 esse
2354 627 2429 695 in

283 723 454 814 odio;
489 751 708 821 neque
733 754 804 799 se
839 745 1248 801 conventum
1263 780 1282 817 ‚
1316 756 1535 826 neque
1562 733 1659 801 M.
1704 730 2105 801 Marcellum
2123 729 2143 755 ⁸
2190 746 2429 803 contra

281 831 544 905 Caesaris
605 860 878 907 causam
938 862 1142 933 posse,
1197 838 1603 932 perducere3
1664 862 1913 907 nomen
1973 839 2273 931 Pompeii
2343 864 2427 910 cx

185 960 198 967 ·
285 940 470 1009 scutis
525 940 997 1031 detraxerunt,
1055 943 1452 1015 Marcellum
1473 998 1494 1035 ‚
1544 946 1661 1039 qui
1716 969 1787 1021 se
1830 945 2111 1017 Caesaris
2158 968 2429 1017 causam

285 1041 698 1119 defensurum
735 1049 1212 1144 profitebatur,
1253 1051 1494 1122 ducem
1534 1050 1994 1137 adsciverunt,
2031 1064 2429 1145 praetorem-

255 1172 400 1245 ‘que
432 1153 858 1250 appellarunt
874 1210 896 1245 ‚
933 1172 1002 1227 et
1038 1157 1162 1227 sibi
1205 1171 1615 1229 conventum
1652 1155 2101 1251 adjunxerunt
2118 1210 2139 1245 ‚
2181 1172 2430 1227 castra-

281 1280 396 1348 que
445 1261 528 1329 ad
584 1262 976 1333 Cordubam
1033 1278 1420 1359 posuerunt.
1474 1265 1745 1335 Cassius
1784 1288 1865 1333 eo
1922 1262 2127 1335 biduo
2168 1265 2433 1335 circiter

280 1384 349 1430 1v
395 1366 594 1437 millia
644 1392 964 1465 passuum
1021 1394 1062 1439 a
1117 1370 1438 1441 Corduba
1460 1424 1482 1458 ‚
1522 1371 1695 1441 citra
1746 1370 1997 1441 flumen
2038 1371 2272 1441 Baetim
2296 1424 2317 1460 ‚
2360 1372 2433 1441 in

281 1473 493 1567 oppidi
548 1490 918 1572 conspectu
947 1530 967 1565 ‚
1023 1475 1174 1547 loco
1229 1475 1490 1547 excelso
1544 1477 1703 1547 facit
1757 1491 2015 1565 castra3
2066 1474 2287 1547 literas
2316 1478 2433 1547 'ad

282 1600 490 1672 regem
547 1581 900 1678 Bogudem
957 1584 1027 1651 in
1089 1584 1565 1653 Mauritaniam
1585 1634 1605 1668 ‚
1668 1597 1737 1652 et
1789 1582 1875 1652 ad
1938 1584 2036 1651 M.
2098 1584 2431 1678 Lepidum

280 1687 739 1775 proconsulem
766 1690 850 1757 in·
874 1682 1264 1785 Hispaniam
1301 1691 1677 1761 citeriorem
1705 1690 1943 1777 mittit,
1978 1689 2275 1760 subsidio
2308 1691 2433 1760 sibi

281 1795 762 1891 provinciaeque
822 1797 1104 1867 Caesaris
1157 1821 1360 1867 eausa
1401 1798 1904 1892 quamprimum
1946 1796 2221 1865 veniret.
2276 1800 2431 1892 Ipse

279 1892 484 1971 hostili
547 1902 756 1973 modo
837 1903 1378 1975 Cordubensium
1423 1928 1623 1999 agros
1669 1915 1892 1973 vastat
1914 1955 1935 1992 ‚
1996 1902 2277 1977 aedificia
2317 1906 2429 1973 in-

280 2004 499 2080 cendit.

345 2115 514 2185 LX.
572 2117 790 2211 Cujus
832 2119 928 2187 rei
969 2116 1396 2189 deformitate
1432 2132 1633 2211 atque
1661 2117 2058 2213 indignitate
2093 2114 2389 2211 legiones
2408 2170 2429 2207 ‚

284 2239 416 2309 quae
455 2222 863 2293 Marcellum
901 2224 1028 2294 sibi
1073 2224 1316 2296 ducem
1345 2237 1697 2320 ceperant,
1732 2223 1817 2292 ad
1861 2247 2017 2292 eum
2061 2247 2429 2293 concurre-

282 2340 456 2415 runt,
494 2344 573 2401 ut
605 2332 678 2401 in
711 2331 924 2400 aciem
953 2330 1399 2401 educerentur
1419 2330 1438 2354 ¹
1453 2384 1474 2418 ‚
1493 2331 1823 2425 priusque
1857 2329 2261 2423 confligendi
2303 2330 2431 2399 sibi

259 2446 550 2523 potestas
592 2437 790 2507 fieret
807 2488 826 2524 ‚
869 2462 1090 2534 quam·
1112 2461 1271 2509 cum
1316 2451 1502 2508 tanta
1558 2434 1965 2507 contumelia
2006 2433 2429 2507 nobilissimae

279 2542 751 2640 missimaeque
809 2546 1256 2640 possessiones
1329 2544 1871 2614 Cordubensium
1922 2544 1995 2611 in
2061 2554 2429 2637 conspectu

279 2667 390 2714 suo
423 2652 668 2745 rapinis
691 2705 711 2740 ‚
740 2651 953 2740 ferm,
979 2651 1382 2746 flammaque
1417 2663 1990 2722 consumerentur.
2029 2647 2392 2718 Marcellus
2406 2702 2427 2738 ‚

278 2775 471 2844 quum
493 2758 857 2852 confligere
900 2759 1346 2828 miserrimum
1387 2770 1690 2854 putaret,
1726 2755 1910 2851 quod
1944 2769 2012 2824 et
2040 2755 2315 2824 victoris
2360 2767 2431 2824 et

279 2857 426 2930 victi
465 2863 942 2936 detrimentum
981 2865 1068 2934 ad
1087 2865 1400 2936 eumdem
1435 2866 1773 2936 Caesarem
1815 2876 1987 2934 esset
2014 2859 2425 2932 redundatu-
2508 2900 2523 2910 κ

281 2987 458 3056 rum3
488 2996 709 3066 neque
757 2996 892 3042 suae
936 2972 1282 3066 potestatis
1321 2995 1464 3042 esse
1486 2969 1549 3059 ²3
1598 2969 1895 3065 legiones
1929 2969 2167 3038 Baetim
2201 2973 2425 3040 trans-

355 3159 480 3217 Cn.
512 3165 661 3219 LIX.
698 3185 747 3218 1.
766 3165 842 3218 M.
864 3165 1168 3218 Marcellum.
1193 3167 1300 3220 Co·

283 3243 522 3308 gnomine
557 3247 904 3300 AEserninum
919 3283 936 3311 ,
967 3246 1303 3312 Quaestorem

283 3321 579 3388 provinciae.
601 3327 712 3381 Dio
732 3325 898 3391 Cass„
920 3326 958 3378 l.
981 3343 1022 3379 1.
1042 3328 1125 3378 De
1146 3338 1304 3397 gente

286 3397 500 3456 Claudia
521 3423 682 3477 supra
696 3403 866 3458 locuti
881 3421 1082 3460 sumus.
1107 3404 1304 3459 Noster

284 3490 451 3534 autem
475 3502 541 3536 ex
559 3485 748 3540 eadem
761 3499 920 3556 gente
941 3497 1080 3552 erat,
1103 3495 1160 3538 et
1179 3485 1302 3556 qui-

285 3553 400 3612 dem
420 3580 484 3616 ex
505 3564 708 3619 familia
737 3566 1116 3620 Marcellorum
1131 3602 1148 3631 ,
1172 3583 1303 3637 pro·

285 3655 443 3710 nepos
483 3643 546 3706 C.
585 3645 828 3700 Marcelli
870 3645 1140 3699 AEsernini
1158 3682 1175 3710 ,
1205 3645 1302 3717 qui

283 3718 482 3786 primus
537 3722 676 3779 illud
728 3743 1025 3797 cognomen
1073 3724 1199 3778 tulit
1242 3725 1300 3780 in

286 3795 418 3852 bello
435 3803 616 3857 sociali
631 3844 647 3873 ,
666 3803 882 3878 quando
906 3805 1151 3858 AEsernia
1171 3805 1304 3859 urbs

285 3874 339 3928 in
365 3877 660 3961 Samnitum
679 3897 996 3957 potestatem
1012 3885 1160 3938 venit
1173 3924 1189 3953 ,
1205 3885 1303 3938 ubi

285 3971 462 4028 captus
506 3963 628 4034 fuit.
672 3966 936 4020 Nummus
994 3967 1135 4036 ejus,
1165 3963 1297 4018 dum

1387 3163 1747 3218 AISERNIN.
1796 3161 2051 3219 Crescens
2104 3163 2233 3216 luna
2283 3162 2426 3215 inter

1388 3258 1593 3315 septem
1624 3245 1858 3298 triones:
1882 3256 2044 3316 caput
2072 3243 2339 3314 Apollinis
2370 3253 2425 3295 et

1386 3326 1518 3378 luna
1568 3343 1807 3378 crescens
1855 3322 2104 3378 alludunt
2146 3321 2215 3376 ad
2262 3320 2421 3376 ludos

1389 3405 1725 3476 Apollinares
1742 3443 1757 3469 ‚
1785 3405 1905 3476 ipso
1944 3415 2174 3476 praetore
2214 3403 2423 3455 urbano

1389 3483 2019 3540 celebratos.1scos.fnit
2031 3501 2119 3536 an.
2140 3482 2423 3553 731,cu1n

1389 3565 1454 3618 L.
1475 3565 1760 3627 Arruntio,
1791 3577 1855 3617 ut
1872 3574 2135 3617 testantur
2154 3563 2275 3616 fasti
2290 3581 2424 3616 coss.

1471 3645 1603 3698 Cn.
1638 3644 1755 3697 Lx.
1805 3663 1854 3698 1.
1897 3645 2249 3696 Educet-entur.
2296 3642 2426 3696 Post

1391 3723 1500 3776 hoc
1526 3724 1687 3794 vulgo
1714 3721 1933 3777 additur
1959 3735 2126 3785 orant,
2149 3720 2297 3794 quod
2327 3739 2425 3774 ne-

1390 3822 1495 3876 que
1524 3803 1592 3856 ad
1638 3821 1797 3856 usum
1832 3801 2093 3874 loquendi
2136 3820 2271 3874 opus
2310 3814 2420 3870 est,

1388 3903 1565 3955 neque
1590 3884 1649 3936 in
1676 3881 1835 3937 codd.
1864 3883 2021 3936 bonis
2052 3895 2235 3939 exstat.
2260 3882 2339 3934 M.

1475 3985 1530 4018 α.
1556 3964 1675 4019 Suoe
1696 3976 1803 4035 pot.
1836 3983 1953 4017 esse.
1986 3963 2069 4024 Ita
2096 3962 2282 4034 Scalig.
2316 3959 2421 4016 Sed

284 4050 476 4104 pretor
519 4057 655 4098 esset
703 4065 890 4112 casus,
930 4045 1093 4098 habet
1139 4057 1298 4116 caput
1383 4047 1442 4098 in
1469 4043 1629 4100 codd.
1662 4056 1717 4098 et
1751 4041 1877 4098 edd.
1907 4055 2066 4109 vett„
2092 4056 2239 4106 esset,
2274 4041 2424 4114 quod

284 4115 536 4186 Apollinis
565 4123 848 4186 radiatum.
875 4126 942 4182 In
973 4143 1153 4180 aversa
1173 4143 1298 4198 par-
1387 4125 1525 4178 male
1548 4125 1743 4198 probat
1764 4125 1798 4177 J
1799 4124 1941 4178 urin.
1962 4124 2051 4178 Sic
2074 4125 2219 4178 enim
2240 4126 2298 4178 τὸ
2320 4143 2422 4176 sure

287 4201 366 4265 tt,
395 4197 471 4256 Μ.
519 4203 833 4266 MARCEL.
879 4205 960 4262 M.
985 4205 1068 4264 .F.
1115 4205 1194 4263 M.
1227 4205 1296 4260 N.
1337 4219 1340 4224 ·
1387 4222 1500 4262 non
1528 4205 1857 4264 conveniret.
1932 4275 2021 4356 6⁴

1882 4314 1921 4358 2
