3025 5025
1006 462 1601 534 AFRICANO.
2220 460 2359 547 461

255 610 509 690 possent
535 620 553 663 :
590 619 661 665 se
702 608 771 663 et
812 594 1220 665 frumentum
1245 648 1265 682 ,
1290 608 1360 663 et
1397 614 1830 688 quaecumque
1866 616 1972 660 res
2007 594 2100 667 eis
2137 618 2374 688 suppe-

254 716 443 789 teret,
490 704 864 771 communis
912 700 1145 769 s'al'utis
1181 702 1393 794 gratia
1436 699 2070 769 subministraturos.
2117 700 2379 787 Quibus

258 808 445 877 rebus
498 807 691 877 facile
728 832 769 875 a
810 809 1071 878 Caesare
1129 808 1497 901 impetratis
1513 860 1535 893 ,
1580 804 2015 934 praesidioque
2065 804 2263 893 dato,
2301 809 2377 877 C.

257 914 598 1003 Messium,
620 913 884 983 aedilitia
914 912 1217 983 functum
1243 927 1606 1031 potestate,
1619 896 1979 981 Achillam³
2007 911 2198 1005 jubet
2228 937 2382 1006 pro-

254 1020 471 1089 ficisci.
516 1020 778 1118 Quibus
840 1020 1067 1089 rebus
1088 1021 1413 1115 cognitis,
1466 1005 1864 1087 Considius⁴
1915 1020 2190 1112 Longus
2209 1066 2228 1105 ,
2271 1021 2384 1111 qui

258 1126 599 1195 Adrumeti
642 1151 799 1195 cum
839 1128 909 1193 II
948 1124 1317 1221 legionibus
1356 1140 1423 1194 et
1468 1123 1800 1219 equitibus
1835 1124 2052 1193 DCC
2069 1138 2386 1217 praeerat,

259 1232 590 1319 celeriter,
619 1232 709 1301 ibi
749 1246 941 1326 parte
960 1230 1269 1326 praesidii
1308 1230 1570 1319 relicta,
1597 1253 1752 1299 cum
1789 1232 1962 1301 VIII
2001 1228 2386 1300 cohortibus

238 1334 343 1408 'ad
376 1337 703 1409 Achillam
747 1340 841 1407 ire
882 1338 1243 1407 contendit.
1289 1339 1602 1427 MessiuS,
1640 1335 1934 1406 celerius·
1957 1338 2190 1406 itinere
2228 1360 2388 1403 con-

258 1445 463 1532 fecto,
492 1446 676 1539 prior
710 1443 1039 1513 Achillam
1069 1470 1223 1515 cum
1259 1444 1653 1513 cohortibus
1683 1444 2003 1537 pervenit.
2039 1441 2389 1511 Considius

258 1554 560 1638 interim,
586 1575 794 1645 quum
836 1550 923 1619 ad
956 1552 1193 1619 urbem
1230 1576 1387 1620 cum
1426 1551 1642 1644 copiis
1685 1550 2093 1635 accessisset,
2138 1564 2206 1616 et
2244 1550 2387 1617 ani-

260 1657 751 1744 madvertisset,
784 1656 1163 1787 praesidium
1202 1658 1477 1725 Caesaris
1514 1657 1606 1725 ibi
1637 1679 1809 1743 esse,
1834 1680 1972 1723 non
1997 1679 2194 1723 ausus
2219 1658 2390 1749 peri-

257 1763 482 1834 culum
530 1788 802 1833 suorum
858 1750 1143 1850 facere⁵,
1184 1761 1367 1831 nulla
1418 1786 1493 1831 -re
1554 1776 1756 1857 gesta
1793 1786 1920 1857 pro
1969 1760 2389 1830 multitudine

256 1871 634 1957 hominum,
676 1894 903 1937 rursus
946 1869 1387 1937 Adrumetum
1430 1894 1502 1937 se
1542 1868 1822 1963 recipit:
1855 1866 2124 1955 deinde,
2161 1870 2390 1962 paucis

256 1990 413 2070 post
442 1974 675 2045 diebus
710 1976 1123 2068 equestribus
1159 1976 1369 2069 copiis
1398 1999 1437 2043 a
1464 1976 1764 2043 Labieno
1799 1974 2134 2063 adductis,
2163 1998 2390 2044 rursus

254 2079 690 2151 Achillitanos
715 2135 734 2168 ,
778 2083 1007 2151 castris
1050 2082 1281 2176 positis
1294 2134 1315 2168 ,
1358 2081 1662 2149 obsidere
1705 2082 1922 2176 coepit.

364 2190 689 2257 XXXIV.
746 2190 873 2257 Per
906 2187 979 2255 id
1014 2200 1277 2281 tempus
1321 2189 1396 2257 C.
1438 2186 1786 2260 Sallustius
1831 2189 2106 2281 Crispus
2130 2240 2150 2275 ,
2193 2212 2392 2281 quem

254 2295 485 2389 paucis
522 2308 677 2362 ante
715 2293 1261 2364 diebus-missum
1300 2317 1343 2362 a
1370 2296 1634 2361 Caesare
1675 2318 1828 2361 cum
1865 2292 2070 2362 cla’sse
2115 2292 2392 2361 demon·
2488 2303 2493 2308 “

252 2401 610 2469 stravimus
635 2398 679 2488 ¹,
722 2400 1075 2469 Cercinam
1116 2401 1467 2493 pervenit„
1494 2399 1702 2493 Cujus
1739 2398 2032 2467 adventu
2070 2400 2150 2468 C.
2191 2400 2393 2467 Deci-

254 2508 467 2593 mins,
486 2507 906 2601 quaestoriuS,
928 2507 1043 2600 qui
1069 2506 1163 2576 ibi
1192 2530 1347 2576 cum
1366 2504 1602 2600 grandi
1632 2503 1894 2574 familiae
1916 2531 2049 2574 suae
2085 2503 2390 2600 praesidio

250 2626 539 2708 praeerat
560 2611 1351 2706 commeatui,parvulum
1372 2613 1711 2706 navigium
1733 2625 1966 2680 nactus
1983 2612 2392 2698 conscendit,

251 2743 335 2787 ac
370 2743 439 2786 se
477 2717 647 2812 fugae
676 2719 1117 2788 commendat.
1159 2716 1501 2788 Sallustius
1538 2719 1804 2788 interim
1842 2732 2088 2812 praetor
2107 2773 2126 2806 ,
2153 2743 2190 2785 a
2229 2721 2392 2800 Cer·-

250 2824 586 2894 cinatibus
604 2823 624 2848 ²
670 2840 976 2919 receptus
998 2877 1017 2912 ,
1070 2848 1317 2919 magno
1365 2849 1646 2893 numero
1708 2824 2022 2893 frumenti
2069 2827 2340 2893 invento
2370 2878 2390 2912 ,

250 2955 461 2998 naves
504 2933 874 3016 onerarias,
904 2955 1187 3024 quarum
1217 2932 1310 2999 ibi
1340 2934 1493 3000 satis
1523 2954 1764 3025 magna
1799 2933 1992 3026 copia
2018 2929 2142 3000 fuit
2163 2985 2180 3011 ‚
2209 2956 2390 3000 com-

246 3035 424 3130 plet,
452 3050 649 3130 atque
688 3040 756 3105 in
787 3050 1003 3106 castra
1040 3037 1125 3106 ad
1160 3039 1491 3107 Caesarem
1530 3038 1749 3106 mittit.
1795 3035 2094 3106 Allienus
2129 3039 2392 3107 interim

338 3237 393 3290 3.
429 3238 695 3302 Achillam.
727 3238 873 3302 Alii,
902 3238 973 3290 ad
994 3239 1277 3302 Achillam5
1365 3238 1626 3293 mus.Vid.
1659 3259 1706 3293 c.
1735 3241 1888 3294 8.-
1908 3240 1968 3295 C.
2002 3243 2264 3296 Decimius.
2282 3241 2392 3294 Alii

160 3355 189 3374 0
248 3329 313 3370 ut
338 3316 403 3368 Β.
436 3315 504 3369 G.
536 3335 593 3385 1,
625 3322 693 3382 6,
718 3318 790 3369 ad
821 3317 1079 3374 Genevam
1148 3348 1155 3354 ·
1244 3341 1249 3344 ·
1365 3321 1656 3386 Decumius,
1679 3321 1873 3373 Decius.
1903 3321 2041 3374 Dein
2061 3335 2182 3393 post
2215 3323 2389 3390 Quoes-

332 3402 391 3460 4.
416 3393 671 3452 Comidius
684 3399 899 3466 Longus.
904 3396 1036 3452 vid.-
1050 3417 1097 3452 ο.
1122 3400 1172 3452 3.
1199 3399 1313 3454 Μ.
1368 3404 1518 3452 torius
1535 3399 1739 3458 addunt
1750 3399 1970 3472 quidam
1985 3403 2217 3454 vir-:Non
2235 3417 2387 3472 opus.

336 3475 391 3528 ⁵.
427 3476 701 3540 Retia-‘ulum
730 3495 923 3530 suorum
938 3479 1123 3544 facere.
1149 3479 1283 3530 Vul-
1368 3509 1436 3522 -—·
1450 3480 1678 3532 Familiae
1689 3482 2028 3551 suoeproesidio
2043 3501 2061 3534 :
2075 3498 2252 3534 servos
2269 3497 2391 3534 suos

238 3552 372 3628 gata
386 3594 405 3618 ‚
432 3557 647 3624 periculo
676 3577 763 3608 suo
795 3576 892 3608 rem
916 3559 1085 3622 facere
1104 3598 1117 3620 ‚
1154 3558 1281 3612 ferri
1368 3559 1615 3610 militiam
1659 3560 1828 3612 facere
1864 3566 2087 3630 ,jusserat
2107 3601 2122 3628 ,
2161 3573 2222 3612 ut
2257 3561 2392 3614 Cato

232 3635 458 3706 nequit.
496 3635 571 3688 M.
616 3634 933 3691 Emendavit
952 3634 1221 3696 ‚Oudend.
1252 3656 1283 3690 e
1369 3657 1644 3690 servorum
1671 3636 1925 3691 dilectum
1951 3638 2138 3692 habuit
2158 3659 2271 3712 cap.
2297 3641 2390 3704 36,

232 3711 414 3768 codd.
446 3711 573 3768 vid.
618 3733 663 3768 c.
715 3731 807 3784 79.
836 3747 917 3758 —--
938 3717 1279 3772 Achillitanos.
1370 3729 1424 3770 et
1446 3736 1808 3788 saepenumero
1831 3718 1914 3770 his
1937 3721 2266 3836 temporibus
2293 3720 2394 3771 fac·

231 3795 335 3848 sic
360 3790 529 3847 codd.
560 3805 616 3846 et
636 3793 757 3847 edd.
790 3807 919 3862 vett.
944 3795 1120 3848 Plinio
1146 3795 1284 3848 Aco-
1370 3809 1487 3850 tum
1512 3809 1604 3849 est.
1633 3797 1784 3848 Mon.
2385 3839 2394 3845 .

229 3875 403 3930 lirani
412 3869 644 3928 dicendi.
661 3873 818 3946 Apud
846 3873 1025 3941 Grut.,
1050 3894 1105 3945 p.
1135 3877 1201 3929 5.1
1216 3895 1244 3928 2
1270 3907 1287 3938 ,
1378 3923 1387 3932 ,
1460 3895 1509 3928 2.
1553 3875 1885 3930 Cercinitanis.
1927 3877 2014 3929 Sic
2052 3831 2168 3931 cod.
2212 3879 2390 3934 Petav.

225 3964 546 4006 occurrunt
564 3953 889 4026 Αᾳμίῐίὶτωιί,
918 3955 1111 4009 forsan
1120 3952 1283 4009 iidem
1371 3974 1495 4008 nam
1528 3955 1752 4008 Cercina
1769 3957 1944 4009 minor
1956 3955 2099 4010 dicta
2124 3957 2389 4014 Cercinitis.

224 4051 377 4086 cum
404 4032 615 4085 nostris.
1272 4065 1279 4070 -
1372 4034 1443 4088 V.
1475 4035 1614 4088 Plin.
1646 4055 1708 4100 v,
1735 4055 1788 4106 7.
1823 4037 2000 4106 Vulgo
2045 4038 2391 4094 Cercinatibus.

325 4111 467 4165 CAP.
510 4111 768 4166 XXXIV.
823 4131 873 4166 1.
919 4114 1280 4170 Demonstravi·
1371 4115 1566 4168 Noster
1593 4114 1713 4170 cod.
1739 4117 1802 4168 R.
1845 4116 1995 4186 5764
2017 4155 2034 4181 ,
2073 4118 2393 4172 Cerom'tam’s.
