3025 5025
650 445 801 546 374

1439 447 1579 518 D'E
1632 449 2002 518 BELLO

645 573 850 644 hendi
890 571 1174 644 multum
1232 573 1543 668 operibus
1560 627 1581 661 ‚
1622 586 1689 640 et
1732 571 2115 642 ardentibus
2170 569 2405 640 studiis
2460 567 2775 638 militum:

645 704 770 752 nec
811 678 1148 775 divulgata
1195 679 1472 748 Caesaris
1506 679 1883 748 >cohortatio
1928 674 2271 770 subsequi²
2310 675 2643 771 legionum
2676 690 2777 742 aut

645 782 943 856 laborem
965 839 984 874 ,
1027 801 1145 854 aut
1184 785 1528 881 pugnandi
1627 799 1844 854 oterat
1896 782 2326 878 cupiditatem
2374 809 2387 851 ε

2452 797 2530 850 ut
2588 783 2778 874 magis

643 891 1020 962 deterrendi
1065 906 1132 960 et
1183 891 1565 962 continendi
1657 916 1697 960 a
1736 890 2305 986 periculosissimis
2341 903 2566 958 essent
2599 887 2777 956 dimi-

641 999 1044 1086 cationibuS‚
1088 1021 1289 1092 quam
1325 998 1643 1068 incitandi
1684 997 1769 1066 ad
1807 995 2261 1092 pugnandum.

745 1104 1011 1176 XXIII.
1065 1103 1535 1192 Alexandrini,
1558 1129 1767 1198 quum
1804 1107 2145 1174 Romanos
2170 1117 2237 1171 et
2262 1100 2573 1172 secundis
2601 1095 2781 1168 rebus

643 1211 1062 1296 confirmari,
1089 1226 1156 1280 et
1183 1210 1475 1280 adversis
1498 1212 1759 1280 incitari
1788 1210 2129 1297 viderent,
2154 1233 2371 1302 neque
2398 1206 2615 1275 ullum
2644 1205 2780 1274 belli

640 1317 943 1386 tertium¹
989 1342 1214 1386 casum
1269 1331 1573 1404 nossent,
1621 1342 1754 1410 quo
1810 1331 2084 1411 possent
2130 1339 2273 1385 esse
2316 1315 2649 1383 firmiores
2674 1365 2693 1399 ‚
2717 1328 2783 1381 ut

639 1424 1026 1516 conjectura
1047 1426 1362 1518 consequi
1383 1448 1766 1518 possumuS,
1789 1437 1907 1492 aut
1926 1422 2249 1492 admoniti
2268 1446 2309 1488 a
2333 1416 2510 1516 regis
2538 1420 2782 1504 amici5‚

639 1531 754 1623 qui
786 1531 855 1598 in
895 1531 1173 1600 Caesaris
1221 1544 1414 1598 erant
1455 1529 1773 1624 praesidiis
1794 1581 1813 1617 ‚
1850 1544 1965 1598 aut
2014 1554 2136 1598 suo
2187 1529 2411 1623 priore
2448 1524 2727 1594 consilio
2744 1523 2782 1612 ²,

639 1661 760 1730 per
803 1637 1102 1706 occultos
1145 1639 1414 1706 nuntios
1457 1637 1631 1730 regis
1672 1636 1995 1730 probato,
2033 1633 2286 1729 legatos
2322 1633 2405 1702 ad
2459 1635 2782 1702 Caesarem

638 1821 760 1873 cina
798 1821 1012 1874 inventa
1053 1833 1146 1872 est.
1184 1821 1350 1873 Cum..
1391 1817 1667 1872 Tollendae

637 1899 840 1952 Iacunae
860 1900 964 1970 legi
991 1899 1108 1952 vult
1125 1899 1160 1951 J
1161 1900 1301 1952 urin.
1326 1919 1340 1952 ε
1365 1900 1535 1952 Hoc...
1550 1913 1667 1970 per·-

643 1979 947 2032 turbarentur
959 2019 974 2042 ‚
1000 1983 1252 2033 incensi....
1281 1982 1569 2032 accessiones
1583 1981 1667 2046 fe·

642 2072 811 2111 cerunt
832 2063 883 2110 in
907 2079 986 2128 op.
1017 2060 1064 2110 Ιι.
1103 2078 1277 2132 expug.
1317 2063 1366 2110 in
1390 2060 1670 2129 praeliisque

641 2139 844 2210 quotid„
869 2139 1048 2210 quand.
1075 2158 1213 2209 proc.
1247 2151 1298 2190 et
1319 2158 1498 2208 erump.
1515 2139 1667 2192 Alex.

630 2221 742 2285 fors
779 2217 1021 2270 obtulerat
1063 2239 1252 2270 manum
1284 2219 1564 2270 conserendi
1578 2219 1669 2284 fa-

642 2299 867 2350 cultatem
911 2299 1188 2350 ardentibus
1231 2297 1404 2350 studiis
1449 2299 1666 2350 militum.

641 2378 782 2430 Mihi
804 2375 1019 2432 videtur
1045 2378 1120 2430 sic
1145 2379 1286 2430 hene
1308 2377 1561 2430 constitui
1587 2378 1669 2428 lo-

638 2477 736 2511 cus
752 2495 770 2524 ,
790 2475 966 2530 neque
991 2477 1120 2509 vero
1151 2475 1360 2511 necesse
1389 2469 1493 2522 est,
1517 2468 1577 2508 ut
1604 2456 1671 2508 is·

643 2536 742 2590 tud
765 2551 822 2590 ut
840 2539 1204 2609 supprimatur
1227 2550 1280 2589 et
1297 2538 1525 2589 verbum
1540 2538 1672 2603 fiee-

646 2622 746 2669 rint
769 2630 1023 2670 mutetur.
1054 2602 1136 2669 Itxa
1158 2617 1365 2683 Oberl.‚
1386 2616 1559 2669 nostri
1578 2634 1669 2669 co-

645 2695 790 2749 dices
818 2696 928 2749 duo
943 2734 960 2760 ‚
990 2696 1133 2767 vulg.
1162 2698 1284 2749 lect.
1315 2696 1584 2749 exhibent.

729 2796 780 2829 s.
813 2776 1062 2848 Sub-sequi.
1097 2776 1217 2829 Hoc
1253 2794 1366 2828 non
1397 2775 1637 2845 intelligo
1652 2814 1668 2839 ‚

643 2857 914 2927 fassusque
934 2868 1012 2909 est
1027 2855 1446 2927 Oudendorpius
1458 2892 1474 2919 ,
1489 2873 1547 2907 se
1559 2874 1669 2907 non

643 2936 850 3006 assequi
872 2954 1099 2989 sensum.
1134 2935 1322 2988 Multis
1347 2931 1523 2986 modis
1554 2947 1669 2985 ten-

645 3016 754 3069 tavi
769 3034 784 3079 ;
800 3014 891 3068 sed
900 3014 1212 3086 nihil,quod
1231 3032 1551 3087 repereram,
1560 3026 1673 3067 erat

645 3095 701 3145 in
719 3094 804 3147 his
823 3094 1030 3148 verbis:
1052 3094 1188 3148 illud
1205 3112 1374 3147 unum
1388 3092 1673 3147 videbatur

645 3175 776 3226 ferri
794 3192 948 3245 posse
962 3214 976 3239 ,
999 3176 1044 3227 si
1063 3176 1284 3247 subsequi
1303 3186 1437 3227 esset
1454 3178 1667 3244 assequi,
1692 3236 1697 3241 ι

619 3254 798 3325 =quasi
837 3254 989 3306 labor
1019 3266 1074 3307 et
1109 3252 1376 3325 cupiditas
1421 3254 1495 3305 ita
1527 3252 1670 3305 festi-

643 3346 858 3387 nassent
875 3374 890 3399 ,
910 3346 972 3385 ut
995 3334 1230 3387 hortatio
1249 3330 1350 3394 (ne
1379 3332 1478 3385 sibi
1509 3350 1671 3384 noce-

645 3426 770 3467 rent
793 3414 977 3466 labore
1001 3426 1054 3465 et
1075 3407 1398 3485 cupiditate)
1418 3430 1529 3463 non
1546 3427 1671 3481 pos-

645 3506 727 3547 set
752 3512 842 3545 eos
869 3493 1101 3565 assequi,
1125 3493 1250 3545 satis
1267 3505 1474 3544 mature
1491 3489 1560 3543 ad
1582 3510 1671 3544 eos

645 3573 943 3645 pervenire.
969 3572 1073 3625 Sed
1095 3574 1232 3625 foret
1251 3572 1340 3624 hic
1360 3589 1543 3623 sensus
1558 3571 1671 3622 val-

645 3652 716 3706 de
741 3664 1032 3705 contortuS.
1062 3653 1139 3705 Μ.
1171 3650 1504 3724 ,Iampridem
1529 3648 1671 3702 vidi-

605 3731 609 3735 ’
645 3752 764 3785 mus
811 3734 1070 3785 Caesarem
1087 3770 1102 3797 ‚
1129 3744 1254 3803 post
1287 3730 1462 3785 clades
1493 3749 1673 3802 accep-

643 3825 724 3865 tas
737 3853 752 3879 ,
769 3811 984 3864 solitum
999 3831 1112 3864 esse
1127 3812 1322 3865 milites
1343 3829 1468 3863 suos
1483 3810 1673 3862 cohor-

644 3895 782 3958 tari,
809 3910 880 3943 ne
905 3893 1084 3945 animo
1117 3890 1422 3944 deficerent.
1442 3890 1561 3941 Hoc
1578 3909 1670 3941 au-

643 3984 753 4025 tem
775 3972 894 4023 loco
911 4009 926 4035 ,
942 3991 1032 4023 eos
1055 3990 1202 4041 teque
1219 3971 1532 4023 cohortatur
1544 4010 1559 4037 ‚
1578 3968 1672 4022 sed

647 4064 826 4103 tantus
857 4063 970 4102 erat
991 4070 1178 4103 eorum
1203 4049 1364 4103 ardor
1385 4062 1439 4103 et
1467 4048 1674 4121 cupidi-

647 4142 725 4184 tas
756 4131 1025 4183 fortunam
1047 4130 1175 4183 belli
1195 4130 1376 4183 denuo
1403 4128 1644 4183 tentandi
1658 4169 1675 4197 ‚

1755 1831 1817 1872 ut
1859 1818 2080 1872 Caesaris
2122 1817 2359 1870 hortatio
2375 1854 2393 1882 ,
2425 1835 2497 1868 ne
2536 1835 2631 1868 eos
2664 1836 2783 1867 asse·

1755 1901 1841 1971 qui
1856 1897 2123 1970 potuerit,
2156 1895 2214 1949 id
2246 1910 2325 1950 est
2340 1935 2356 1962 ,
2384 1915 2631 1966 aquare,
2653 1897 2784 1948 mul·

1756 1992 1813 2032 to
1845 1978 2022 2032 minus
2053 1976 2301 2030 ardorem
2332 1976 2591 2028 bellicum
2617 1976 2678 2029 in
2706 1977 2787 2040 iis,

1756 2059 1849 2130 qui
1876 2061 1987 2129 jam
2018 2058 2217 2110 nimius
2242 2069 2387 2121 erat,
2416 2054 2716 2126 adaugere3
2735 2068 2786 2108 ut

1756 2151 1943 2191 contra
1970 2137 2009 2188 ii
2032 2137 2215 2210 potius
2248 2133 2560 2188 deterrendi
2587 2148 2785 2200 essent,

1756 2230 1856 2272 etc.
1901 2218 2029 2270 Uno
2071 2217 2237 2269 verbo
2254 2255 2271 2282 ,
2302 2216 2541 2268 hortatio
2574 2216 2787 2270 Caesaris

1756 2317 1853 2348 non
1876 2309 2074 2366 poterat
2102 2299 2315 2368 assequi,
2343 2308 2457 2348 erat
2485 2296 2661 2366 impar
2680 2295 2785 2348 ani·

1754 2395 1846 2428 mo
1876 2377 2142 2430 militum:
2168 2395 2257 2427 son
2290 2376 2509 2428 discours
2538 2379 2665 2426 e'tac'e
2702 2396 2783 2426 uu·

1754 2457 1945 2519 des-sous
1990 2457 2049 2508 de
2088 2457 2194 2508 leur
2228 2474 2452 2525 cour-age.

1842 2538 1893 2590 3.
1924 2538 1977 2588 E
1978 2550 2001 2587 t
2019 2537 2309 2589 commendi.
2338 2535 2457 2588 Hoc
2484 2556 2548 2589 ex
2572 2534 2666 2587 ed.
2686 2538 2783 2587 Da·

1755 2615 1877 2670 visii
1906 2628 1959 2668 et
1990 2616 2109 2668 aliis
2138 2614 2423 2668 exciderat.

1838 2696 1969 2748 Csr.
1980 2696 2187 2749 XXIII.
2212 2714 2261 2748 1.
2284 2696 2520 2747 Ter-tium.
2540 2695 2595 2746 N
2596 2695 2784 2747 omnil-

1755 2774 1797 2825 li
1814 2772 2137 2843 codd.‚tunc.
2165 2775 2361 2828 Noster
2384 2776 2449 2826 R.
2481 2776 2661 2844 5768,
2684 2788 2787 2827 tunc

1756 2858 1877 2907 vim.
1896 2854 2267 2908 vitiosissime.
2290 2853 2665 2907 -Admoniti.
2686 2855 2785 2907 Co·

1756 2931 1901 2985 dices
1918 2933 2163 3005 quidam,
2186 2937 2387 2986 incitati.
2412 2931 2591 2987 codd.
2620 2934 2785 2986 nostri

1757 3014 2040 3085 Vulgatam
2068 3014 2286 3067 habent.

1843 3113 1895 3145 α.
1916 3092 2019 3145 Suo
2040 3097 2205 3163 priore
2222 3095 2440 3145 consilio.
2460 3094 2551 3146 Sic
2572 3092 2785 3164 quidem

1756 3171 2003 3239 codices3
2035 3172 2129 3226 sed
2152 3172 2503 3226 Alexandrini
2524 3174 2633 3227 hoe
2664 3192 2785 3227 con-

1758 3251 1939 3304 silium
1970 3252 2216 3305 nondum
2242 3264 2508 3324 ceperant.
2542 3252 2785 3305 Clarkius

1756 3331 1987 3403 explicat
2006 3333 2107 3397 sic,
2123 3333 2243 3385 illos
2266 3334 2415 3403 prius
2434 3330 2649 3385 dedisse
2668 3351 2790 3384 con·

1757 3411 1965 3476 silium,
1989 3431 2149 3483 quam
2186 3415 2253 3465 ab
2286 3412 2401 3465 aliis
2432 3402 2785 3483 accepissent,

1756 3504 1811 3543 et
1826 3492 1902 3543 sic
1914 3489 2024 3545 dici
2038 3493 2094 3545 h.
2109 3492 2147 3545 l.
2156 3497 2311 3563 peius,
2324 3494 2477 3563 quasi
2486 3506 2645 3559 esset,
2651 3492 2787 3563 prio-

1756 3590 1839 3623 res
1861 3572 2083 3625 consilio
2106 3590 2204 3623 suo
2227 3572 2507 3625 miserunt.
2528 3572 2645 3642 Ego
2662 3590 2787 3623 vero

1756 3650 1931 3722 probo
1945 3670 2033 3703 eas
2046 3650 2309 3704 editiones
2318 3690 2334 3717 ‚
2346 3652 2403 3703 in
2417 3650 2789 3722 quihussuopte

1760 3732 1985 3793 consilio,
2010 3732 2065 3783 h.
2094 3744 2199 3795 est,
2220 3750 2317 3784 suo
2342 3732 2589 3801 ipsorum
2614 3731 2786 3783 consi·

1760 3810 1835 3862 lio
1849 3848 1866 3876 ,
1904 3812 2115 3881 legitur.
2144 3844 2217 3853 --
2248 3811 2493 3863 Pertinet
2530 3811 2641 3863 huc
2682 3810 2785 3861 Dio

1762 3890 1906 3943 Cass.
1929 3929 1945 3952 ,
1994 3908 2109 3943 xLu
2127 3929 2143 3954 ‚
2176 3897 2271 3953 42.
2300 3891 2377 3943 M.
2408 3922 2487 3931 —
2519 3892 2647 3959 Regi
2667 3908 2785 3959 pro-

1762 3970 1893 4023 bato.
1928 3971 2123 4023 Melior
2154 3983 2233 4023 est
2266 3970 2383 4023 haeo
2408 3970 2571 4022 lectio
2596 3970 2755 4021 altera
2768 4006 2785 4031 ,

1762 4068 1878 4121 quae
1900 4050 2060 4103 habet
2082 4053 2223 4119 regis.
2240 4051 2307 4102 In
2322 4050 2425 4101 ista
2448 4050 2639 4101 ultima
2666 4049 2791 4119 plu—

1758 4130 1885 4183 rimi
1914 4128 2071 4183 codd.
2102 4142 2155 4183 et
2180 4130 2351 4183 nostri
2380 4129 2742 4183 consentiunt.
