3025 5025
923 443 999 510 C.
1054 442 1340 510 JULII
1396 439 1863 510 CAESARIS
1919 439 2471 511 COMMENT.

545 571 552 580 ’
608 572 907 643 admissis
951 575 1136 668 equis
1158 627 1176 660 ‚
1219 571 1303 640 ad
1333 663 1336 668 ⁸
1363 596 1517 640 suos
1574 571 1967 666 refugerunt
2000 597 2016 640 ε
2063 572 2275 643 relicti
2324 574 2407 641 ab
2455 573 2595 660 his,
2640 574 2757 666 qui

607 703 743 750 una
821 693 1336 774 procurrerant,
1399 675 1562 748 levis
1641 694 1995 748 armaturae
2066 680 2759 750 circumveniebantur

608 801 808 880 atque
850 786 1420 855 interficiebantur
1447 785 1534 852 ab
1562 787 1821 856 nostris.
1868 789 2019 854 Huc
2056 801 2198 856 tota
2240 788 2404 856 Vari
2433 811 2761 856 conversa

611 895 786 962 acies
829 917 982 962 suos
1029 892 1260 988 fugere
1310 905 1379 961 et
1421 891 1683 962 concidi
1726 891 2011 960 videbat.
2073 896 2246 964 Tum
2308 891 2623 980 Rebilus,
2660 890 2759 962 le-

611 1014 802 1094 gatus
850 999 1166 1087 Caesaris,
1219 1023 1418 1093 quem
1482 999 1689 1068 Curio
1756 1024 1981 1070 secum
2032 1025 2115 1068 ex
2170 999 2389 1070 Sicilia
2443 999 2761 1086 duxerat,

611 1105 792 1200 quod
831 1129 1146 1202 magnum
1181 1105 1429 1174 habere
1458 1130 1655 1174 usum
1694 1108 1762 1174 in
1808 1131 1879 1174 re
1922 1103 2189 1174 militari
2226 1107 2511 1192 sciebat,
2542 1134 2578 1169 α
2600 1131 2761 1200 per-

610 1214 950 1302 territum,
993 1215 1241 1306 inquit,
1280 1212 1543 1282 hostem
1585 1213 1803 1300 vides,
1858 1214 2113 1282 Curio:
2152 1213 2315 1308 quid
2357 1213 2623 1281 dubitas
2664 1213 2765 1280 uti

613 1319 930 1414 temporis
967 1317 1508 1414 opportunitate?
1528 1347 1563 1384 ι
1587 1317 1711 1388 Ille
1739 1343 1949 1388 unum
1977 1319 2310 1408 elocutuS,
2336 1334 2412 1388 ut
2437 1319 2766 1388 memoria

611 1439 918 1494 tenerent
961 1424 1200 1496 milites
1243 1450 1352 1514 ea,
1396 1449 1545 1519 quae
1580 1424 1792 1520 pridie
1836 1426 1961 1494 sibi
2007 1411 2547 1511 confirmassent,
2578 1426 2767 1518 sequi

537 1599 539 1602 .
614 1556 754 1600 sese
785 1532 1009 1625 jubet,
1063 1548 1131 1601 et
1171 1533 1521 1627 praecurrit
1560 1546 1715 1602 ante
1768 1557 2055 1602 omnes:
2103 1533 2401 1626 adeoque
2444 1545 2591 1600 erat
2632 1534 2757 1600 im

611 1638 841 1730 pedita
900 1637 1126 1727 valliS‚
1160 1655 1236 1708 ut
1283 1642 1352 1708 in
1397 1662 1709 1728 ascensu,
1748 1641 1871 1708 nisi
1926 1639 2251 1709 sublevati
2290 1663 2330 1707 a
2366 1640 2499 1708 suis
2480 1693 2536 1768 3,
2570 1639 2771 1733 primi

613 1769 752 1812 non
791 1744 980 1815 facile
1026 1747 1451 1816 eniterentur.
1493 1743 1623 1816 Sed
1660 1761 2161 1842 praeoccupatus
2204 1729 2504 1814 animus³
2544 1747 2767 1814 Attia-

615 1875 858 1920 norum
896 1850 1180 1922 militum
1236 1853 1511 1940 timore,
1556 1865 1625 1921 et
1668 1851 1857 1948 fuga,
1892 1866 1962 1923 et
2018 1853 2199 1922 caede
2244 1876 2553 1940 suorum,
2603 1850 2771 1920 nihil

615 1955 698 2026 de
757 1959 1122 2026 resistendo
1179 1959 1517 2054 cogitabat
1547 2013 1567 2044 ‚
1617 1983 1981 2054 omnesque
2024 1959 2166 2053 jam
2214 1985 2284 2029 se
2330 1958 2413 2028 ab
2469 1960 2771 2052 equitatu

615 2064 1085 2132 circumveniri
1147 2066 1662 2135 arbitrabantur.
1726 2067 1963 2161 Itaque
2013 2068 2197 2160 prius
2224 2119 2244 2154 ,
2300 2089 2501 2158 quam
2560 2063 2769 2132 telum

615 2169 812 2264 adjici
855 2185 1112 2264 posset,
1153 2187 1270 2245 aut
1303 2173 1513 2241 nostri
1556 2173 1833 2268 propius
1872 2173 2305 2259 accederent,
2340 2173 2558 2244 omnis
2604 2173 2767 2242 Vari

619 2278 792 2344 acies
830 2290 1020 2373 terga
1067 2281 1307 2365 vertit,
1353 2303 1556 2372 seque
1596 2281 1664 2346 in
1702 2294 1920 2348 castra
1962 2280 2231 2374 recepit.

722 2385 1008 2453 XXXV.
1033 2385 1278 2472 Quam
1305 2385 1466 2480 fuga
1491 2385 1733 2454 Fabius
1751 2383 2062 2480 Pelignus
2088 2385 2397 2482 quidam,
2414 2409 2498 2452 ex
2523 2331 2769 2454 infimis

617 2489 960 2560 ordinibus
1007 2491 1089 2559 de
1134 2493 1440 2561 exercitu
1483 2491 1799 2561 Curionis
1820 2493 2163 2587 ‚primum
2213 2516 2453 2587 agmen
2504 2491 2771 2587 fugien-

617 2598 782 2666 tium
834 2612 1231 2667 consecutus
1249 2652 1269 2687 ‚
1315 2622 1561 2694 magna
1603 2623 1772 2668 voce
1815 2601 2075 2669 Varum
2112 2600 2383 2667 nomine
2428 2595 2771 2691 appellans

619 2705 1000 2798 requirebat
1033 2730 1048 2771 ε
1085 2706 1183 2773 uti
1219 2729 1392 2773 unus
1441 2728 1586 2773 esse
1636 2730 1719 2771 ex
1738 2748 1747 2756 ·
1768 2704 1911 2797 ejus
1962 2704 2284 2773 militibus
2309 2759 2329 2791 ‚
2382 2718 2451 2773 et
2498 2728 2773 2772 monere

619 2786 866 2903 aliquid
901 2809 1071 2878 velle
1114 2834 1192 2880 ac
1236 2804 1455 2881 di'cere
1500 2809 1856 2879 videretur.
1904 2810 2042 2881 Ubi
2078 2809 2221 2899 ille,
2260 2812 2499 2906 saepius
2542 2808 2773 2904 appel-

619 2913 826 3003 latus,
851 2917 1155 3010 adspexit
1189 2941 1268 2986 ac
1312 2919 1553 2987 restitit
1576 2970 1596 3005 ‚
1628 2930 1731 3004 et,
1768 2920 1913 3011 quis
1950 2932 2159 3002 esset,
2185 2932 2303 2989 aut
2336 2916 2496 3010 quid
2534 2916 2774 3003 vellet,

621 3023 950 3115 quaesivit3
978 3023 1335 3093 humerum
1381 3038 1689 3119 apertum
1708 3021 1983 3117 ‘gladio
2038 3026 2324 3117 appetit,
2366 3022 2775 3117 paulumque

621 3127 838 3197 abfuit
867 3181 887 3216 ,
935 3131 1097 3222 quin
1143 3132 1402 3200 Varum
1447 3130 1896 3200 interficeret:
1954 3130 2136 3224 quod
2194 3129 2303 3197 ille
2360 3128 2735 3223 periculum
2759 3180 2776 3215 ‚

614 463 754 537 172

2101 3308 2319 3412 .8ἑιοείίιιιι
2328 3312 2508 3363 ‚aei-pn

1744 3374 1813 3414 Ins
1814 3383 1877 3413 tru
1882 3372 1977 3411 xict
1956 3338 2106 3425 campis
2239 3386 2328 3425 ,uq
2332 3386 2394 3410 nm
2414 3371 2476 3410 lala
2478 3372 2559 3410 nd·
2582 3372 2731 3411 futuris

1744 3438 1963 3490 Dect-epm
1941 3434 2093 3475 ιιιιιιΙι
2110 3386 2383 3475 ΒιΠιῗιῐι-τιιιι
2444 3434 2567 3487 cepit.

1744 3499 1807 3539 Νι
1809 3496 2109 3551 mpepuiarltv
2110 3510 2365 3555 usmeflffpt'
2353 3498 2484 3542 ,nuda
2464 3505 2609 3547 utaque
2586 3497 2733 3535 enfoed

707 3314 760 3365 3.
794 3312 897 3366 Sed
924 3326 1288 3384 praeoccupatus
1324 3318 1512 3367 am‘mus
1550 3316 1654 3368 At-

626 3398 864 3446 tianorum
881 3433 894 3446 .
926 3432 940 3447 .
959 3434 970 3445 .
989 3432 1002 3446 .
1022 3433 1036 3447 .
1061 3394 1323 3463 cogitabat.
1361 3393 1467 3446 Alii
1502 3411 1517 3445 ε
1571 3392 1662 3445 sed

617 3476 966 3544 proeoccupatis
996 3477 1167 3525 animi-5
1191 3474 1406 3526 Attiani.
1423 3511 1436 3524 .
1456 3513 1470 3526 .
1489 3512 1502 3525 .
1528 3470 1659 3542 cogi-

625 3554 810 3606 tabant.
831 3552 966 3605 Alii:
984 3556 1311 3623 praeoccupati
1329 3554 1478 3603 animi
1489 3553 1659 3605 Attia-

623 3652 792 3685 norum
815 3631 1114 3701 cogitabant.
1142 3632 1339 3685 Omnia
1368 3633 1537 3698 bene,
1560 3651 1659 3702 nec

623 3712 779 3765 facile
822 3724 901 3765 est
941 3710 1241 3765 discernere
1285 3730 1401 3781 qum
1429 3712 1498 3765 sit
1534 3727 1661 3771 vera

623 3792 800 3844 lecti0.
819 3793 984 3843 —Et
1002 3793 1151 3860 fuga.
1185 3792 1380 3843 Markl.
1409 3811 1470 3841 ex
1493 3792 1655 3861 fuga,

626 3870 738 3923 sine
781 3871 1092 3925 auctoritate
1123 3884 1177 3923 et
1209 3871 1533 3925 necessitate.
1576 3870 1663 3923 Sic

628 3949 879 4002 Curionis
895 3951 1174 4003 victoriam
1199 3970 1358 4021 quam
1378 3952 1522 4004 tanta
1536 3968 1663 4003 mox

629 4027 805 4082 clades
831 4044 1076 4083 secutura
1092 4044 1220 4084 erat
1235 4070 1251 4096 ,
1279 4030 1539 4107 describit·
1550 4032 1661 4098 Lu-

629 4126 810 4178 canus,
833 4110 1068 4164 Pharsal.
1087 4112 1182 4163 lib.
1206 4128 1290 4176 iv,
1314 4130 1365 4163 v.
1393 4127 1541 4179 710:

1746 3559 1871 3611 Terga
1889 3560 1979 3611 fug·
1991 3586 2003 3605 ‚
2027 3560 2153 3597 donec
2174 3568 2381 3599 vetuerunt
2399 3568 2522 3597 castra
2540 3586 2553 3606 ‚
2574 3560 2733 3597 cecidit.

1826 3632 1957 3685 Cu».
1986 3616 2225 3685 XXXV..
2255 3650 2302 3684 1.
2336 3632 2604 3683 Humerum
2643 3650 2777 3703 aper·

1749 3723 1865 3763 tum.
1898 3710 2016 3763 Hoc
2056 3723 2162 3781 est,
2190 3708 2439 3763 dextrum
2455 3746 2473 3775 ,
2502 3710 2602 3787 qui
2632 3723 2777 3763 scuto

1747 3809 1860 3843 non
1889 3792 2191 3861 tegebatur:
2220 3791 2294 3841 ita
2320 3782 2563 3842 Vossius.
2596 3792 2671 3841 At
2697 3788 2779 3841 alii

1749 3883 1964 3941 apertum
1986 3868 2174 3923 idem
2150 3889 2273 3927 esse
2290 3882 2446 3940 atque
2472 3866 2609 3921 illud
2638 3865 2780 3941 quod

1748 3950 1786 4001 l.
1828 3968 1943 4015 vn,
1974 3951 2035 4003 B.
2080 3950 2179 4015 G„
2197 3941 2283 4002 de·
2308 3946 2499 4001 AEduis
2548 3946 2777 4001 dicitur.

1752 4030 1962 4083 tametsi
1979 4064 1997 4091 ‚
2012 4022 2193 4081 dea-tris
2216 4030 2420 4080 humeris
2442 4033 2646 4090 ezer-tis,
2678 4026 2782 4079 ani·

1754 4107 2239 4165 madvertebantur.
2260 4108 2452 4183 ¹Male:
2480 4125 2609 4160 nam
2642 4124 2781 4167 ‚nun-
