3025 5025
874 427 949 524 c'.
1006 457 1291 524 JULII
1349 456 1820 524 cAESAnis
1875 403 2431 528 COMMENT.

678 589 895 658 XCV.
930 591 1185 675 Caesar,
1207 590 1630 683 Pompeianis
1659 614 1740 660 ex
1765 589 1924 683 fuga
1951 591 2126 656 intra
2153 587 2404 658 vallum
2429 587 2722 683 compul-

578 697 663 764 sis
695 747 715 781 ‚
760 694 1016 764 nullum
1054 697 1335 791 spatium
1381 698 1746 791 perterritis
1787 695 1948 764 dare
1982 711 2294 790 oportere
2331 695 2728 782 aestimans¹,

577 801 815 870 milites
874 802 1263 872 cohortatus
1308 818 1409 872 est
1426 854 1447 888 ,
1484 818 1563 872 ut
1619 802 1945 872 beneficio
2005 803 2292 872 fortunae
2345 816 2693 870 uterentur
2709 854 2728 889 ,

578 923 923 1001 castraque
991 925 1459 1005 oppugnarent
1494 935 1507 976 ε
1555 912 1705 1004 qui,
1745 912 1870 982 etsi
1923 933 2170 1004 magno
2227 923 2394 978 aestu
2436 909 2728 1003 fatigati,

582 1009 609 1103 ζ
639 1039 795 1082 nam
826 1015 910 1083 ad
938 1015 1283 1086 meridiem
1314 1041 1419 1086 res
1448 1031 1594 1086 erat
1627 1010 2034 1112 perducta),
2067 1031 2322 1103 tamen,
2347 1016 2431 1084 ad
2465 1041 2730 1084 omnem

578 1121 876 1191 laborem
906 1123 1129 1190 animo
1158 1125 1703 1218 parati‚imperio
1731 1138 2122 1217 paruerunt.
2157 1126 2396 1191 Castra
2423 1147 2466 1189 a
2495 1123 2732 1190 cohor·
2799 1125 2806 1135 “

579 1227 785 1316 tibus,
808 1253 955 1321 quae
980 1227 1071 1296 ibi
1090 1229 1397 1323 praesidio
1425 1244 1620 1298 erant·
1641 1228 1886 1298 relictae
1900 1281 1920 1315 ‚
1938 1229 2262 1298 industrie
2285 1228 2732 1297 defendeban-

582 1349 726 1420 tur,
765 1333 978 1402 multo
1018 1337 1217 1404 etiam
1254 1337 1471 1404 acrius
1502 1360 1542 1404 a
1577 1336 1947 1404 Thracibus
1982 1336 2413 1428 barbarisque
2459 1335 2731 1403 auxiliis,

579 1438 758 1508 Nam
798 1442 909 1533 qui
954 1443 1093 1508 acie
1134 1441 1522 1536 refugerant
1562 1442 1839 1520 milites
1879 1456 1947 1510 et
1998 1441 2222 1510 animo
2261 1442 2630 1536 perterriti,
2673 1455 2738 1508 et

580 1545 965 1638 lassitudine
988 1547 1307 1635 confecti,
1327 1550 1543 1618 missis
1555 1545 1892 1654 'plerique
1920 1549 2124 1617 armis
2151 1549 2488 1642 signisque
2509 1547 2740 1616 milita·

579 1633 765 1722 ribus
777 1655 1023 1748 ‚magis
1036 1653 1123 1722 de
1140 1653 1394 1748 reliqua
1412 1655 1602 1750 fuga,
1621 1679 1821 1748 quam
1843 1653 1928 1722 de
1951 1669 2324 1723 castrorum
2353 1654 2737 1723 defensione

583 1759 983 1853 cogitabant.
1022 1762 1259 1854 Neque
1288 1786 1449 1829 vero
1486 1762 1736 1830 diutius
1750 1763 1912 1854 ‚qui
1951 1763 2022 1829 in
2055 1759 2232 1828 vallo
2273 1763 2738 1845 constiterant,

582 1862 1075 1934 multitudinem
1124 1865 1411 1936 telorum
1464 1868 1788 1936 sustinere
1842 1882 2248 1961 potuerunt;
2287 1866 2405 1944 sed
2451 1815 2738 1939 confecti

581 1969 970 2040 vulneribus
992 1971 1215 2041 locum
1244 1973 1685 2067 reliquerunt,
1710 1975 2148 2068 protinusque
2175 1997 2440 2060 omnes,
2457 1973 2741 2042 ducibus

582 2078 687 2144 usi
729 2079 1229 2148 centurionibus
1265 2081 1676 2174 tribunisque
1718 2079 2032 2168 militum,
2060 2082 2130 2147 in
2164 2027 2518 2149 altissinios
2551 2107 2736 2149 mon-

582 2197 720 2268 teS‚
765 2185 879 2276 qui
912 2185 997 2254 ad
1042 2201 1261 2256 castra
1297 2171 1759 2281 pertinebant³
1766 2239 1784 2273 ‚
1829 2185 2296 2280 confugerunt.

690 2291 939 2360 XCVI.
970 2295 1052 2360 In
1080 2294 1311 2362 castris
1338 2295 1640 2387 Pompeii
1666 2293 1894 2362 videre
1928 2293 2111 2362 licuit
2143 2292 2431 2362 triclinia
2473 2308 2680 2362 strata
2699 2293 2742 2380 ¹,

586 455 737 526 310

676 2475 807 2529 CAP.
842 2475 1019 2532 XCV.
1064 2495 1113 2530 1.
1152 2479 1449 2531 AEstimans.
1484 2478 1624 2531 Vul-

590 2574 706 2632 gata
734 2570 786 2611 et
808 2556 1071 2611 editiones
1098 2558 1298 2610 habent
1328 2562 1620 2611 existimans.

591 2642 896 2707 Utrumque
924 2638 1077 2689 bene.
1272 2650 1277 2653 '

674 2742 723 2773 2.
759 2718 943 2769 Missis.
975 2717 1219 2769 Jurinius
1242 2718 1393 2769 malit
1419 2721 1622 2769 amissis.

592 2801 695 2852 On.
714 2800 1033 2868 Per-peram:
1066 2798 1262 2868 passim
1286 2795 1429 2868 apud
1456 2798 1624 2867 scrip-

590 2893 732 2932 tores
766 2877 997 2948 optimos
1029 2877 1297 2947 reperitur
1314 2881 1499 2928 mittere
1523 2896 1624 2947 pro

590 2962 813 3009 amittere
835 2955 1020 3009 eadem
1048 2956 1448 3025 significatione.

674 3040 726 3091 3.
760 3038 822 3089 In
849 3036 1105 3087 altissimos
1132 3048 1327 3088 montes.
1348 3076 1359 3087 .
1376 3076 1387 3088 .
1409 3040 1624 3106 pertine·

591 3120 723 3169 hant.
769 3115 921 3169 Idem
965 3116 1182 3168 criticus
1228 3134 1388 3186 supra
1436 3118 1625 3168 citatus

590 3195 839 3251 emendat
856 3200 906 3247 in
925 3197 1207 3247 altissimum
1224 3208 1501 3249 montem...
1514 3216 1628 3265 per·-

593 3279 806 3340 tinebat‚
838 3276 963 3346 quia
1004 3294 1050 3327 c.
1088 3294 1160 3344 97
1194 3274 1264 3326 de
1302 3294 1415 3327 uno
1441 3288 1625 3327 monte

590 3376 785 3411 sermo·
826 3357 1035 3407 Verum
1089 3356 1266 3407 statim
1312 3355 1370 3406 in
1416 3368 1626 3407 montes

590 3438 794 3489 vicinos
826 3436 949 3506 fuga
980 3436 1116 3486 facta
1142 3433 1385 3486 videtur:
1407 3433 1532 3487 dein
1567 3436 1625 3487 in

590 3518 809 3569 illorum
831 3534 941 3567 uno
966 3515 1217 3567 collectus
1239 3515 1447 3584 fugiens
1474 3532 1624 3566 exer-

590 3598 741 3650 citus.

673 3678 804 3730 Cn.
842 3675 1044 3727 XCVI.
1077 3692 1126 3727 1.
1170 3674 1407 3725 Triclinia
1429 3684 1586 3724 strata
1606 3712 1620 3734 ,

591 3775 818 3825 magnum
839 3758 1033 3824 argenti
1047 3754 1239 3825 pondus
1258 3756 1542 3823 expositum.
1557 3754 1622 3805 In

589 3847 717 3887 vett.
736 3833 897 3887 codd.
911 3846 989 3887 est
1006 3834 1226 3885 trichilas
1247 3845 1445 3885 stratas.
1462 3831 1625 3897 Quod
1639 3836 1654 3849 ‘

590 3914 855 3985 Scaligero
886 3914 944 3965 in
970 3913 1113 3966 notis
1135 3912 1202 3965 ad
1224 3913 1487 3967 Catalecta
1506 3912 1624 3983 pla-

589 4008 689 4047 cet.
712 3994 826 4065 Ego
859 3993 1091 4046 damno:
1114 4012 1292 4064 neque
1320 3993 1466 4046 enim
1494 4005 1625 4045 ster-

586 4085 795 4125 nuntur
826 4074 1080 4139 trichilae3
1108 4072 1249 4125 vidit
1272 4074 1377 4126 hoc
1396 4091 1618 4144 'quoque

582 4169 811 4225 'mag-nus
869 4152 1149 4209 Salmasius
1174 4190 1194 4220 ,
1234 4164 1289 4206 et
1347 4153 1618 4225 ingeniose

1709 2477 1943 2530 restituit
1967 2489 2192 2530 structas.
2214 2477 2273 2537 ,Si
2301 2477 2523 2529 trichilas
2553 2476 2738 2530 admit-

1711 2570 1904 2623 terem,
1919 2576 2114 2629 nempe
2135 2569 2344 2609 structas
2367 2559 2612 2628 recipere
2634 2578 2740 2610 non

1711 2636 2030 2690 dubitarem.
2063 2637 2168 2690 Sed
2197 2657 2310 2689 non
2335 2636 2531 2689 dubito
2561 2638 2742 2709 vulga-

1711 2729 1819 2769 tam
1849 2718 2135 2769 lectionem
2170 2733 2353 2770 veram
2389 2736 2520 2769 esse.
2569 2718 2766 2770 Habe--

1710 2816 1828 2849 mus
1843 2816 1926 2868 ap.
1949 2797 2211 2868 Spartian.
2229 2798 2286 2849 in
2305 2796 2613 2849 Hadriano:
2636 2799 2686 2849 T
2681 2802 2744 2849 ri·'

1712 2878 1860 2927 Clinia
1873 2877 1935 2926 cle
1950 2880 2137 2938 castris,
2154 2890 2206 2928 et
2212 2880 2446 2947 porticus,
2462 2890 2515 2927 et
2526 2889 2736 2947 cryptas,

1713 2968 1764 3007 et
1775 2961 1906 3026 topia
1919 2955 2318 3009 diruet·et.Vides
2331 2956 2421 3008 hic
2433 2975 2652 3027 quoque
2663 2962 2744 3009 tri-

1711 3036 1860 3087 clinia
1891 3037 1949 3088 in
1973 3036 2108 3089 luxu
2131 3048 2446 3089 castrorum.
2471 3036 2623 3101 Quid
2650 3038 2744 3089 mi-

1710 3116 1874 3168 rum?
1896 3134 2064 3186 quum
2101 3115 2234 3169 illud
2265 3117 2456 3187 procul
2489 3118 2560 3168 sit
2592 3136 2621 3168 a
2650 3136 2743 3169 ve·-

1713 3197 1812 3247 teri
1836 3197 2200 3248 Romanorum
2227 3196 2601 3267 simplicitate,
2615 3215 2742 3267 pro-

1711 3276 1798 3327 cul
1839 3294 1868 3326 a
1895 3294 2045 3327 more
2077 3274 2417 3359 Graecorum,
2446 3274 2518 3327 de
2548 3277 2744 3347 quibus

1712 3356 1961 3407 Curtius.
1984 3356 2114 3407 cibus
2135 3375 2270 3427 quem
2284 3368 2547 3426 occupant,
2569 3360 2738 3418 satiat,
2731 3377 2745 3388 ·

1699 3437 1847 3501 sessis
1891 3436 2060 3486 liumus
2087 3435 2241 3487 cubile
2269 3447 2356 3487 est.
2397 3435 2661 3488 Praeterea
2692 3437 2738 3487 si

1711 3516 1801 3568 hic
1833 3516 2046 3566 trichilas
2070 3515 2239 3586 legas,
2259 3513 2393 3586 quid
2419 3516 2614 3567 volunt
2640 3516 2742 3568 sibi

1710 3595 1874 3647 verba
1933 3595 2202 3666 sequentia
2216 3634 2232 3656 ,
2271 3612 2501 3664 magnum
2555 3598 2747 3664 argenti

1707 3674 1898 3745 pondus
1928 3674 2236 3744 expositum?
2253 3674 2502 3745 Denique
2532 3688 2587 3727 et
2615 3674 2735 3732 illa,
2769 3704 2772 3707 ·

1711 3756 1774 3807 L.
1797 3753 1992 3805 Lentuli
2007 3766 2054 3805 et
2070 3754 2406 3806 nonnullorum
2428 3755 2740 3806 tabernacula

1705 3844 1925 3904 protecta
1955 3834 2146 3887 heder-a.
2172 3834 2346 3905 Topia
2375 3834 2469 3886 hic
2502 3834 2742 3905 designat

1713 3914 1917 3979 Caesar;
1949 3913 2096 3984 atqui
2125 3914 2216 3966 illa
2241 3914 2381 3966 nihil
2409 3913 2558 3966 aliud
2583 3932 2740 3985 quam

1712 3993 1954 4045 trichilae.
1974 3994 2162 4065 Itaque
2181 3996 2478 4064 ταυτόλογος
2501 3993 2583 4059 fit,
2595 3992 2741 4064 quod

1711 4090 1822 4125 non
1863 4074 1993 4125 fero,
2041 4074 2220 4137 Quare
2264 4092 2476 4145 expono
2523 4072 2747 4127 Caesaris‘

1705 4154 1869 4207 verba
1898 4152 2111 4204 triclinia
2127 4165 2284 4205 strata
2297 4191 2314 4213 ‚
2335 4152 2450 4207 scil.
2471 4152 2541 4206 ad
2567 4152 2738 4206 molli-
