<?xml version="1.0" encoding="UTF-8"?>
<!DOCTYPE html PUBLIC "-//W3C//DTD XHTML 1.0 Transitional//EN"
    "http://www.w3.org/TR/xhtml1/DTD/xhtml1-transitional.dtd">
<html xmlns="http://www.w3.org/1999/xhtml" xml:lang="en" lang="en">
 <head>
  <title>
</title>
<meta http-equiv="Content-Type" content="text/html;charset=utf-8" />
  <meta name='ocr-system' content='tesseract 3.04.00' />
  <meta name='ocr-capabilities' content='ocr_page ocr_carea ocr_par ocr_line ocrx_word'/>
</head>
<body>
  <div class='ocr_page' id='page_1' title='image "./caiusjuliuscsar00plutgoog_0136.png"; bbox 0 0 3025 5025; ppageno 0'>
   <div class='ocr_carea' id='block_1_1' title="bbox 619 489 1967 560">
    <p class='ocr_par' dir='ltr' id='par_1_1' title="bbox 619 489 1967 560">
     <span class='ocr_line' id='line_1_1' title="bbox 619 489 1967 560; baseline -0.001 -2"><span class='ocrx_word' id='word_1_1' title='bbox 619 490 760 558; x_wconf 92' lang='lat' dir='ltr'><em>DE</em></span> <span class='ocrx_word' id='word_1_2' title='bbox 813 489 1168 560; x_wconf 89' lang='lat' dir='ltr'>BELLO</span> <span class='ocrx_word' id='word_1_3' title='bbox 1221 491 1594 560; x_wconf 90' lang='lat' dir='ltr'>CIVILI.</span> <span class='ocrx_word' id='word_1_4' title='bbox 1651 491 1844 558; x_wconf 93' lang='lat' dir='ltr'><strong><em>LIB.</em></strong></span> <span class='ocrx_word' id='word_1_5' title='bbox 1913 491 1967 558; x_wconf 94' lang='lat' dir='ltr'><em>I.</em></span> 
     </span>
    </p>
   </div>
   <div class='ocr_carea' id='block_1_2' title="bbox 285 619 1264 690">
    <p class='ocr_par' dir='ltr' id='par_1_2' title="bbox 285 619 1264 690">
     <span class='ocr_line' id='line_1_2' title="bbox 285 619 1264 690; baseline 0.005 -24"><span class='ocrx_word' id='word_1_6' title='bbox 285 633 416 668; x_wconf 81' lang='lat' dir='ltr'><em>sorum</em></span> <span class='ocrx_word' id='word_1_7' title='bbox 433 619 786 688; x_wconf 73' lang='lat' dir='ltr'><em>cognoscebant,</em></span> <span class='ocrx_word' id='word_1_8' title='bbox 818 630 868 670; x_wconf 89' lang='lat' dir='ltr'><em>et</em></span> <span class='ocrx_word' id='word_1_9' title='bbox 891 621 1026 690; x_wconf 87' lang='lat' dir='ltr'><em>cujus</em></span> <span class='ocrx_word' id='word_1_10' title='bbox 1055 619 1264 672; x_wconf 84' lang='lat' dir='ltr'><em>nondum</em></span> 
     </span>
    </p>
   </div>
   <div class='ocr_carea' id='block_1_3' title="bbox 2233 507 2367 554">
    <p class='ocr_par' dir='ltr' id='par_1_3' title="bbox 2233 507 2367 554">
     <span class='ocr_line' id='line_1_3' title="bbox 2233 507 2367 554; baseline -0.007 0"><span class='ocrx_word' id='word_1_11' title='bbox 2233 507 2367 554; x_wconf 75' lang='lat'><em>121</em></span> 
     </span>
    </p>
   </div>
   <div class='ocr_carea' id='block_1_4' title="bbox 1353 615 2383 690">
    <p class='ocr_par' dir='ltr' id='par_1_4' title="bbox 1353 615 2383 690">
     <span class='ocr_line' id='line_1_4' title="bbox 1353 615 2383 690; baseline -0.005 -19"><span class='ocrx_word' id='word_1_12' title='bbox 1353 618 1651 690; x_wconf 79' lang='lat' dir='ltr'><em>Scipio‚E.v</em></span> <span class='ocrx_word' id='word_1_13' title='bbox 1664 621 1815 671; x_wconf 85' lang='lat' dir='ltr'><em>animi</em></span> <span class='ocrx_word' id='word_1_14' title='bbox 1827 622 1932 680; x_wconf 85' lang='lat' dir='ltr'><em>mei,</em></span> <span class='ocrx_word' id='word_1_15' title='bbox 1946 615 2142 690; x_wconf 81' lang='lat' dir='ltr'><em>inquit,</em></span> <span class='ocrx_word' id='word_1_16' title='bbox 2148 617 2383 668; x_wconf 81' lang='lat' dir='ltr'><em>sententia</em></span> 
     </span>
    </p>
   </div>
   <div class='ocr_carea' id='block_1_5' title="bbox 273 696 2385 769">
    <p class='ocr_par' dir='ltr' id='par_1_5' title="bbox 273 696 2385 769">
     <span class='ocr_line' id='line_1_5' title="bbox 273 696 2385 769; baseline 0 -23"><span class='ocrx_word' id='word_1_17' title='bbox 273 696 390 767; x_wconf 70' lang='lat' dir='ltr'><em>Justa</em></span> <span class='ocrx_word' id='word_1_18' title='bbox 421 717 554 748; x_wconf 87' lang='lat' dir='ltr'><em>causa</em></span> <span class='ocrx_word' id='word_1_19' title='bbox 596 702 830 750; x_wconf 79' lang='lat' dir='ltr'><em>missionis</em></span> <span class='ocrx_word' id='word_1_20' title='bbox 867 703 979 750; x_wconf 79' lang='lat' dir='ltr'><em>visa</em></span> <span class='ocrx_word' id='word_1_21' title='bbox 1021 712 1162 760; x_wconf 83' lang='lat' dir='ltr'><em>esset,</em></span> <span class='ocrx_word' id='word_1_22' title='bbox 1195 702 1266 750; x_wconf 88' lang='lat' dir='ltr'><em>ita</em></span> <span class='ocrx_word' id='word_1_23' title='bbox 1342 702 1476 768; x_wconf 89' lang='lat' dir='ltr'><em>juro,</em></span> <span class='ocrx_word' id='word_1_24' title='bbox 1491 711 1549 750; x_wconf 89' lang='lat' dir='ltr'><em>ut</em></span> <span class='ocrx_word' id='word_1_25' title='bbox 1560 718 1651 768; x_wconf 79' lang='lat' dir='ltr'><em>ego</em></span> <span class='ocrx_word' id='word_1_26' title='bbox 1664 699 1997 769; x_wconf 78' lang='lat' dir='ltr'><em>rempublicam</em></span> <span class='ocrx_word' id='word_1_27' title='bbox 2006 698 2176 769; x_wconf 83' lang='lat' dir='ltr'><em>populi</em></span> <span class='ocrx_word' id='word_1_28' title='bbox 2194 697 2385 748; x_wconf 75' lang='lat' dir='ltr'><em>romani</em></span> 
     </span>
    </p>
   </div>
   <div class='ocr_carea' id='block_1_6' title="bbox 268 776 1282 3407">
    <p class='ocr_par' dir='ltr' id='par_1_6' title="bbox 268 776 1282 3407">
     <span class='ocr_line' id='line_1_6' title="bbox 273 776 1272 848; baseline 0.005 -23"><span class='ocrx_word' id='word_1_29' title='bbox 273 776 572 845; x_wconf 79' lang='lat' dir='ltr'><em>jusjurandum</em></span> <span class='ocrx_word' id='word_1_30' title='bbox 590 778 867 848; x_wconf 78' lang='lat' dir='ltr'><em>adigebant.</em></span> <span class='ocrx_word' id='word_1_31' title='bbox 880 780 999 830; x_wconf 73' lang='lat' dir='ltr'><em>«Ex</em></span> <span class='ocrx_word' id='word_1_32' title='bbox 1023 782 1174 831; x_wconf 87' lang='lat' dir='ltr'><em>animi</em></span> <span class='ocrx_word' id='word_1_33' title='bbox 1197 783 1272 830; x_wconf 90' lang='lat' dir='ltr'><em>tui</em></span> 
     </span>
     <span class='ocr_line' id='line_1_7' title="bbox 280 856 1268 926; baseline 0.007 -22"><span class='ocrx_word' id='word_1_34' title='bbox 280 860 494 921; x_wconf 82' lang='lat' dir='ltr'><em>sententia,</em></span> <span class='ocrx_word' id='word_1_35' title='bbox 510 869 597 912; x_wconf 90' lang='lat' dir='ltr'><em>etc.</em></span> <span class='ocrx_word' id='word_1_36' title='bbox 607 858 781 912; x_wconf 83' lang='lat' dir='ltr'><strong>Cicer.</strong></span> <span class='ocrx_word' id='word_1_37' title='bbox 793 856 1236 911; x_wconf 82' lang='lat' dir='ltr'><em>Academicorum</em></span> <span class='ocrx_word' id='word_1_38' title='bbox 1251 898 1268 926; x_wconf 93' lang='lat'><em>,</em></span> 
     </span>
     <span class='ocr_line' id='line_1_8' title="bbox 279 933 1272 1010; baseline 0.003 -24"><span class='ocrx_word' id='word_1_39' title='bbox 279 933 309 987; x_wconf 89' lang='lat' dir='ltr'><em>l.</em></span> <span class='ocrx_word' id='word_1_40' title='bbox 324 941 352 998; x_wconf 78' lang='grc'><em>4</em></span> <span class='ocrx_word' id='word_1_41' title='bbox 368 975 384 1002; x_wconf 82' lang='lat'><em>,</em></span> <span class='ocrx_word' id='word_1_42' title='bbox 396 937 490 988; x_wconf 73' lang='lat' dir='ltr'><em>lzoec</em></span> <span class='ocrx_word' id='word_1_43' title='bbox 505 957 645 1010; x_wconf 83' lang='lat' dir='ltr'><em>quum</em></span> <span class='ocrx_word' id='word_1_44' title='bbox 671 957 792 989; x_wconf 75' lang='lat' dir='ltr'><em>vera</em></span> <span class='ocrx_word' id='word_1_45' title='bbox 805 958 904 990; x_wconf 87' lang='lat' dir='ltr'><em>esse</em></span> <span class='ocrx_word' id='word_1_46' title='bbox 915 957 1207 1000; x_wconf 87' lang='lat' dir='ltr'><em>concessero,</em></span> <span class='ocrx_word' id='word_1_47' title='bbox 1225 944 1272 990; x_wconf 87' lang='lat' dir='ltr'><em>si</em></span> 
     </span>
     <span class='ocr_line' id='line_1_9' title="bbox 279 1015 1272 1088; baseline 0.004 -22"><span class='ocrx_word' id='word_1_48' title='bbox 279 1015 448 1086; x_wconf 72' lang='lat' dir='ltr'><em>adigam</em></span> <span class='ocrx_word' id='word_1_49' title='bbox 495 1019 836 1088; x_wconf 85' lang='lat' dir='ltr'><em>jusjurandum</em></span> <span class='ocrx_word' id='word_1_50' title='bbox 883 1022 1140 1088; x_wconf 82' lang='lat' dir='ltr'><em>sapientem</em></span> <span class='ocrx_word' id='word_1_51' title='bbox 1158 1058 1174 1086; x_wconf 84' lang='lat'>‚</span> <span class='ocrx_word' id='word_1_52' title='bbox 1211 1039 1272 1070; x_wconf 86' lang='lat' dir='ltr'><em>ne</em></span> 
     </span>
     <span class='ocr_line' id='line_1_10' title="bbox 273 1097 1270 1164; baseline 0.003 -18"><span class='ocrx_word' id='word_1_53' title='bbox 273 1098 414 1163; x_wconf 84' lang='lat' dir='ltr'><em>prius,</em></span> <span class='ocrx_word' id='word_1_54' title='bbox 431 1107 512 1150; x_wconf 83' lang='lat' dir='ltr'><em>etc.</em></span> <span class='ocrx_word' id='word_1_55' title='bbox 539 1097 745 1150; x_wconf 85' lang='lat' dir='ltr'><em>Gellius</em></span> <span class='ocrx_word' id='word_1_56' title='bbox 763 1099 826 1164; x_wconf 86' lang='lat' dir='ltr'><em>‚l.</em></span> <span class='ocrx_word' id='word_1_57' title='bbox 851 1105 912 1164; x_wconf 74' lang='grc'><em>4,</em></span> <span class='ocrx_word' id='word_1_58' title='bbox 943 1117 988 1150; x_wconf 90' lang='lat' dir='ltr'><em>c.</em></span> <span class='ocrx_word' id='word_1_59' title='bbox 1025 1118 1109 1151; x_wconf 81' lang='lat'><em>20.</em></span> <span class='ocrx_word' id='word_1_60' title='bbox 1141 1097 1270 1150; x_wconf 87' lang='lat' dir='ltr'><em>Cen·</em></span> 
     </span>
     <span class='ocr_line' id='line_1_11' title="bbox 275 1175 1273 1247; baseline 0.006 -23"><span class='ocrx_word' id='word_1_61' title='bbox 275 1193 345 1225; x_wconf 77' lang='lat' dir='ltr'><em>sor</em></span> <span class='ocrx_word' id='word_1_62' title='bbox 364 1175 656 1246; x_wconf 76' lang='lat' dir='ltr'><em>adigebatde</em></span> <span class='ocrx_word' id='word_1_63' title='bbox 677 1178 904 1229; x_wconf 77' lang='lat' dir='ltr'><em>uxoribus</em></span> <span class='ocrx_word' id='word_1_64' title='bbox 931 1179 1154 1230; x_wconf 84' lang='lat' dir='ltr'><em>sollemne</em></span> <span class='ocrx_word' id='word_1_65' title='bbox 1165 1181 1273 1247; x_wconf 86' lang='lat' dir='ltr'><em>jus·</em></span> 
     </span>
     <span class='ocr_line' id='line_1_12' title="bbox 268 1256 1271 1330; baseline 0.004 -25"><span class='ocrx_word' id='word_1_66' title='bbox 268 1256 527 1322; x_wconf 83' lang='lat' dir='ltr'><em>jurandum,</em></span> <span class='ocrx_word' id='word_1_67' title='bbox 561 1257 715 1310; x_wconf 60' lang='lat' dir='ltr'><em>‘verba</em></span> <span class='ocrx_word' id='word_1_68' title='bbox 738 1269 880 1310; x_wconf 90' lang='lat' dir='ltr'><em>erant</em></span> <span class='ocrx_word' id='word_1_69' title='bbox 910 1262 981 1309; x_wconf 86' lang='lat' dir='ltr'><em>ita</em></span> <span class='ocrx_word' id='word_1_70' title='bbox 1015 1270 1271 1330; x_wconf 83' lang='lat' dir='ltr'><em>concepta,-</em></span> 
     </span>
     <span class='ocr_line' id='line_1_13' title="bbox 283 1337 1272 1409; baseline 0.005 -25"><span class='ocrx_word' id='word_1_71' title='bbox 283 1346 359 1385; x_wconf 83' lang='lat' dir='ltr'><em>·et</em></span> <span class='ocrx_word' id='word_1_72' title='bbox 383 1347 456 1399; x_wconf 87' lang='lat' dir='ltr'><em>tu,</em></span> <span class='ocrx_word' id='word_1_73' title='bbox 485 1349 582 1390; x_wconf 87' lang='lat' dir='ltr'><em>etc.</em></span> <span class='ocrx_word' id='word_1_74' title='bbox 609 1337 722 1390; x_wconf 84' lang='lat' dir='ltr'><em>etl.</em></span> <span class='ocrx_word' id='word_1_75' title='bbox 755 1341 823 1391; x_wconf 88' lang='lat'><em>16</em></span> <span class='ocrx_word' id='word_1_76' title='bbox 844 1377 859 1404; x_wconf 93' lang='lat'>‚</span> <span class='ocrx_word' id='word_1_77' title='bbox 877 1356 992 1409; x_wconf 89' lang='lat' dir='ltr'><em>cap.</em></span> <span class='ocrx_word' id='word_1_78' title='bbox 1023 1343 1076 1400; x_wconf 76' lang='grc'><em>’4.</em></span> <span class='ocrx_word' id='word_1_79' title='bbox 1111 1339 1272 1407; x_wconf 81' lang='lat' dir='ltr'><em>Quum</em></span> 
     </span>
     <span class='ocr_line' id='line_1_14' title="bbox 275 1413 1272 1489; baseline 0.005 -25"><span class='ocrx_word' id='word_1_80' title='bbox 275 1413 453 1467; x_wconf 82' lang='lat' dir='ltr'><em>delectus</em></span> <span class='ocrx_word' id='word_1_81' title='bbox 499 1420 764 1489; x_wconf 85' lang='lat' dir='ltr'><em>antiquitus</em></span> <span class='ocrx_word' id='word_1_82' title='bbox 793 1416 967 1487; x_wconf 83' lang='lat' dir='ltr'><em>fieret,</em></span> <span class='ocrx_word' id='word_1_83' title='bbox 1007 1429 1058 1468; x_wconf 90' lang='lat' dir='ltr'><em>et</em></span> <span class='ocrx_word' id='word_1_84' title='bbox 1101 1419 1272 1469; x_wconf 85' lang='lat' dir='ltr'><em>milites</em></span> 
     </span>
     <span class='ocr_line' id='line_1_15' title="bbox 273 1495 1273 1567; baseline 0.006 -23"><span class='ocrx_word' id='word_1_85' title='bbox 273 1495 582 1557; x_wconf 78' lang='lat' dir='ltr'><em>scriberentur,</em></span> <span class='ocrx_word' id='word_1_86' title='bbox 620 1500 670 1548; x_wconf 86' lang='lat' dir='ltr'><em>in</em></span> <span class='ocrx_word' id='word_1_87' title='bbox 699 1497 1040 1567; x_wconf 69' lang='lat' dir='ltr'><em>jusjurandum</em></span> <span class='ocrx_word' id='word_1_88' title='bbox 1073 1517 1151 1550; x_wconf 83' lang='lat' dir='ltr'><em>eos</em></span> <span class='ocrx_word' id='word_1_89' title='bbox 1185 1502 1273 1550; x_wconf 86' lang='lat' dir='ltr'><em>tri·</em></span> 
     </span>
     <span class='ocr_line' id='line_1_16' title="bbox 277 1573 1269 1646; baseline 0.005 -21"><span class='ocrx_word' id='word_1_90' title='bbox 277 1573 405 1628; x_wconf 77' lang='lat' dir='ltr'><em>hunus</em></span> <span class='ocrx_word' id='word_1_91' title='bbox 424 1578 644 1628; x_wconf 85' lang='lat' dir='ltr'><em>militaris</em></span> <span class='ocrx_word' id='word_1_92' title='bbox 669 1577 928 1646; x_wconf 79' lang='lat' dir='ltr'><em>adigebat:</em></span> <span class='ocrx_word' id='word_1_93' title='bbox 949 1589 1003 1629; x_wconf 88' lang='lat' dir='ltr'><em>et</em></span> <span class='ocrx_word' id='word_1_94' title='bbox 1033 1577 1172 1630; x_wconf 76' lang='lat' dir='ltr'><em>infra</em></span> <span class='ocrx_word' id='word_1_95' title='bbox 1187 1615 1204 1644; x_wconf 86' lang='lat'>‚</span> <span class='ocrx_word' id='word_1_96' title='bbox 1233 1578 1269 1630; x_wconf 93' lang='lat' dir='ltr'><em>l.</em></span> 
     </span>
     <span class='ocr_line' id='line_1_17' title="bbox 278 1655 1272 1721; baseline 0.004 -17"><span class='ocrx_word' id='word_1_97' title='bbox 278 1669 334 1720; x_wconf 85' lang='lat'><em>11,</em></span> <span class='ocrx_word' id='word_1_98' title='bbox 344 1673 384 1707; x_wconf 89' lang='lat' dir='ltr'><em>c.</em></span> <span class='ocrx_word' id='word_1_99' title='bbox 409 1657 492 1721; x_wconf 89' lang='lat'><em>18,</em></span> <span class='ocrx_word' id='word_1_100' title='bbox 507 1655 574 1709; x_wconf 85' lang='lat' dir='ltr'><em>de</em></span> <span class='ocrx_word' id='word_1_101' title='bbox 589 1657 648 1710; x_wconf 92' lang='lat' dir='ltr'><em>B.</em></span> <span class='ocrx_word' id='word_1_102' title='bbox 669 1658 787 1710; x_wconf 82' lang='lat' dir='ltr'><em>Civ.</em></span> <span class='ocrx_word' id='word_1_103' title='bbox 809 1659 1146 1710; x_wconf 73' lang='lat' dir='ltr'><em>:Provinciam</em></span> <span class='ocrx_word' id='word_1_104' title='bbox 1171 1677 1272 1708; x_wconf 90' lang='lat' dir='ltr'><em>om-</em></span> 
     </span>
     <span class='ocr_line' id='line_1_18' title="bbox 277 1737 1276 1808; baseline 0.005 -25"><span class='ocrx_word' id='word_1_105' title='bbox 277 1750 365 1784; x_wconf 82' lang='lat' dir='ltr'><em>nem</em></span> <span class='ocrx_word' id='word_1_106' title='bbox 391 1739 437 1786; x_wconf 86' lang='lat' dir='ltr'><em>in</em></span> <span class='ocrx_word' id='word_1_107' title='bbox 463 1756 550 1788; x_wconf 89' lang='lat' dir='ltr'><em>sua</em></span> <span class='ocrx_word' id='word_1_108' title='bbox 575 1748 624 1787; x_wconf 89' lang='lat' dir='ltr'><em>et</em></span> <span class='ocrx_word' id='word_1_109' title='bbox 644 1737 866 1808; x_wconf 89' lang='lat' dir='ltr'><em>Pompeii</em></span> <span class='ocrx_word' id='word_1_110' title='bbox 891 1737 1042 1788; x_wconf 79' lang='lat' dir='ltr'><em>verba</em></span> <span class='ocrx_word' id='word_1_111' title='bbox 1064 1757 1156 1807; x_wconf 83' lang='lat' dir='ltr'><em>per</em></span> <span class='ocrx_word' id='word_1_112' title='bbox 1169 1739 1276 1807; x_wconf 89' lang='lat' dir='ltr'><em>jus-</em></span> 
     </span>
     <span class='ocr_line' id='line_1_19' title="bbox 270 1813 1274 1888; baseline 0.006 -25"><span class='ocrx_word' id='word_1_113' title='bbox 270 1813 502 1881; x_wconf 73' lang='lat' dir='ltr'><em>jurandum</em></span> <span class='ocrx_word' id='word_1_114' title='bbox 526 1816 776 1886; x_wconf 77' lang='lat' dir='ltr'><em>adigebat.</em></span> <span class='ocrx_word' id='word_1_115' title='bbox 796 1814 957 1888; x_wconf 85' lang='lat' dir='ltr'><strong>Apud</strong></span> <span class='ocrx_word' id='word_1_116' title='bbox 987 1815 1196 1870; x_wconf 81' lang='lat' dir='ltr'><strong>Sallust.</strong></span> <span class='ocrx_word' id='word_1_117' title='bbox 1217 1817 1274 1869; x_wconf 81' lang='lat' dir='ltr'><em>in</em></span> 
     </span>
     <span class='ocr_line' id='line_1_20' title="bbox 277 1891 1278 1965; baseline 0.005 -21"><span class='ocrx_word' id='word_1_118' title='bbox 277 1891 560 1952; x_wconf 74' lang='lat' dir='ltr'><em>Catilinario</em></span> <span class='ocrx_word' id='word_1_119' title='bbox 577 1896 720 1948; x_wconf 89' lang='lat' dir='ltr'><em>bello</em></span> <span class='ocrx_word' id='word_1_120' title='bbox 735 1936 749 1964; x_wconf 90' lang='lat'><em>,</em></span> <span class='ocrx_word' id='word_1_121' title='bbox 764 1898 858 1948; x_wconf 84' lang='lat' dir='ltr'><em>ubi</em></span> <span class='ocrx_word' id='word_1_122' title='bbox 880 1898 936 1949; x_wconf 88' lang='lat' dir='ltr'><em>in</em></span> <span class='ocrx_word' id='word_1_123' title='bbox 952 1896 1154 1950; x_wconf 85' lang='lat' dir='ltr'><em>excusis</em></span> <span class='ocrx_word' id='word_1_124' title='bbox 1169 1909 1247 1950; x_wconf 86' lang='lat' dir='ltr'><em>est</em></span> <span class='ocrx_word' id='word_1_125' title='bbox 1262 1937 1278 1965; x_wconf 90' lang='lat'><em>,</em></span> 
     </span>
     <span class='ocr_line' id='line_1_21' title="bbox 279 1975 1279 2047; baseline 0.005 -24"><span class='ocrx_word' id='word_1_126' title='bbox 279 1991 396 2043; x_wconf 82' lang='lat' dir='ltr'><em>quum</em></span> <span class='ocrx_word' id='word_1_127' title='bbox 433 1975 498 2026; x_wconf 84' lang='lat' dir='ltr'><em>ad</em></span> <span class='ocrx_word' id='word_1_128' title='bbox 533 1976 874 2047; x_wconf 83' lang='lat' dir='ltr'><em>jusjurandum</em></span> <span class='ocrx_word' id='word_1_129' title='bbox 903 1977 1162 2047; x_wconf 82' lang='lat' dir='ltr'><em>populares</em></span> <span class='ocrx_word' id='word_1_130' title='bbox 1201 1981 1279 2028; x_wconf 86' lang='lat' dir='ltr'><em>sui</em></span> 
     </span>
     <span class='ocr_line' id='line_1_22' title="bbox 279 2054 1274 2127; baseline 0.007 -26"><span class='ocrx_word' id='word_1_131' title='bbox 279 2054 440 2106; x_wconf 79' lang='lat' dir='ltr'><em>sceleris</em></span> <span class='ocrx_word' id='word_1_132' title='bbox 463 2055 696 2126; x_wconf 78' lang='lat' dir='ltr'><em>adigeret.</em></span> <span class='ocrx_word' id='word_1_133' title='bbox 714 2056 798 2108; x_wconf 88' lang='lat' dir='ltr'><em>Sic</em></span> <span class='ocrx_word' id='word_1_134' title='bbox 822 2070 874 2108; x_wconf 81' lang='lat' dir='ltr'><em>et</em></span> <span class='ocrx_word' id='word_1_135' title='bbox 897 2054 1040 2127; x_wconf 85' lang='lat' dir='ltr'><em>apud</em></span> <span class='ocrx_word' id='word_1_136' title='bbox 1057 2056 1274 2127; x_wconf 87' lang='lat' dir='ltr'><em>Ulpian.</em></span> 
     </span>
     <span class='ocr_line' id='line_1_23' title="bbox 281 2131 1280 2208; baseline 0.004 -24"><span class='ocrx_word' id='word_1_137' title='bbox 281 2131 328 2184; x_wconf 87' lang='lat' dir='ltr'><em>in</em></span> <span class='ocrx_word' id='word_1_138' title='bbox 349 2133 380 2186; x_wconf 93' lang='lat' dir='ltr'><em>l.</em></span> <span class='ocrx_word' id='word_1_139' title='bbox 409 2133 714 2208; x_wconf 78' lang='lat' dir='ltr'><em>adoptivum</em></span> <span class='ocrx_word' id='word_1_140' title='bbox 737 2137 786 2188; x_wconf 95' lang='lat' dir='ltr'><strong>D</strong></span> <span class='ocrx_word' id='word_1_141' title='bbox 805 2134 874 2188; x_wconf 91' lang='lat' dir='ltr'><em>de</em></span> <span class='ocrx_word' id='word_1_142' title='bbox 897 2135 954 2188; x_wconf 88' lang='lat' dir='ltr'><em>in</em></span> <span class='ocrx_word' id='word_1_143' title='bbox 979 2138 1066 2205; x_wconf 85' lang='lat' dir='ltr'><em>jus</em></span> <span class='ocrx_word' id='word_1_144' title='bbox 1088 2154 1280 2188; x_wconf 85' lang='lat' dir='ltr'><em>vocan-</em></span> 
     </span>
     <span class='ocr_line' id='line_1_24' title="bbox 282 2209 1280 2287; baseline 0.004 -25"><span class='ocrx_word' id='word_1_145' title='bbox 282 2209 354 2265; x_wconf 87' lang='lat' dir='ltr'><em>do.</em></span> <span class='ocrx_word' id='word_1_146' title='bbox 381 2214 476 2266; x_wconf 75' lang='lat' dir='ltr'><em>Sed</em></span> <span class='ocrx_word' id='word_1_147' title='bbox 493 2219 537 2267; x_wconf 84' lang='lat' dir='ltr'><em>si</em></span> <span class='ocrx_word' id='word_1_148' title='bbox 563 2217 634 2268; x_wconf 86' lang='lat' dir='ltr'><em>ad</em></span> <span class='ocrx_word' id='word_1_149' title='bbox 647 2216 990 2287; x_wconf 86' lang='lat' dir='ltr'><em>jusjurandum</em></span> <span class='ocrx_word' id='word_1_150' title='bbox 1021 2216 1192 2286; x_wconf 77' lang='lat' dir='ltr'><em>adegi,</em></span> <span class='ocrx_word' id='word_1_151' title='bbox 1220 2236 1280 2267; x_wconf 86' lang='lat' dir='ltr'><em>ne</em></span> 
     </span>
     <span class='ocr_line' id='line_1_25' title="bbox 284 2295 1279 2366; baseline 0.003 -23"><span class='ocrx_word' id='word_1_152' title='bbox 284 2310 450 2346; x_wconf 70' lang='lat' dir='ltr'><em>uxorem</em></span> <span class='ocrx_word' id='word_1_153' title='bbox 479 2296 651 2357; x_wconf 85' lang='lat' dir='ltr'><em>ducat,</em></span> <span class='ocrx_word' id='word_1_154' title='bbox 700 2316 758 2347; x_wconf 87' lang='lat' dir='ltr'><em>ne</em></span> <span class='ocrx_word' id='word_1_155' title='bbox 795 2295 970 2357; x_wconf 87' lang='lat' dir='ltr'><em>nubat,</em></span> <span class='ocrx_word' id='word_1_156' title='bbox 1009 2299 1196 2366; x_wconf 88' lang='lat' dir='ltr'><em>impune</em></span> <span class='ocrx_word' id='word_1_157' title='bbox 1229 2299 1279 2346; x_wconf 86' lang='lat' dir='ltr'><em>in</em></span> 
     </span>
     <span class='ocr_line' id='line_1_26' title="bbox 273 2359 1279 2445; baseline 0.005 -23"><span class='ocrx_word' id='word_1_158' title='bbox 273 2373 343 2438; x_wconf 84' lang='lat' dir='ltr'><em>jus</em></span> <span class='ocrx_word' id='word_1_159' title='bbox 374 2375 590 2428; x_wconf 82' lang='lat' dir='ltr'><em>vocabor.</em></span> <span class='ocrx_word' id='word_1_160' title='bbox 629 2359 841 2427; x_wconf 77' lang='lat' dir='ltr'><em>Dicittir</em></span> <span class='ocrx_word' id='word_1_161' title='bbox 877 2389 928 2428; x_wconf 86' lang='lat' dir='ltr'><em>et</em></span> <span class='ocrx_word' id='word_1_162' title='bbox 963 2375 1279 2445; x_wconf 83' lang='lat' dir='ltr'><em>jurejurando</em></span> 
     </span>
     <span class='ocr_line' id='line_1_27' title="bbox 282 2451 1276 2528; baseline 0.008 -25"><span class='ocrx_word' id='word_1_163' title='bbox 282 2451 450 2522; x_wconf 77' lang='lat' dir='ltr'><em>adigere</em></span> <span class='ocrx_word' id='word_1_164' title='bbox 463 2495 478 2518; x_wconf 92' lang='lat'>‚</span> <span class='ocrx_word' id='word_1_165' title='bbox 515 2453 658 2528; x_wconf 88' lang='lat' dir='ltr'><em>apud</em></span> <span class='ocrx_word' id='word_1_166' title='bbox 699 2455 980 2527; x_wconf 86' lang='lat' dir='ltr'><em>plerosque</em></span> <span class='ocrx_word' id='word_1_167' title='bbox 1020 2467 1276 2511; x_wconf 73' lang='lat' dir='ltr'><em>auctores-</em></span> 
     </span>
     <span class='ocr_line' id='line_1_28' title="bbox 279 2534 1279 2607; baseline 0.006 -24"><span class='ocrx_word' id='word_1_168' title='bbox 279 2534 418 2603; x_wconf 82' lang='lat' dir='ltr'><em>Apud</em></span> <span class='ocrx_word' id='word_1_169' title='bbox 441 2537 652 2589; x_wconf 82' lang='lat' dir='ltr'><em>Livium</em></span> <span class='ocrx_word' id='word_1_170' title='bbox 684 2536 989 2607; x_wconf 85' lang='lat' dir='ltr'><em>aliquoties,</em></span> <span class='ocrx_word' id='word_1_171' title='bbox 1012 2549 1070 2588; x_wconf 87' lang='lat' dir='ltr'><em>ut</em></span> <span class='ocrx_word' id='word_1_172' title='bbox 1101 2536 1194 2589; x_wconf 86' lang='lat' dir='ltr'><em>lib.</em></span> <span class='ocrx_word' id='word_1_173' title='bbox 1227 2557 1279 2605; x_wconf 79' lang='lat'><em>2,</em></span> 
     </span>
     <span class='ocr_line' id='line_1_29' title="bbox 281 2616 1280 2687; baseline 0.007 -25"><span class='ocrx_word' id='word_1_174' title='bbox 281 2618 460 2666; x_wconf 85' lang='lat' dir='ltr'><em>omnium</em></span> <span class='ocrx_word' id='word_1_175' title='bbox 470 2619 700 2686; x_wconf 84' lang='lat' dir='ltr'><em>primum,</em></span> <span class='ocrx_word' id='word_1_176' title='bbox 719 2616 895 2687; x_wconf 85' lang='lat' dir='ltr'><em>inquit</em></span> <span class='ocrx_word' id='word_1_177' title='bbox 909 2655 923 2683; x_wconf 89' lang='lat'><em>,</em></span> <span class='ocrx_word' id='word_1_178' title='bbox 939 2616 1129 2668; x_wconf 78' lang='lat' dir='ltr'><em>avidum</em></span> <span class='ocrx_word' id='word_1_179' title='bbox 1146 2636 1280 2669; x_wconf 80' lang='lat' dir='ltr'><em>novoe</em></span> 
     </span>
     <span class='ocr_line' id='line_1_30' title="bbox 282 2691 1279 2766; baseline 0.006 -25"><span class='ocrx_word' id='word_1_180' title='bbox 282 2691 489 2746; x_wconf 74' lang='lat' dir='ltr'><em>libertatis</em></span> <span class='ocrx_word' id='word_1_181' title='bbox 497 2696 728 2766; x_wconf 87' lang='lat' dir='ltr'><em>populum</em></span> <span class='ocrx_word' id='word_1_182' title='bbox 740 2695 1060 2766; x_wconf 85' lang='lat' dir='ltr'><em>jurejurando</em></span> <span class='ocrx_word' id='word_1_183' title='bbox 1080 2696 1248 2765; x_wconf 75' lang='lat' dir='ltr'><em>adegit</em></span> <span class='ocrx_word' id='word_1_184' title='bbox 1261 2716 1279 2749; x_wconf 95' lang='lat'><em>:</em></span> 
     </span>
     <span class='ocr_line' id='line_1_31' title="bbox 283 2774 1276 2847; baseline 0.004 -24"><span class='ocrx_word' id='word_1_185' title='bbox 283 2784 328 2825; x_wconf 79' lang='lat' dir='ltr'><em>et</em></span> <span class='ocrx_word' id='word_1_186' title='bbox 343 2774 431 2827; x_wconf 79' lang='lat' dir='ltr'><em>lib.</em></span> <span class='ocrx_word' id='word_1_187' title='bbox 469 2796 535 2830; x_wconf 81' lang='lat'><em>22</em></span> <span class='ocrx_word' id='word_1_188' title='bbox 565 2794 582 2841; x_wconf 90' lang='lat'>;</span> <span class='ocrx_word' id='word_1_189' title='bbox 609 2774 797 2828; x_wconf 85' lang='lat' dir='ltr'><em>Milites</em></span> <span class='ocrx_word' id='word_1_190' title='bbox 833 2787 930 2828; x_wconf 82' lang='lat' dir='ltr'><em>tum</em></span> <span class='ocrx_word' id='word_1_191' title='bbox 949 2814 966 2837; x_wconf 89' lang='lat'>‚</span> <span class='ocrx_word' id='word_1_192' title='bbox 1001 2775 1132 2847; x_wconf 86' lang='lat' dir='ltr'><em>quod</em></span> <span class='ocrx_word' id='word_1_193' title='bbox 1154 2796 1276 2827; x_wconf 84' lang='lat' dir='ltr'><em>nun-</em></span> 
     </span>
     <span class='ocr_line' id='line_1_32' title="bbox 283 2856 1282 2926; baseline 0.002 -21"><span class='ocrx_word' id='word_1_194' title='bbox 283 2870 404 2922; x_wconf 83' lang='lat' dir='ltr'><em>quam</em></span> <span class='ocrx_word' id='word_1_195' title='bbox 419 2867 557 2907; x_wconf 88' lang='lat' dir='ltr'><em>antea</em></span> <span class='ocrx_word' id='word_1_196' title='bbox 570 2858 764 2923; x_wconf 89' lang='lat' dir='ltr'><em>factum</em></span> <span class='ocrx_word' id='word_1_197' title='bbox 781 2868 900 2916; x_wconf 87' lang='lat' dir='ltr'><em>erat,</em></span> <span class='ocrx_word' id='word_1_198' title='bbox 909 2856 1230 2926; x_wconf 86' lang='lat' dir='ltr'><em>jurejurando</em></span> <span class='ocrx_word' id='word_1_199' title='bbox 1248 2876 1282 2907; x_wconf 86' lang='lat' dir='ltr'><em>a</em></span> 
     </span>
     <span class='ocr_line' id='line_1_33' title="bbox 285 2932 1279 3000; baseline 0.003 -18"><span class='ocrx_word' id='word_1_200' title='bbox 285 2932 380 2986; x_wconf 78' lang='lat' dir='ltr'><em>trib.</em></span> <span class='ocrx_word' id='word_1_201' title='bbox 407 2936 539 2988; x_wconf 89' lang='lat' dir='ltr'><em>milit.</em></span> <span class='ocrx_word' id='word_1_202' title='bbox 572 2936 741 2987; x_wconf 84' lang='lat' dir='ltr'><em>adacti</em></span> <span class='ocrx_word' id='word_1_203' title='bbox 751 2955 770 2987; x_wconf 82' lang='grc'><em>.-</em></span> <span class='ocrx_word' id='word_1_204' title='bbox 797 2948 850 2989; x_wconf 87' lang='lat' dir='ltr'><em>et</em></span> <span class='ocrx_word' id='word_1_205' title='bbox 875 2935 971 2988; x_wconf 90' lang='lat' dir='ltr'><em>lib.</em></span> <span class='ocrx_word' id='word_1_206' title='bbox 997 2954 1059 2988; x_wconf 74' lang='lat'><em>21</em></span> <span class='ocrx_word' id='word_1_207' title='bbox 1079 2973 1095 3000; x_wconf 90' lang='lat'><em>,</em></span> <span class='ocrx_word' id='word_1_208' title='bbox 1127 2934 1279 2987; x_wconf 83' lang='lat' dir='ltr'><em>Alea-</em></span> 
     </span>
     <span class='ocr_line' id='line_1_34' title="bbox 281 3011 1280 3085; baseline 0.006 -25"><span class='ocrx_word' id='word_1_209' title='bbox 281 3011 394 3064; x_wconf 85' lang='lat' dir='ltr'><em>ribus</em></span> <span class='ocrx_word' id='word_1_210' title='bbox 405 3016 640 3067; x_wconf 81' lang='lat' dir='ltr'><em>admotum</em></span> <span class='ocrx_word' id='word_1_211' title='bbox 655 3055 670 3082; x_wconf 89' lang='lat'>‚</span> <span class='ocrx_word' id='word_1_212' title='bbox 685 3019 824 3067; x_wconf 86' lang='lat' dir='ltr'><em>tactis</em></span> <span class='ocrx_word' id='word_1_213' title='bbox 834 3017 1280 3085; x_wconf 56' lang='lat' dir='ltr'><em>sacrisjurejuran·</em></span> 
     </span>
     <span class='ocr_line' id='line_1_35' title="bbox 281 3092 1278 3161; baseline 0.005 -18"><span class='ocrx_word' id='word_1_214' title='bbox 281 3092 336 3143; x_wconf 84' lang='lat' dir='ltr'><em>do</em></span> <span class='ocrx_word' id='word_1_215' title='bbox 347 3094 558 3147; x_wconf 82' lang='lat' dir='ltr'><em>adactum</em></span> <span class='ocrx_word' id='word_1_216' title='bbox 567 3116 588 3148; x_wconf 94' lang='lat'><em>.·</em></span> <span class='ocrx_word' id='word_1_217' title='bbox 602 3095 704 3148; x_wconf 90' lang='lat' dir='ltr'><em>etl.</em></span> <span class='ocrx_word' id='word_1_218' title='bbox 727 3096 779 3161; x_wconf 82' lang='lat'><em>3,</em></span> <span class='ocrx_word' id='word_1_219' title='bbox 788 3107 1085 3147; x_wconf 84' lang='lat' dir='ltr'><em>sacramento</em></span> <span class='ocrx_word' id='word_1_220' title='bbox 1099 3095 1278 3148; x_wconf 86' lang='lat' dir='ltr'><em>adacti.</em></span> 
     </span>
     <span class='ocr_line' id='line_1_36' title="bbox 281 3170 1280 3247; baseline 0.003 -23"><span class='ocrx_word' id='word_1_221' title='bbox 281 3170 370 3225; x_wconf 89' lang='lat' dir='ltr'><em>Sed</em></span> <span class='ocrx_word' id='word_1_222' title='bbox 379 3186 434 3227; x_wconf 86' lang='lat' dir='ltr'><em>ut</em></span> <span class='ocrx_word' id='word_1_223' title='bbox 447 3174 514 3229; x_wconf 84' lang='lat' dir='ltr'><em>ad</em></span> <span class='ocrx_word' id='word_1_224' title='bbox 523 3188 842 3247; x_wconf 68' lang='lat' dir='ltr'><em>praesentem</em></span> <span class='ocrx_word' id='word_1_225' title='bbox 855 3177 1034 3227; x_wconf 84' lang='lat' dir='ltr'><em>lucum</em></span> <span class='ocrx_word' id='word_1_226' title='bbox 1045 3173 1280 3241; x_wconf 83' lang='lat' dir='ltr'><em>redeam,</em></span> 
     </span>
     <span class='ocr_line' id='line_1_37' title="bbox 282 3248 1280 3325; baseline 0.001 -20"><span class='ocrx_word' id='word_1_227' title='bbox 282 3248 402 3307; x_wconf 78' lang='lat' dir='ltr'><em>hanc</em></span> <span class='ocrx_word' id='word_1_228' title='bbox 423 3253 770 3325; x_wconf 84' lang='lat' dir='ltr'><em>jurisjurandi</em></span> <span class='ocrx_word' id='word_1_229' title='bbox 801 3256 1085 3307; x_wconf 85' lang='lat' dir='ltr'><em>formulam</em></span> <span class='ocrx_word' id='word_1_230' title='bbox 1115 3254 1280 3307; x_wconf 89' lang='lat' dir='ltr'><em>habe-</em></span> 
     </span>
     <span class='ocr_line' id='line_1_38' title="bbox 281 3334 1282 3407; baseline 0.002 -23"><span class='ocrx_word' id='word_1_231' title='bbox 281 3348 385 3387; x_wconf 86' lang='lat' dir='ltr'><em>mus</em></span> <span class='ocrx_word' id='word_1_232' title='bbox 399 3353 478 3407; x_wconf 81' lang='lat' dir='ltr'><em>ap.</em></span> <span class='ocrx_word' id='word_1_233' title='bbox 488 3334 674 3406; x_wconf 79' lang='lat' dir='ltr'><em>Liv.,l.</em></span> <span class='ocrx_word' id='word_1_234' title='bbox 691 3353 828 3406; x_wconf 82' lang='lat' dir='ltr'><em>xxn,</em></span> <span class='ocrx_word' id='word_1_235' title='bbox 841 3355 888 3389; x_wconf 84' lang='lat' dir='ltr'><em>c.</em></span> <span class='ocrx_word' id='word_1_236' title='bbox 911 3342 943 3399; x_wconf 75' lang='grc'>4</span> <span class='ocrx_word' id='word_1_237' title='bbox 954 3336 983 3389; x_wconf 84' lang='grc'>3</span> <span class='ocrx_word' id='word_1_238' title='bbox 1002 3354 1019 3402; x_wconf 88' lang='grc'><strong>;</strong></span> <span class='ocrx_word' id='word_1_239' title='bbox 1037 3354 1147 3407; x_wconf 88' lang='lat' dir='ltr'><em>quo</em></span> <span class='ocrx_word' id='word_1_240' title='bbox 1160 3335 1282 3387; x_wconf 88' lang='lat' dir='ltr'><em>loco</em></span> 
     </span>
    </p>
   </div>
   <div class='ocr_carea' id='block_1_7' title="bbox 1353 779 2384 1010">
    <p class='ocr_par' dir='ltr' id='par_1_7' title="bbox 1353 779 2384 1010">
     <span class='ocr_line' id='line_1_39' title="bbox 1353 779 2383 850; baseline -0.005 -20"><span class='ocrx_word' id='word_1_241' title='bbox 1353 797 1448 830; x_wconf 87' lang='lat' dir='ltr'><em>non</em></span> <span class='ocrx_word' id='word_1_242' title='bbox 1467 780 1680 830; x_wconf 82' lang='lat' dir='ltr'><em>deseram</em></span> <span class='ocrx_word' id='word_1_243' title='bbox 1690 817 1705 840; x_wconf 93' lang='lat'><em>,</em></span> <span class='ocrx_word' id='word_1_244' title='bbox 1724 798 1870 850; x_wconf 87' lang='lat' dir='ltr'><em>neque</em></span> <span class='ocrx_word' id='word_1_245' title='bbox 1890 779 2039 829; x_wconf 90' lang='lat' dir='ltr'><em>alium</em></span> <span class='ocrx_word' id='word_1_246' title='bbox 2057 780 2201 829; x_wconf 79' lang='lat' dir='ltr'><em>civem</em></span> <span class='ocrx_word' id='word_1_247' title='bbox 2227 795 2383 826; x_wconf 89' lang='lat' dir='ltr'><em>roma-</em></span> 
     </span>
     <span class='ocr_line' id='line_1_40' title="bbox 1355 857 2384 930; baseline -0.003 -22"><span class='ocrx_word' id='word_1_248' title='bbox 1355 877 1466 909; x_wconf 87' lang='lat' dir='ltr'><em>num</em></span> <span class='ocrx_word' id='word_1_249' title='bbox 1475 859 1686 910; x_wconf 85' lang='lat' dir='ltr'><em>deserere</em></span> <span class='ocrx_word' id='word_1_250' title='bbox 1688 863 1871 930; x_wconf 87' lang='lat' dir='ltr'><em>patiar.</em></span> <span class='ocrx_word' id='word_1_251' title='bbox 1887 858 1945 911; x_wconf 80' lang='lat' dir='ltr'><em>Si</em></span> <span class='ocrx_word' id='word_1_252' title='bbox 1950 863 2098 910; x_wconf 82' lang='lat' dir='ltr'><em>sciens</em></span> <span class='ocrx_word' id='word_1_253' title='bbox 2100 857 2233 924; x_wconf 82' lang='lat' dir='ltr'><em>fullo</em></span> <span class='ocrx_word' id='word_1_254' title='bbox 2242 893 2257 916; x_wconf 92' lang='lat'><em>,</em></span> <span class='ocrx_word' id='word_1_255' title='bbox 2270 867 2384 906; x_wconf 86' lang='lat' dir='ltr'><em>tunc</em></span> 
     </span>
     <span class='ocr_line' id='line_1_41' title="bbox 1356 937 2377 1010; baseline -0.004 -21"><span class='ocrx_word' id='word_1_256' title='bbox 1356 958 1442 1000; x_wconf 87' lang='lat' dir='ltr'><em>me,</em></span> <span class='ocrx_word' id='word_1_257' title='bbox 1463 939 1657 1010; x_wconf 82' lang='lat' dir='ltr'><em>Jupiter</em></span> <span class='ocrx_word' id='word_1_258' title='bbox 1676 938 1871 1009; x_wconf 89' lang='lat' dir='ltr'><em>Optime</em></span> <span class='ocrx_word' id='word_1_259' title='bbox 1898 938 2138 997; x_wconf 75' lang='lat' dir='ltr'><em>Maxime,</em></span> <span class='ocrx_word' id='word_1_260' title='bbox 2156 937 2346 988; x_wconf 85' lang='lat' dir='ltr'><em>domum</em></span> <span class='ocrx_word' id='word_1_261' title='bbox 2360 972 2377 996; x_wconf 93' lang='lat'><em>,</em></span> 
     </span>
    </p>
   </div>
   <div class='ocr_carea' id='block_1_8' title="bbox 1345 1015 2382 1089">
    <p class='ocr_par' dir='ltr' id='par_1_8' title="bbox 1345 1015 2382 1089">
     <span class='ocr_line' id='line_1_42' title="bbox 1345 1015 2382 1089; baseline -0.003 -22"><span class='ocrx_word' id='word_1_262' title='bbox 1345 1019 1620 1086; x_wconf 72' lang='lat' dir='ltr'><em>familiam,</em></span> <span class='ocrx_word' id='word_1_263' title='bbox 1644 1038 1831 1089; x_wconf 86' lang='lat' dir='ltr'><em>remque</em></span> <span class='ocrx_word' id='word_1_264' title='bbox 1855 1037 2003 1070; x_wconf 87' lang='lat' dir='ltr'><em>meam</em></span> <span class='ocrx_word' id='word_1_265' title='bbox 2023 1022 2227 1086; x_wconf 78' lang='lat' dir='ltr'><em>pessimo</em></span> <span class='ocrx_word' id='word_1_266' title='bbox 2254 1015 2382 1065; x_wconf 74' lang='lat' dir='ltr'><em>letho</em></span> 
     </span>
    </p>
   </div>
   <div class='ocr_carea' id='block_1_9' title="bbox 1356 1096 2381 1167">
    <p class='ocr_par' dir='ltr' id='par_1_9' title="bbox 1356 1096 2381 1167">
     <span class='ocr_line' id='line_1_43' title="bbox 1356 1096 2381 1167; baseline -0.002 -20"><span class='ocrx_word' id='word_1_267' title='bbox 1356 1096 1575 1167; x_wconf 86' lang='lat' dir='ltr'><em>afficias!</em></span> <span class='ocrx_word' id='word_1_268' title='bbox 1591 1099 1653 1150; x_wconf 87' lang='lat' dir='ltr'><em>In</em></span> <span class='ocrx_word' id='word_1_269' title='bbox 1666 1099 1945 1158; x_wconf 71' lang='lat' dir='ltr'><em>hoecwerba,</em></span> <span class='ocrx_word' id='word_1_270' title='bbox 1959 1099 2019 1148; x_wconf 90' lang='lat' dir='ltr'><em>L.</em></span> <span class='ocrx_word' id='word_1_271' title='bbox 2034 1096 2220 1155; x_wconf 81' lang='lat' dir='ltr'><em>Caecili,</em></span> <span class='ocrx_word' id='word_1_272' title='bbox 2227 1099 2381 1164; x_wconf 74' lang='lat' dir='ltr'><em>sures,</em></span> 
     </span>
    </p>
   </div>
   <div class='ocr_carea' id='block_1_10' title="bbox 1347 1177 2389 1327">
    <p class='ocr_par' dir='ltr' id='par_1_10' title="bbox 1347 1177 2389 1327">
     <span class='ocr_line' id='line_1_44' title="bbox 1349 1177 2388 1250; baseline -0.006 -21"><span class='ocrx_word' id='word_1_273' title='bbox 1349 1179 1568 1248; x_wconf 81' lang='lat' dir='ltr'><em>postulo,</em></span> <span class='ocrx_word' id='word_1_274' title='bbox 1590 1182 1841 1250; x_wconf 85' lang='lat' dir='ltr'><em>coeterique</em></span> <span class='ocrx_word' id='word_1_275' title='bbox 1860 1181 1943 1250; x_wconf 87' lang='lat' dir='ltr'><em>qui</em></span> <span class='ocrx_word' id='word_1_276' title='bbox 1963 1177 2139 1228; x_wconf 82' lang='lat' dir='ltr'><em>adestis</em></span> <span class='ocrx_word' id='word_1_277' title='bbox 2154 1195 2173 1227; x_wconf 90' lang='lat'><em>:</em></span> <span class='ocrx_word' id='word_1_278' title='bbox 2187 1179 2271 1246; x_wconf 83' lang='lat' dir='ltr'><em>qui</em></span> <span class='ocrx_word' id='word_1_279' title='bbox 2290 1191 2388 1225; x_wconf 87' lang='lat' dir='ltr'><em>non</em></span> 
     </span>
     <span class='ocr_line' id='line_1_45' title="bbox 1347 1257 2389 1327; baseline -0.004 -19"><span class='ocrx_word' id='word_1_280' title='bbox 1347 1259 1615 1327; x_wconf 74' lang='lat' dir='ltr'><em>juraverit,</em></span> <span class='ocrx_word' id='word_1_281' title='bbox 1640 1261 1692 1309; x_wconf 89' lang='lat' dir='ltr'><em>in</em></span> <span class='ocrx_word' id='word_1_282' title='bbox 1708 1278 1759 1310; x_wconf 84' lang='lat' dir='ltr'><em>se</em></span> <span class='ocrx_word' id='word_1_283' title='bbox 1786 1259 1910 1310; x_wconf 79' lang='lat' dir='ltr'><em>bunc</em></span> <span class='ocrx_word' id='word_1_284' title='bbox 1928 1257 2149 1326; x_wconf 77' lang='lat' dir='ltr'><em>gladium</em></span> <span class='ocrx_word' id='word_1_285' title='bbox 2173 1258 2389 1306; x_wconf 81' lang='lat' dir='ltr'><em>strictum</em></span> 
     </span>
    </p>
   </div>
   <div class='ocr_carea' id='block_1_11' title="bbox 1356 1334 2397 2444">
    <p class='ocr_par' dir='ltr' id='par_1_11' title="bbox 1356 1334 2397 2444">
     <span class='ocr_line' id='line_1_46' title="bbox 1359 1334 2389 1408; baseline -0.003 -20"><span class='ocrx_word' id='word_1_286' title='bbox 1359 1357 1456 1388; x_wconf 85' lang='lat' dir='ltr'><em>esse</em></span> <span class='ocrx_word' id='word_1_287' title='bbox 1477 1341 1616 1390; x_wconf 85' lang='lat' dir='ltr'><em>sciat.</em></span> <span class='ocrx_word' id='word_1_288' title='bbox 1636 1338 1776 1408; x_wconf 85' lang='lat' dir='ltr'><em>Ergo</em></span> <span class='ocrx_word' id='word_1_289' title='bbox 1793 1337 2032 1390; x_wconf 86' lang='lat' dir='ltr'><em>Petreius</em></span> <span class='ocrx_word' id='word_1_290' title='bbox 2046 1336 2121 1388; x_wconf 88' lang='lat' dir='ltr'><em>sic</em></span> <span class='ocrx_word' id='word_1_291' title='bbox 2140 1334 2389 1406; x_wconf 84' lang='lat' dir='ltr'><em>princeps</em></span> 
     </span>
     <span class='ocr_line' id='line_1_47' title="bbox 1356 1414 2389 1487; baseline -0.008 -17"><span class='ocrx_word' id='word_1_292' title='bbox 1356 1418 1560 1487; x_wconf 81' lang='lat' dir='ltr'><em>jurasse</em></span> <span class='ocrx_word' id='word_1_293' title='bbox 1585 1414 1800 1470; x_wconf 81' lang='lat' dir='ltr'><em>videtur</em></span> <span class='ocrx_word' id='word_1_294' title='bbox 1825 1435 1838 1469; x_wconf 91' lang='lat'>:</span> <span class='ocrx_word' id='word_1_295' title='bbox 1859 1417 1947 1468; x_wconf 74' lang='lat' dir='ltr'><em>Ex</em></span> <span class='ocrx_word' id='word_1_296' title='bbox 1980 1419 2131 1467; x_wconf 86' lang='lat' dir='ltr'><em>animi</em></span> <span class='ocrx_word' id='word_1_297' title='bbox 2164 1417 2255 1465; x_wconf 88' lang='lat' dir='ltr'><em>mei</em></span> <span class='ocrx_word' id='word_1_298' title='bbox 2280 1431 2389 1463; x_wconf 83' lang='lat' dir='ltr'><em>sen-</em></span> 
     </span>
     <span class='ocr_line' id='line_1_48' title="bbox 1362 1494 2391 1566; baseline -0.005 -19"><span class='ocrx_word' id='word_1_299' title='bbox 1362 1503 1510 1548; x_wconf 80' lang='lat' dir='ltr'><em>tentia</em></span> <span class='ocrx_word' id='word_1_300' title='bbox 1531 1499 1674 1566; x_wconf 86' lang='lat' dir='ltr'><em>juro,</em></span> <span class='ocrx_word' id='word_1_301' title='bbox 1695 1509 1751 1547; x_wconf 88' lang='lat' dir='ltr'><em>ut</em></span> <span class='ocrx_word' id='word_1_302' title='bbox 1790 1516 1881 1566; x_wconf 79' lang='lat' dir='ltr'><em>ego</em></span> <span class='ocrx_word' id='word_1_303' title='bbox 1913 1499 2169 1548; x_wconf 66' lang='lat' dir='ltr'><em>exercitum</em></span> <span class='ocrx_word' id='word_1_304' title='bbox 2199 1494 2391 1544; x_wconf 86' lang='lat' dir='ltr'><em>ducem-</em></span> 
     </span>
     <span class='ocr_line' id='line_1_49' title="bbox 1362 1575 2389 1648; baseline -0.004 -20"><span class='ocrx_word' id='word_1_305' title='bbox 1362 1597 1451 1648; x_wconf 83' lang='lat' dir='ltr'><em>que</em></span> <span class='ocrx_word' id='word_1_306' title='bbox 1463 1596 1560 1628; x_wconf 88' lang='lat' dir='ltr'><em>non</em></span> <span class='ocrx_word' id='word_1_307' title='bbox 1576 1577 1789 1634; x_wconf 83' lang='lat' dir='ltr'><em>deseram</em></span> <span class='ocrx_word' id='word_1_308' title='bbox 1800 1618 1818 1640; x_wconf 91' lang='lat'><em>‚</em></span> <span class='ocrx_word' id='word_1_309' title='bbox 1837 1595 1985 1647; x_wconf 84' lang='lat' dir='ltr'><em>neque</em></span> <span class='ocrx_word' id='word_1_310' title='bbox 1995 1575 2222 1647; x_wconf 86' lang='lat' dir='ltr'><em>prodam,</em></span> <span class='ocrx_word' id='word_1_311' title='bbox 2240 1591 2389 1643; x_wconf 85' lang='lat' dir='ltr'><em>neque</em></span> 
     </span>
     <span class='ocr_line' id='line_1_50' title="bbox 1361 1653 2391 1729; baseline -0.005 -22"><span class='ocrx_word' id='word_1_312' title='bbox 1361 1657 1480 1708; x_wconf 76' lang='lat' dir='ltr'><em>mihi</em></span> <span class='ocrx_word' id='word_1_313' title='bbox 1528 1660 1785 1728; x_wconf 73' lang='lat' dir='ltr'><em>separatim</em></span> <span class='ocrx_word' id='word_1_314' title='bbox 1831 1676 1863 1706; x_wconf 89' lang='lat' dir='ltr'><em>a</em></span> <span class='ocrx_word' id='word_1_315' title='bbox 1902 1657 2095 1729; x_wconf 85' lang='lat' dir='ltr'><em>reliquis</em></span> <span class='ocrx_word' id='word_1_316' title='bbox 2142 1653 2391 1706; x_wconf 78' lang='lat' dir='ltr'><em>consilium</em></span> 
     </span>
     <span class='ocr_line' id='line_1_51' title="bbox 1363 1734 2392 1806; baseline -0.003 -19"><span class='ocrx_word' id='word_1_317' title='bbox 1363 1741 1566 1806; x_wconf 86' lang='lat' dir='ltr'><em>capiam.</em></span> <span class='ocrx_word' id='word_1_318' title='bbox 1587 1736 1803 1804; x_wconf 84' lang='lat' dir='ltr'><em>Sisallo,</em></span> <span class='ocrx_word' id='word_1_319' title='bbox 1825 1748 1935 1787; x_wconf 84' lang='lat' dir='ltr'><em>tunc</em></span> <span class='ocrx_word' id='word_1_320' title='bbox 1961 1755 2046 1798; x_wconf 86' lang='lat' dir='ltr'><em>me,</em></span> <span class='ocrx_word' id='word_1_321' title='bbox 2070 1734 2278 1805; x_wconf 85' lang='lat' dir='ltr'><em>Jupiter,</em></span> <span class='ocrx_word' id='word_1_322' title='bbox 2300 1745 2392 1784; x_wconf 87' lang='lat' dir='ltr'><em>etc.</em></span> 
     </span>
     <span class='ocr_line' id='line_1_52' title="bbox 1364 1811 2388 1888; baseline -0.006 -20"><span class='ocrx_word' id='word_1_323' title='bbox 1364 1817 1426 1868; x_wconf 88' lang='lat' dir='ltr'><em>In</em></span> <span class='ocrx_word' id='word_1_324' title='bbox 1437 1817 1541 1868; x_wconf 77' lang='lat' dir='ltr'><em>hoec</em></span> <span class='ocrx_word' id='word_1_325' title='bbox 1547 1816 1715 1878; x_wconf 76' lang='lat' dir='ltr'><em>verba,</em></span> <span class='ocrx_word' id='word_1_326' title='bbox 1727 1817 2001 1888; x_wconf 44' lang='lat' dir='ltr'><em>L.‚Asrani,</em></span> <span class='ocrx_word' id='word_1_327' title='bbox 2014 1818 2165 1886; x_wconf 88' lang='lat' dir='ltr'><em>jures,</em></span> <span class='ocrx_word' id='word_1_328' title='bbox 2176 1811 2388 1883; x_wconf 86' lang='lat' dir='ltr'><em>postulo,</em></span> 
     </span>
     <span class='ocr_line' id='line_1_53' title="bbox 1363 1895 2393 1968; baseline -0.002 -22"><span class='ocrx_word' id='word_1_329' title='bbox 1363 1901 1616 1968; x_wconf 75' lang='lat' dir='ltr'><em>coeterique</em></span> <span class='ocrx_word' id='word_1_330' title='bbox 1669 1899 1752 1968; x_wconf 87' lang='lat' dir='ltr'><em>qui</em></span> <span class='ocrx_word' id='word_1_331' title='bbox 1791 1896 1985 1948; x_wconf 80' lang='lat' dir='ltr'><em>adestis.</em></span> <span class='ocrx_word' id='word_1_332' title='bbox 2032 1895 2219 1966; x_wconf 82' lang='lat' dir='ltr'><em>Neque</em></span> <span class='ocrx_word' id='word_1_333' title='bbox 2264 1909 2393 1946; x_wconf 79' lang='lat' dir='ltr'><em>vero</em></span> 
     </span>
     <span class='ocr_line' id='line_1_54' title="bbox 1363 1971 2393 2042; baseline -0.006 -14"><span class='ocrx_word' id='word_1_334' title='bbox 1363 1995 1576 2030; x_wconf 84' lang='lat' dir='ltr'><em>necesse</em></span> <span class='ocrx_word' id='word_1_335' title='bbox 1594 1987 1730 2041; x_wconf 84' lang='lat' dir='ltr'><em>erat,</em></span> <span class='ocrx_word' id='word_1_336' title='bbox 1748 1989 1809 2028; x_wconf 90' lang='lat' dir='ltr'><em>ut</em></span> <span class='ocrx_word' id='word_1_337' title='bbox 1826 1994 2012 2027; x_wconf 86' lang='lat' dir='ltr'><em>omnes</em></span> <span class='ocrx_word' id='word_1_338' title='bbox 2031 1974 2227 2026; x_wconf 83' lang='lat' dir='ltr'><em>milites</em></span> <span class='ocrx_word' id='word_1_339' title='bbox 2247 1971 2393 2042; x_wconf 82' lang='lat' dir='ltr'><em>sigil-</em></span> 
     </span>
     <span class='ocr_line' id='line_1_55' title="bbox 1364 2051 2393 2124; baseline -0.005 -17"><span class='ocrx_word' id='word_1_340' title='bbox 1364 2055 1514 2108; x_wconf 86' lang='lat' dir='ltr'><em>latim</em></span> <span class='ocrx_word' id='word_1_341' title='bbox 1535 2056 1588 2108; x_wconf 88' lang='lat' dir='ltr'><em>in</em></span> <span class='ocrx_word' id='word_1_342' title='bbox 1618 2075 1677 2108; x_wconf 88' lang='lat' dir='ltr'><em>ea</em></span> <span class='ocrx_word' id='word_1_343' title='bbox 1693 2057 1856 2109; x_wconf 83' lang='lat' dir='ltr'><em>verba</em></span> <span class='ocrx_word' id='word_1_344' title='bbox 1888 2057 2153 2124; x_wconf 75' lang='lat' dir='ltr'><em>iurareut3</em></span> <span class='ocrx_word' id='word_1_345' title='bbox 2169 2051 2229 2104; x_wconf 88' lang='lat' dir='ltr'><em>id</em></span> <span class='ocrx_word' id='word_1_346' title='bbox 2246 2052 2393 2104; x_wconf 89' lang='lat' dir='ltr'><em>euim</em></span> 
     </span>
     <span class='ocr_line' id='line_1_56' title="bbox 1365 2131 2397 2206; baseline -0.004 -19"><span class='ocrx_word' id='word_1_347' title='bbox 1365 2147 1498 2188; x_wconf 84' lang='lat' dir='ltr'><em>esset</em></span> <span class='ocrx_word' id='word_1_348' title='bbox 1515 2135 1803 2188; x_wconf 84' lang='lat' dir='ltr'><em>infinitum.</em></span> <span class='ocrx_word' id='word_1_349' title='bbox 1822 2132 1924 2186; x_wconf 90' lang='lat' dir='ltr'><em>Sed</em></span> <span class='ocrx_word' id='word_1_350' title='bbox 1939 2147 2221 2206; x_wconf 85' lang='lat' dir='ltr'><em>postquam</em></span> <span class='ocrx_word' id='word_1_351' title='bbox 2248 2131 2397 2203; x_wconf 88' lang='lat' dir='ltr'><em>prin-</em></span> 
     </span>
     <span class='ocr_line' id='line_1_57' title="bbox 1365 2212 2394 2286; baseline -0.004 -19"><span class='ocrx_word' id='word_1_352' title='bbox 1365 2234 1488 2286; x_wconf 88' lang='lat' dir='ltr'><em>ceps</em></span> <span class='ocrx_word' id='word_1_353' title='bbox 1518 2213 1628 2268; x_wconf 79' lang='lat' dir='ltr'><em>dux</em></span> <span class='ocrx_word' id='word_1_354' title='bbox 1659 2216 1771 2286; x_wconf 86' lang='lat' dir='ltr'><em>ipse</em></span> <span class='ocrx_word' id='word_1_355' title='bbox 1803 2215 2073 2286; x_wconf 84' lang='lat' dir='ltr'><em>conceptis</em></span> <span class='ocrx_word' id='word_1_356' title='bbox 2104 2212 2279 2266; x_wconf 85' lang='lat' dir='ltr'><em>verbis</em></span> <span class='ocrx_word' id='word_1_357' title='bbox 2307 2213 2394 2282; x_wconf 82' lang='lat' dir='ltr'><em>ju-</em></span> 
     </span>
     <span class='ocr_line' id='line_1_58' title="bbox 1364 2291 2395 2366; baseline -0.005 -20"><span class='ocrx_word' id='word_1_358' title='bbox 1364 2295 1584 2347; x_wconf 86' lang='lat' dir='ltr'><em>ravisset</em></span> <span class='ocrx_word' id='word_1_359' title='bbox 1601 2335 1615 2362; x_wconf 89' lang='lat'><em>,</em></span> <span class='ocrx_word' id='word_1_360' title='bbox 1644 2295 1838 2366; x_wconf 85' lang='lat' dir='ltr'><em>reliqui</em></span> <span class='ocrx_word' id='word_1_361' title='bbox 1878 2307 2084 2346; x_wconf 87' lang='lat' dir='ltr'><em>tantum</em></span> <span class='ocrx_word' id='word_1_362' title='bbox 2112 2291 2360 2344; x_wconf 87' lang='lat' dir='ltr'><em>dicebant</em></span> <span class='ocrx_word' id='word_1_363' title='bbox 2379 2330 2395 2359; x_wconf 89' lang='lat'><em>,</em></span> 
     </span>
     <span class='ocr_line' id='line_1_59' title="bbox 1367 2372 2394 2444; baseline -0.005 -19"><span class='ocrx_word' id='word_1_364' title='bbox 1367 2375 1490 2425; x_wconf 84' lang='lat' dir='ltr'><em>idem</em></span> <span class='ocrx_word' id='word_1_365' title='bbox 1514 2378 1565 2425; x_wconf 85' lang='lat' dir='ltr'><em>in</em></span> <span class='ocrx_word' id='word_1_366' title='bbox 1592 2394 1679 2427; x_wconf 88' lang='lat' dir='ltr'><em>me.</em></span> <span class='ocrx_word' id='word_1_367' title='bbox 1705 2375 1889 2426; x_wconf 84' lang='lat' dir='ltr'><em>Festus</em></span> <span class='ocrx_word' id='word_1_368' title='bbox 1917 2372 2227 2444; x_wconf 85' lang='lat' dir='ltr'><em>Pompeius:</em></span> <span class='ocrx_word' id='word_1_369' title='bbox 2250 2372 2394 2422; x_wconf 84' lang='lat' dir='ltr'><em>Proe-</em></span> 
     </span>
    </p>
   </div>
   <div class='ocr_carea' id='block_1_12' title="bbox 1355 2453 2392 2525">
    <p class='ocr_par' dir='ltr' id='par_1_12' title="bbox 1355 2453 2392 2525">
     <span class='ocr_line' id='line_1_60' title="bbox 1355 2453 2392 2525; baseline -0.006 -19"><span class='ocrx_word' id='word_1_370' title='bbox 1355 2456 1629 2525; x_wconf 85' lang='lat' dir='ltr'><em>jurationes</em></span> <span class='ocrx_word' id='word_1_371' title='bbox 1648 2456 1817 2521; x_wconf 86' lang='lat' dir='ltr'><em>facere</em></span> <span class='ocrx_word' id='word_1_372' title='bbox 1836 2454 2063 2506; x_wconf 84' lang='lat' dir='ltr'><em>dicuntur</em></span> <span class='ocrx_word' id='word_1_373' title='bbox 2079 2456 2142 2513; x_wconf 87' lang='lat' dir='ltr'><em>ii,</em></span> <span class='ocrx_word' id='word_1_374' title='bbox 2168 2453 2252 2524; x_wconf 84' lang='lat' dir='ltr'><em>qui</em></span> <span class='ocrx_word' id='word_1_375' title='bbox 2280 2461 2392 2500; x_wconf 81' lang='lat' dir='ltr'><em>ante</em></span> 
     </span>
    </p>
   </div>
   <div class='ocr_carea' id='block_1_13' title="bbox 1365 2535 2400 3327">
    <p class='ocr_par' dir='ltr' id='par_1_13' title="bbox 1365 2535 2400 3327">
     <span class='ocr_line' id='line_1_61' title="bbox 1367 2535 2396 2606; baseline -0.006 -20"><span class='ocrx_word' id='word_1_376' title='bbox 1367 2537 1489 2587; x_wconf 86' lang='lat' dir='ltr'><em>alios</em></span> <span class='ocrx_word' id='word_1_377' title='bbox 1511 2538 1747 2606; x_wconf 82' lang='lat' dir='ltr'><em>conceptis</em></span> <span class='ocrx_word' id='word_1_378' title='bbox 1769 2535 1929 2587; x_wconf 75' lang='lat' dir='ltr'><em>verbis</em></span> <span class='ocrx_word' id='word_1_379' title='bbox 1938 2536 2140 2604; x_wconf 89' lang='lat' dir='ltr'><em>jurant,</em></span> <span class='ocrx_word' id='word_1_380' title='bbox 2152 2542 2267 2602; x_wconf 86' lang='lat' dir='ltr'><em>post</em></span> <span class='ocrx_word' id='word_1_381' title='bbox 2279 2549 2396 2601; x_wconf 82' lang='lat' dir='ltr'><em>quos</em></span> 
     </span>
     <span class='ocr_line' id='line_1_62' title="bbox 1367 2609 2397 2684; baseline -0.005 -18"><span class='ocrx_word' id='word_1_382' title='bbox 1367 2619 1417 2666; x_wconf 90' lang='lat' dir='ltr'><em>in</em></span> <span class='ocrx_word' id='word_1_383' title='bbox 1443 2616 1606 2666; x_wconf 84' lang='lat' dir='ltr'><em>eadem</em></span> <span class='ocrx_word' id='word_1_384' title='bbox 1642 2616 1792 2666; x_wconf 72' lang='lat' dir='ltr'><em>‘verba</em></span> <span class='ocrx_word' id='word_1_385' title='bbox 1814 2617 2038 2684; x_wconf 86' lang='lat' dir='ltr'><em>jurantes</em></span> <span class='ocrx_word' id='word_1_386' title='bbox 2071 2609 2397 2662; x_wconf 84' lang='lat' dir='ltr'><em>tantummodo</em></span> 
     </span>
     <span class='ocr_line' id='line_1_63' title="bbox 1365 2688 2397 2758; baseline -0.005 -13"><span class='ocrx_word' id='word_1_387' title='bbox 1365 2695 1567 2757; x_wconf 86' lang='lat' dir='ltr'><em>dicunt;</em></span> <span class='ocrx_word' id='word_1_388' title='bbox 1588 2694 1709 2745; x_wconf 81' lang='lat' dir='ltr'><em>idem</em></span> <span class='ocrx_word' id='word_1_389' title='bbox 1738 2699 1787 2746; x_wconf 85' lang='lat' dir='ltr'><em>in</em></span> <span class='ocrx_word' id='word_1_390' title='bbox 1816 2714 1903 2746; x_wconf 86' lang='lat' dir='ltr'><em>me.</em></span> <span class='ocrx_word' id='word_1_391' title='bbox 1934 2692 2059 2744; x_wconf 83' lang='lat' dir='ltr'><em>Haec</em></span> <span class='ocrx_word' id='word_1_392' title='bbox 2087 2692 2192 2743; x_wconf 87' lang='lat' dir='ltr'><em>ille.</em></span> <span class='ocrx_word' id='word_1_393' title='bbox 2224 2688 2397 2758; x_wconf 82' lang='lat' dir='ltr'><em>Hujus</em></span> 
     </span>
     <span class='ocr_line' id='line_1_64' title="bbox 1369 2772 2399 2845; baseline -0.006 -19"><span class='ocrx_word' id='word_1_394' title='bbox 1369 2787 1547 2827; x_wconf 88' lang='lat' dir='ltr'><em>autem</em></span> <span class='ocrx_word' id='word_1_395' title='bbox 1572 2774 1963 2845; x_wconf 77' lang='lat' dir='ltr'><em>praejurationis</em></span> <span class='ocrx_word' id='word_1_396' title='bbox 1990 2772 2195 2825; x_wconf 84' lang='lat' dir='ltr'><em>illustre</em></span> <span class='ocrx_word' id='word_1_397' title='bbox 2224 2787 2399 2821; x_wconf 82' lang='lat' dir='ltr'><em>exem-</em></span> 
     </span>
     <span class='ocr_line' id='line_1_65' title="bbox 1367 2850 2396 2926; baseline -0.009 -19"><span class='ocrx_word' id='word_1_398' title='bbox 1367 2854 1518 2926; x_wconf 86' lang='lat' dir='ltr'><em>plum</em></span> <span class='ocrx_word' id='word_1_399' title='bbox 1532 2867 1610 2908; x_wconf 81' lang='lat' dir='ltr'><em>est</em></span> <span class='ocrx_word' id='word_1_400' title='bbox 1622 2873 1706 2925; x_wconf 86' lang='lat' dir='ltr'><em>ap.</em></span> <span class='ocrx_word' id='word_1_401' title='bbox 1719 2854 1976 2919; x_wconf 85' lang='lat' dir='ltr'><em>Liv.‚l.11,</em></span> <span class='ocrx_word' id='word_1_402' title='bbox 1989 2872 2035 2905; x_wconf 84' lang='lat' dir='ltr'><em>c.</em></span> <span class='ocrx_word' id='word_1_403' title='bbox 2051 2857 2083 2914; x_wconf 76' lang='grc'><em>4</em></span> <span class='ocrx_word' id='word_1_404' title='bbox 2093 2852 2123 2905; x_wconf 86' lang='grc'>3</span> <span class='ocrx_word' id='word_1_405' title='bbox 2139 2868 2152 2903; x_wconf 87' lang='lat'>:</span> <span class='ocrx_word' id='word_1_406' title='bbox 2168 2850 2396 2902; x_wconf 79' lang='lat' dir='ltr'><em>Centurio</em></span> 
     </span>
     <span class='ocr_line' id='line_1_66' title="bbox 1367 2932 2393 3005; baseline -0.006 -20"><span class='ocrx_word' id='word_1_407' title='bbox 1367 2946 1475 3001; x_wconf 85' lang='lat' dir='ltr'><em>erat</em></span> <span class='ocrx_word' id='word_1_408' title='bbox 1499 2934 1575 2987; x_wconf 90' lang='lat' dir='ltr'><em>M.</em></span> <span class='ocrx_word' id='word_1_409' title='bbox 1614 2935 1896 3005; x_wconf 64' lang='lat' dir='ltr'><em>Flauolejus&#39;</em></span> <span class='ocrx_word' id='word_1_410' title='bbox 1918 2953 1937 2987; x_wconf 88' lang='grc'><em>.·</em></span> <span class='ocrx_word' id='word_1_411' title='bbox 1968 2934 2163 2992; x_wconf 84' lang='lat' dir='ltr'><em>Victor,</em></span> <span class='ocrx_word' id='word_1_412' title='bbox 2210 2932 2393 3001; x_wconf 86' lang='lat' dir='ltr'><em>inquit,</em></span> 
     </span>
     <span class='ocr_line' id='line_1_67' title="bbox 1368 3010 2392 3077; baseline -0.01 -9"><span class='ocrx_word' id='word_1_413' title='bbox 1368 3014 1446 3068; x_wconf 92' lang='lat' dir='ltr'><em>M.</em></span> <span class='ocrx_word' id='word_1_414' title='bbox 1469 3015 1624 3076; x_wconf 86' lang='lat' dir='ltr'><em>Fabi,</em></span> <span class='ocrx_word' id='word_1_415' title='bbox 1644 3027 1856 3068; x_wconf 73' lang='lat' dir='ltr'><em>revertar</em></span> <span class='ocrx_word' id='word_1_416' title='bbox 1885 3035 1943 3066; x_wconf 71' lang='lat' dir='ltr'><em>ex</em></span> <span class='ocrx_word' id='word_1_417' title='bbox 1974 3017 2091 3065; x_wconf 87' lang='lat' dir='ltr'><em>acie.</em></span> <span class='ocrx_word' id='word_1_418' title='bbox 2125 3010 2188 3064; x_wconf 84' lang='lat' dir='ltr'><em>Si</em></span> <span class='ocrx_word' id='word_1_419' title='bbox 2202 3010 2392 3077; x_wconf 79' lang='lat' dir='ltr'><em>sallat,</em></span> 
     </span>
     <span class='ocr_line' id='line_1_68' title="bbox 1367 3090 2395 3166; baseline -0.009 -19"><span class='ocrx_word' id='word_1_420' title='bbox 1367 3094 1533 3147; x_wconf 79' lang='lat' dir='ltr'><em>Jovem</em></span> <span class='ocrx_word' id='word_1_421' title='bbox 1544 3107 1733 3166; x_wconf 82' lang='lat' dir='ltr'><em>patrem</em></span> <span class='ocrx_word' id='word_1_422' title='bbox 1745 3134 1760 3157; x_wconf 92' lang='lat'><em>,</em></span> <span class='ocrx_word' id='word_1_423' title='bbox 1784 3095 2143 3164; x_wconf 68' lang='lat' dir='ltr'><em>Gradivumque</em></span> <span class='ocrx_word' id='word_1_424' title='bbox 2160 3090 2395 3149; x_wconf 86' lang='lat' dir='ltr'><em>Martem,</em></span> 
     </span>
     <span class='ocr_line' id='line_1_69' title="bbox 1369 3169 2397 3247; baseline -0.006 -22"><span class='ocrx_word' id='word_1_425' title='bbox 1369 3176 1583 3247; x_wconf 84' lang='lat' dir='ltr'><em>aliosque</em></span> <span class='ocrx_word' id='word_1_426' title='bbox 1640 3178 1789 3227; x_wconf 81' lang='lat' dir='ltr'><em>iratos</em></span> <span class='ocrx_word' id='word_1_427' title='bbox 1849 3178 2038 3228; x_wconf 77' lang='lat' dir='ltr'><em>invocat</em></span> <span class='ocrx_word' id='word_1_428' title='bbox 2085 3172 2216 3224; x_wconf 84' lang='lat' dir='ltr'><em>deos.</em></span> <span class='ocrx_word' id='word_1_429' title='bbox 2262 3169 2397 3221; x_wconf 80' lang='lat' dir='ltr'><em>Idem</em></span> 
     </span>
     <span class='ocr_line' id='line_1_70' title="bbox 1369 3254 2400 3327; baseline -0.008 -20"><span class='ocrx_word' id='word_1_430' title='bbox 1369 3254 1767 3327; x_wconf 71' lang='lat' dir='ltr'><em>deinceps·omnis</em></span> <span class='ocrx_word' id='word_1_431' title='bbox 1796 3258 2028 3309; x_wconf 73' lang='lat' dir='ltr'><em>exercitus</em></span> <span class='ocrx_word' id='word_1_432' title='bbox 2054 3256 2105 3305; x_wconf 87' lang='lat' dir='ltr'><em>in</em></span> <span class='ocrx_word' id='word_1_433' title='bbox 2128 3272 2178 3304; x_wconf 87' lang='lat' dir='ltr'><em>se</em></span> <span class='ocrx_word' id='word_1_434' title='bbox 2204 3254 2400 3323; x_wconf 76' lang='lat' dir='ltr'><em>quisque</em></span> 
     </span>
    </p>
   </div>
   <div class='ocr_carea' id='block_1_14' title="bbox 1359 3337 1652 3406">
    <p class='ocr_par' dir='ltr' id='par_1_14' title="bbox 1359 3337 1652 3406">
     <span class='ocr_line' id='line_1_71' title="bbox 1359 3337 1652 3406; baseline 0.014 -20"><span class='ocrx_word' id='word_1_435' title='bbox 1359 3337 1531 3406; x_wconf 87' lang='lat' dir='ltr'><em>jurat,</em></span> <span class='ocrx_word' id='word_1_436' title='bbox 1562 3348 1652 3390; x_wconf 85' lang='lat' dir='ltr'><em>etc.</em></span> 
     </span>
    </p>
   </div>
  </div>
 </body>
</html>
