3025 5025
556 470 706 543 308
834 472 910 539 C.
967 470 1254 537 JULII
1322 468 1798 537 CAESARIS
1868 466 2423 539 COMMENT.

551 603 872 699 sagittarii
915 600 1412 695 funditoresque
1457 600 1789 687 destituti,
1818 600 2104 669 inermes
2123 587 2173 689 ⁴,-
2202 603 2341 670 sine
2367 602 2711 697 praesidi0‚

548 710 886 781 interfecti
929 723 1099 777 sunt.
1148 708 1405 778 Eodem
1443 709 1699 803 impetu
1742 707 2053 776 cohortes
2086 708 2424 777 sinistrum
2460 733 2677 778 cornu
2695 763 2716 797 ,

546 815 1002 911 pugnantibus
1043 815 1242 883 etiam
1284 829 1430 883 tum
1466 838 1545 881 ac
1582 814 2039 883 resistentibus
2074 816 2144 880 in
2176 816 2317 883 acie
2358 816 2717 910 Pompeia-

549 925 654 991 nis
674 978 694 1008 ,
725 922 1201 991 circumierunt
1219 974 1240 1007 ‚
1284 945 1529 1013 eosque
1564 943 1605 986 a
1640 934 1833 1015 tergo
1876 934 2033 989 sunt
2066 920 2300 989 adorti.

654 1031 905 1098 XCIV.
932 1027 1188 1097 Eodem
1210 1042 1513 1121 tempore
1534 1028 1797 1095 tertiam
1826 1028 2038 1095 aciem
2058 1028 2303 1113 Caesar,
2322 1052 2467 1120 quae
2486 1030 2723 1121 quieta

547 1136 799 1222 fuerat,
819 1148 886 1203 et
913 1158 982 1203 se
1021 1132 1105 1203 ad
1135 1132 1203 1201 id
1229 1147 1493 1227 tempus
1526 1130 1676 1201 loco
1706 1147 2051 1220 tenuerat,
2072 1156 2469 1227 procurrere
2492 1134 2719 1227 jussit.

547 1244 685 1328 Ita,
709 1266 917 1335 quum
947 1254 1244 1309 recentes
1265 1254 1464 1333 atque
1493 1240 1735 1332 integri
1762 1238 2037 1307 defessis
2068 1241 2571 1326 successissent,
2604 1241 2724 1311 alii

549 1363 773 1416 autem
797 1372 836 1415 a
854 1361 1044 1441 tergo
1074 1340 1528 1433 adorirentur,
1549 1347 1875 1415 sustinere
1900 1347 2289 1440 Pompeiani
2309 1371 2449 1414 non
2472 1361 2723 1441 potue·-

549 1469 738 1541 runt‚
767 1468 964 1546 atque
991 1454 1284 1521 universi
1310 1466 1500 1545 terga
1523 1466 1887 1521 verterunt.
1918 1454 2155 1545 Neque
2183 1476 2347 1521 vero
2374 1454 2725 1523 Caesarem

500 1644 513 1651 -
549 1558 782 1629 fefellit
803 1613 821 1648 ‚
850 1560 1012 1653 quin
1053 1560 1138 1627 ab
1179 1559 1256 1627 iis
1300 1557 1691 1631 cohortibus
1718 1611 1738 1646 ‚
1776 1582 1923 1651 quae
1960 1572 2196 1627 contra
2230 1560 2611 1652 equitatum
2652 1563 2729 1629 in

553 1681 793 1759 quarta
849 1668 990 1735 acie
1032 1664 1376 1734 collocatae
1414 1679 1667 1752 essent,
1710 1665 1973 1735 initium
2030 1666 2325 1733 victoriae
2374 1668 2681 1735 oriretur
2710 1722 2731 1755 ,

549 1788 627 1841 ut
664 1773 803 1865 ipse
853 1774 922 1841 in
983 1770 1412 1840 cohortandis
1465 1769 1789 1839 militibus
1840 1773 2406 1867 pronuntiaverat.
2452 1774 2565 1841 Ab
2614 1774 2733 1844 his

552 1880 730 1946 enim
768 1881 1065 1971 primum
1103 1877 1434 1971 equitatus
1469 1891 1574 1945 est
1614 1876 1843 1972 pulsus
1882 1904 1897 1946 :
1944 1877 2031 1945 ab
2072 1877 2305 1946 iisdem
2350 1878 2546 1947 factae
2594 1906 2731 1949 cae-

553 1984 669 2053 des
694 1985 1188 2077 sagittariorum
1217 1997 1418 2076 atque
1447 1982 1898 2053 funditorum:
1934 1983 2019 2051 ab
2046 1984 2280 2052 iisdem
2312 1986 2487 2053 acies
2516 1988 2733 2057 Pom-

551 2092 796 2183 peiana
815 2114 856 2157 a
888 2091 1152 2159 sinistra
1179 2103 1368 2184 parte
1389 2104 1548 2158 ‚erat
1572 2092 1916 2159 circumita
1940 2144 1961 2177 ‚
2002 2105 2199 2184 atque
2236 2092 2503 2159 initium
2540 2092 2737 2187 fugae

553 2194 861 2267 factum¹.
885 2195 1014 2265 Sed
1043 2198 1432 2290 Pompeiu8‚
1459 2211 1539 2265 ut
1572 2197 1940 2291 equitatum
1980 2221 2175 2265 suum
2214 2194 2483 2293 pulsum
2521 2200 2736 2288 vidit,

554 2318 752 2397 atque
791 2326 938 2371 eam
982 2317 1241 2397 partem
1260 2356 1278 2389 ‚
1324 2304 1436 2371 cui
1475 2303 1763 2373 maxime
1828 2303 2242 2391 confidebat,
2288 2307 2744 2398 perterritam

553 2404 851 2479 animum
887 2408 1204 2495 advertit,
1233 2407 1373 2477 aliis
1417 2408 1673 2479 diffisus
1691 2406 1710 2431 ²
1744 2410 1885 2477 acie
1928 2411 2209 2479 excessit
2228 2464 2247 2498 ,
2274 2412 2738 2509 protinusque

553 2621 659 2676 tuti
697 2640 803 2674 suae
845 2637 1006 2692 quam
1041 2619 1398 2688 stratagemati
1431 2619 1587 2672 cuili-

1681 2631 1865 2691 traque
1906 2639 2115 2672 morem
2136 2619 2357 2674 Caesaris
2371 2659 2390 2686 ,
2416 2623 2514 2692 qui
2534 2625 2736 2694 plura-

555 2703 647 2753 bet
673 2700 875 2753 deberi.

1679 2700 1785 2751 lem
1812 2713 1952 2750 amat
1973 2719 2277 2767 numerum,
2291 2715 2349 2753 ut
2367 2700 2617 2756 vidimus
2636 2706 2743 2757 ali-

1680 2780 1905 2850 quoties,
1939 2779 2066 2832 Haec
2095 2781 2255 2833 verba
2286 2782 2480 2833 absunt
2513 2784 2577 2834 in
2601 2803 2740 2838 nos-

1681 2871 1767 2910 tro
1785 2856 1904 2911 cod.
1938 2859 2111 2930 5768.
2130 2891 2207 2902 -—
2232 2860 2519 2913 Cia-cumita.
2542 2865 2743 2936 Vulgo

1672 2940 2028 3004 circumventa3
2060 2941 2133 2991 ita
2158 2957 2375 3010 quoque
2418 2954 2617 2995 noster
2671 2947 2741 2996 R.

1686 3017 1859 3088 5768.
1908 3015 1979 3078 Ᾰῑ
2023 3019 2238 3090 optimae
2289 3021 2633 3076 membrana
2688 3039 2751 3076 ev

1682 3110 1864 3149 nostra
1906 3098 2057 3168 5764
2081 3137 2097 3161 ‚
2140 3103 2405 3168 cir-cumin.
2462 3101 2749 3156 Circumin'

1681 3196 1792 3228 non
1816 3197 1939 3229 raro
1958 3179 2163 3251 passive
2186 3180 2439 3232 occurrit.
2460 3179 2663 3254 Nepos
2684 3183 2746 3236 in

1683 3257 1867 3310 Them.
1889 3277 1937 3310 c.
1958 3259 1987 3309 3
2012 3276 2105 3310 :ne
2126 3259 2427 3310 multitudine
2450 3265 2747 3315 circumire·

640 2788 694 2844 4.
729 2781 990 2843 Destituti‚
1018 2782 1233 2830 inermes.
1256 2779 1495 2829 Destituti
1526 2779 1592 2830 ab

557 2859 860 2931 equitibus;
893 2862 1089 2909 inermes
1104 2897 1120 2919 ,
1163 2858 1283 2910 telis
1326 2857 1591 2928 profusis3

555 2945 660 2992 eim
677 2938 941 3009 proesidio,
973 2956 1004 2989 a
1029 2938 1179 2988 nullo
1208 2935 1432 2990 defensi.

639 3020 770 3073 CAP.
795 3018 997 3070 XCIV.
1030 3036 1080 3069 1.
1106 3017 1190 3068 Ab
1217 3017 1289 3068 his
1319 3021 1495 3070 enim...
1513 3057 1528 3068 .
1545 3057 1593 3069 .-

561 3103 751 3154 im‘tium
777 3099 922 3166 sugoe
940 3099 1149 3164 sactum.
1181 3096 1320 3149 Hoec·
1350 3109 1459 3150 tota
1497 3115 1593 3166 pe-

558 3177 744 3232 riodus
770 3176 1045 3248 glossatori
1069 3175 1348 3228 referenda
1378 3174 1595 3228 videtur

560 3258 821 3312 Bentleio.
852 3257 1044 3310 Statim
1069 3257 1213 3308 enim
1241 3274 1491 3325 arrogans
1517 3255 1598 3306 ni-

560 3339 732 3391 mium
769 3349 822 3390 et
856 3336 1116 3407 gloriosus
1141 3347 1359 3406 apparet
1393 3336 1592 3393 Caesar,
1689 3348 1781 3388 tur.
1809 3337 2070 3390 Nonnulli
2090 3338 2291 3390 habent
2320 3342 2709 3396 circummunita
2724 3365 2751 3407 ρ

559 3420 680 3490 ipso
707 3416 905 3490 judice.
946 3417 1083 3468 Dein
1127 3416 1290 3469 verba
1330 3414 1392 3466 ab
1431 3414 1596 3466 iisdem
1670 3416 1839 3470 wale.

563 3503 751 3552 mitium
758 3499 904 3565 sugoe
911 3498 1102 3563 factum
1118 3495 1362 3565 ambigue
1377 3492 1488 3546 dici
1507 3513 1597 3546 au·-
1772 3515 1799 3548 2
1810 3536 1823 3549 .
1840 3497 1975 3548 Aliis
1986 3496 2193 3567 dffsus.
2214 3497 2350 3552 Cod.
2367 3513 2558 3554 noster
2576 3503 2613 3555 S
2622 3508 2747 3574 764

563 3592 736 3631 tumat
755 3617 773 3644 ‚
793 3577 943 3647 quasi
969 3574 1130 3628 iidem
1157 3575 1392 3644 fugerint
1412 3587 1466 3627 et
1483 3593 1597 3626 non
1686 3577 1887 3648 aliisque
1910 3576 2208 3646 dffms..'1'b
2238 3599 2327 3650 que
2348 3580 2549 3633 inutile
2580 3583 2749 3636 vide-

563 3660 815 3734 fugarint.
845 3655 1055 3708 Onmu..
1083 3655 1372 3733 Pei-peram
1403 3673 1417 3706 :
1450 3655 1601 3708 nulla

1688 3667 1795 3714 tur.
1817 3657 1987 3722 Alter,
2004 3657 2204 3726 aliisque
2230 3677 2373 3730 quam
2398 3663 2621 3714 maxime
2648 3665 2752 3732 day-'-

561 3737 876 3810 ambiguitas
902 3736 1082 3788 verbis
1111 3735 1320 3798 subest3
1346 3735 1410 3784 ab
1433 3734 1599 3786 iisdem
1674 3734 1820 3805 fisus.
1847 3737 1929 3792 Ita
1953 3756 2167 3809 quoque
2196 3738 2288 3790 alii
2317 3741 2497 3792 multo
2528 3743 2747 3814 plures.

563 3822 752 3876 t‘m’te'um
775 3819 968 3884 factum
986 3816 1132 3883 fugoe
1147 3853 1162 3876 ,
1193 3831 1306 3866 non
1335 3814 1599 3884 significat

563 3899 811 3951 cohortes
851 3893 1154 3966 exemplum
1191 3895 1330 3964 fugae
1360 3891 1569 3948 dedisse
1585 3933 1602 3962 ,

564 3976 658 4030 sed
688 3976 887 4048 primas
927 3974 1172 4028 omnium
1201 3974 1380 4026 hostes
1417 3975 1601 4046 fugere

561 4057 815 4127 coegisse.
841 4085 924 4096 —-·
949 4053 1123 4106 Factoe
1169 4055 1339 4107 coedes.
1372 4054 1603 4125 Vulgata

559 4135 725 4204 'habet
736 4137 887 4205 sacta
908 4133 1061 4189 cades
1075 4146 1264 4192 contra
1277 4131 1462 4202 codd„
1475 4151 1605 4188 con·

1688 3815 1797 3868 Has
1827 3835 1985 3869 voces
2009 3837 2151 3888 quam
2187 3822 2393 3870 maxime
2418 3824 2624 3890 reponi
2658 3826 2751 3894 ju-

1688 3895 1849 3948 bebat
1858 3895 2122 3949 Davisius.
2131 3929 2214 3940 --
2225 3897 2352 3949 Acie
2364 3905 2593 3954 excessit.
2613 3901 2755 3955 Haec

1689 3975 1935 4048 Pompeii
1960 3977 2083 4047 fuga
2112 3976 2359 4032 miranda
2380 3993 2531 4033 certe
2558 3981 2757 4036 videri

1688 4053 1881 4121 debet3
1908 4075 2009 4109 nec
2056 4057 2115 4108 in
2158 4057 2263 4111 hoc
2304 4058 2445 4111 facto
2496 4059 2754 4115 domito-

1690 4153 1807 4192 rem
1820 4136 1959 4194 Asin
1970 4135 2457 4212 Hispaniarum-{ue
2468 4140 2755 4196 victorem
