3025 5025
65 223 70 358 ς
130 305 135 310 ,

65 363 68 524 ἱ

65 535 70 696 i

634 437 773 506 DE
824 439 1172 508 BELLO
1228 439 1605 508 CIVILI.
1652 436 1852 508 LlB.
1910 435 2010 507 II.
2227 437 2383 537 '175

258 560 523 657 bantur,
559 583 629 637 et
660 593 815 638 cum
858 571 930 638 P.
974 569 1156 638 Attio
1196 568 1513 664 agebant,
1551 595 1636 638 ne
1675 594 1794 638 sua
1837 573 2197 664 pertinacia
2243 599 2388 642 om-

258 673 427 742 nium
461 673 765 745 fortunas
815 677 1195 770 perturbari
1238 674 1457 746 vellet.
1510 680 1672 746 Haec
1724 701 1932 771 quum
1987 693 2346 774 agerentur
2368 734 2389 769 ‚

255 783 457 850 nuntii
496 783 821 878 praemissi
864 781 951 850 ab
1001 807 1159 877 rege
1215 783 1390 852 Juba
1432 799 1764 852 venerunt
1787 836 1806 870 ‚
1846 786 1958 877 qui
2004 784 2191 856 illum
2230 812 2388 856 cum

256 891 500 982 magnis
547 889 756 984 copiis
793 886 1021 959 adesse
1070 889 1369 960 dicerent
1389 942 1412 978 ,
1450 905 1518 958 et
1563 890 1646 958 de
1691 891 1990 960 custodia
2035 916 2114 962 ac
2163 892 2390 962 defen-

250 993 423 1064 sione
465 995 653 1066 urbis
692 995 1125 1090 hortarentur
1164 1021 1180 1064 :
1219 1020 1367 1090 quae
1406 1021 1513 1068 res
1553 1021 1787 1068 eorum
1822 1001 2212 1094 perterritos
2242 1001 2392 1072 ani·-

250 1125 380 1170 mos
419 1100 862 1172 confirmavit.

345 1210 713 1278 XXXVII.
769 1209 1283 1279 Nunciabantur
1317 1209 1463 1278 haec
1498 1209 1732 1278 eadem
1767 1212 2076 1298 Curioni,
2105 1212 2222 1282 sed
2265 1211 2390 1282 ali-

251 1315 541 1410 quandiu
574 1313 741 1384 fides
784 1314 931 1384 fier‘i
974 1340 1115 1385 non
1156 1329 1423 1410 poterat
1453 1341 1468 1384 ε
1503 1329 1760 1386 tantam
1794 1316 2088 1386 habebat
2123 1343 2394 1390 suarum

136 1433 139 1436 ’
250 1445 465 1490 rerum
512 1417 866 1494 fiduciam!
908 1422 1181 1518 jamque
1226 1423 1505 1492 Caesaris
1541 1424 1613 1492 in
1645 1425 1969 1517 Hispania
2011 1449 2120 1494 res
2149 1450 2393 1496 secun-

249 1526 342 1596 dae
376 1530 449 1596 in
499 1527 798 1618 Africam
840 1530 1107 1599 nunciis
1142 1553 1221 1598 ac
1267 1526 1504 1598 litteris
1548 1529 2075 1624 perse-rebantur.
2131 1532 2395 1620 Quibus

251 1635 554 1704 omnibus
590 1635 791 1706 rebus
838 1633 1135 1706 sublatus
1154 1689 1175 1726 ‚
1209 1633 1373 1704 nihil
1428 1650 1666 1706 contra
1707 1661 1778 1706 se
1821 1653 2050 1732 regem
2091 1641 2394 1708 nisurum

248 1742 687 1812 existimabat.
739 1741 872 1812 Sed
913 1742 1030 1812 ubi
1074 1743 1270 1812 certis
1330 1743 1718 1814 auctoribus
1762 1746 2090 1840 comperit
2111 1799 2131 1833 ,
2171 1747 2396 1814 minus

248 1849 306 1917 V
346 1863 417 1917 et
452 1851 593 1918 XX
633 1847 922 1920 millibus
976 1848 1174 1944 longe
1194 1847 1215 1874 ¹
1270 1849 1354 1918 ab
1394 1850 1601 1921 Utica
1652 1851 1794 1946 ejus
1853 1853 2080 1946 copias
2123 1851 2397 1939 abesse;

247 1953 489 2024 relictis
536 1955 1018 2026 munitionibus
1040 2011 1063 2046 ‚
1120 1981 1265 2026 sese
1313 1957 1387 2026 in
1440 1972 1661 2028 castra
1741 1957 2053 2028 Cornelia
2122 1961 2394 2055 recepit.

246 2063 393 2130 Huc
457 2059 873 2132 frumentum
916 2077 1373 2158 comportare,
1433 2077 1654 2132 castra
1697 2065 1958 2133 munire
1981 2119 2000 2153 ‚
2049 2065 2397 2135 materiam

244 2168 551 2238 conferre
594 2171 841 2264 coepit3
884 2171 1239 2266 statimque
1283 2171 1354 2239 in
1399 2169 1694 2239 Siciliam
1733 2171 1910 2240 misit
1929 2169 1976 2259 ²,
2033 2173 2134 2240 uti
2181 2173 2252 2238 II
2294 2169 2398 2241 le-

242 2277 473 2369 giones
499 2274 925 2371 reliquusque
952 2279 1286 2372 equitatus
1309 2275 1394 2345 ad
1417 2301 1487 2344 se
1519 2279 1915 2346 mitteretur.
1948 2280 2183 2347 Castra
2209 2293 2401 2346 erant

239 2380 326 2451 ad
358 2379 614 2451 bellum
642 2381 1025 2453 ducendum
1068 2384 1441 2478 aptissima,
1476 2385 1718 2451 natura
1746 2383 1878 2452 loci
1905 2399 1974 2452 et
2001 2385 2400 2472 munitione,

240 2503 307 2558 et
333 2491 545 2559 maris
582 2491 1109 2585 propinquitate,
1139 2505 1209 2560 et
1242 2515 1431 2585 aquae
1468 2503 1536 2559 et
1576 2487 1728 2561 salis
1767 2491 1992 2585 copia,
2029 2490 2219 2584 cujus
2259 2516 2401 2559 ma-

240 2621 373 2691 gna
410 2599 515 2667 vis
554 2598 692 2691 jam
728 2622 813 2666 ex
856 2598 1175 2692 proximis
1224 2610 1369 2666 erat
1426 2595 1650 2693 salinis
1701 2621 1782 2665 eo
1841 2610 2178 2689 congesta.
2205 2692 2216 2699 λ
2242 2598 2402 2666 Non

239 2706 527 2773 materia
585 2701 1014 2773 multitudine
1068 2704 1389 2773 arborum
1416 2757 1435 2791 ‚
1495 2728 1634 2771 non
1691 2702 2099 2773 frumentum
2131 2756 2152 2790 ,
2212 2704 2402 2797 cujus

238 2824 434 2879 erant
471 2809 837 2905 plenissimi
890 2812 1077 2905 agri,
1124 2810 1413 2881 deficere
1464 2822 1748 2903 poterat.
1807 2811 2044 2903 Itaque
2099 2812 2400 2878 omnium

235 2940 522 2985 suorum
558 2941 891 2986 consensu
916 2918 1124 2986 Curio
1157 2916 1441 3011 reliquas
1470 2918 1695 3011 copias
1723 2930 2142 3011 exspectare,
2177 2931 2244 2985 et
2266 2916 2402 2986 bel—

236 3020 381 3091 lum
417 3022 672 3093 ducere
716 3022 1011 3119 parabat.

235 3206 422 3277 itaque
491 3206 819 3259 rescribebat
871 3204 1093 3259 Vossius
1130 3223 1143 3257 ε
1170 3207 1281 3275 jam
1372 3202 1608 3257 Siciliam
1648 3205 1796 3257 misit
1837 3205 2005 3257 Curio
2021 3242 2036 3271 ‚
2067 3203 2136 3257 ad
2171 3218 2410 3260 transm-⁶

228 3287 425 3357 palam.
1372 3282 1576 3337 hendas
1600 3284 1834 3355 legiones
1866 3283 2023 3349 duas,
2051 3298 2112 3338 ut
2143 3288 2252 3357 jam
2292 3287 2408 3339 ani-

317 3366 455 3417 Cn».
493 3364 786 3417 XXXVII.
830 3382 879 3418 1.
923 3365 1111 3433 Longe.
1156 3360 1285 3418 Hoec
1373 3363 1780 3418 madverterunt
1821 3365 1902 3417 rei
1940 3366 2185 3419 militaris
2229 3364 2410 3436 periti.

234 3464 340 3498 vox
368 3446 621 3499 Ciaccon.
653 3458 706 3497 et
736 3442 872 3498 Scal.
900 3442 1176 3497 abundare
1202 3443 1285 3497 vi·
1374 3477 1456 3487 -—
1473 3446 1793 3517 Reliquusque
1837 3450 2077 3515 equitatus
2129 3448 2408 3497 mitteretur.

234 3524 401 3578 detur
442 3543 457 3577 :
506 3537 834 3597 quapropter
898 3542 1018 3577 eam
1076 3524 1287 3577 uncinis
1376 3524 1646 3595 Corrupte
1668 3526 1861 3595 legitur
1887 3542 1971 3597 ap.
1997 3510 2160 3578 codd:
2173 3536 2412 3589 nostros,

232 3606 369 3659 Seal.
412 3602 795 3657 includendam
824 3604 1067 3668 curavit;
1094 3622 1286 3675 perpe·
1378 3605 1663 3676 reliquisque
1703 3608 1942 3677 equitatus
1983 3606 2250 3655 mitteretur
2259 3624 2280 3666 ;
2311 3622 2414 3675 pro

235 3704 354 3738 ram
375 3702 391 3737 :
416 3697 500 3737 est
529 3683 803 3737 familiaris
833 3696 1051 3750 nostro;
1081 3683 1179 3736 lib.
1221 3682 1289 3736 de
1350 3682 1489 3754 'quo
1521 3682 1807 3754 legendum
1849 3684 2161 3755 reliquusque.
2203 3681 2309 3735 Sed
2349 3702 2414 3737 ex

234 3763 371 3825 Bell.
398 3764 516 3815 Afr.
537 3782 616 3817 cc.
645 3768 717 3833 67
732 3802 749 3829 ,
764 3765 837 3817 68
854 3801 871 3829 ,
896 3775 948 3815 et
972 3778 1067 3835 77;
1084 3775 1137 3815 et
1160 3764 1199 3818 l.
1214 3764 1288 3827 V,
1380 3760 1541 3817 codd.
1573 3763 1768 3829 nostris
1799 3764 2008 3815 restitui
2042 3760 2414 3815 tantummodo

230 3843 300 3897 de
318 3844 457 3897 Bell.
487 3842 648 3912 Gall„
669 3863 716 3897 c.
740 3851 812 3915 47
834 3861 848 3897 :
870 3844 965 3896 III
974 3843 1127 3895 millia
1144 3842 1290 3912 longe
1380 3846 1675 3905 mitteretur,
1703 3853 1860 3911 atque
1885 3842 1958 3895 sic
1975 3842 2202 3913 Vulgata
2223 3842 2414 3897 habet:

130 3936 133 3941 '
232 3945 265 3974 a
295 3928 478 3976 castris
517 3924 801 3976 consedisse.
1380 3923 1683 3993 reliquusque
1713 3924 1954 3993 equitatus
1985 3925 2276 3986 mitteretur,
2299 3942 2418 3995 «με

322 4024 377 4056 2.
404 4003 681 4075 Statimque
704 4008 759 4055 in
782 4002 997 4064 Siciliam
1020 4006 1173 4055 misit.
1198 4002 1291 4053 Sa·
1384 4002 1546 4054 lectio
1578 4002 1837 4053 sincerior
1861 4002 1998 4053 mihi
2017 4001 2246 4056 videtur.
2273 4005 2419 4069 Qua-

232 4084 455 4155 pienter
481 4082 732 4154 quidem,
754 4082 851 4138 sed
873 4084 1035 4155 paulo
1052 4081 1293 4139 seriusin
1384 4093 1612 4165 propter
1638 4100 1756 4133 eam
1783 4082 2132 4152 praetulimus.
