3025 5025
577 473 676 546 26
861 476 939 544 C.
993 474 1280 544 JULII
1336 471 1811 545 CAESARIS
1866 473 2422 544 COMMENT.

568 607 654 678 ad
697 608 952 676 Attium
995 608 1254 676 Varum
1299 605 1680 697 frequentes
1722 605 2133 674 conveniunt
2162 631 2177 672 τ
2215 605 2498 694 docent,
2550 633 2587 670 ι(
2621 607 2725 676 sui

562 714 800 809 judicii
818 711 838 738 ²
886 737 1028 784 rem
1064 737 1206 780 non
1243 737 1414 800 esse3
1444 737 1661 806 neque
1700 735 1771 782 se
1787 765 1807 799 ,
1843 736 2058 806 neque
2102 711 2397 806 reliquos
2440 715 2725 784 munici-

566 845 688 916 pes
727 821 865 916 pati
895 843 1122 914 posse,
1157 821 1236 888 C.
1275 821 1608 888 Caesarem
1652 821 2165 914 imperatorem,
2183 819 2371 888 bene
2408 819 2493 889 de
2524 845 2723 916 repu-

569 927 743 998 blica
786 928 1134 1014 meritum,
1178 927 1378 996 tantis
1427 927 1626 996 rebus
1679 928 1915 1022 gestie,
1953 926 2209 1021 oppido
2263 928 2730 1058 moenibusque

569 1034 953 1154 prohiberi.
999 1033 1280 1128 proinde
1319 1033 1567 1103 habeat
1602 1035 1929 1107 rationem
1966 1020 2413 1128 posteritatis³
2440 1049 2509 1103 et
2550 1037 2728 1129 peri

571 1140 704 1212 culi
745 1142 864 1210 sui.
901 1170 936 1206 2>
973 1143 1286 1229 Quorum
1321 1142 1623 1210 oratione
1653 1156 1999 1236 permotus
2027 1143 2251 1211 Attius
2283 1144 2507 1211 Varus
2522 1166 2732 1236 ,prae-

571 1248 849 1335 sidium,
877 1248 1057 1342 quod
1084 1247 1580 1335 introduxerat,
1604 1272 1687 1318 ex
1706 1248 1959 1344 oppido
1986 1247 2243 1336 educit,
2274 1273 2353 1317 ac
2372 1235 2728 1344 pmfugit⁴.

573 1358 774 1424 Hunc
805 1379 892 1424 ex
927 1355 1148 1449 primo
1193 1339 1468 1424 ordine⁵
1512 1357 1711 1474 pauci
1760 1357 2041 1425 Caesaris
2088 1357 2431 1429 consecuti
2488 1353 2731 1424 milites

571 1464 935 1532 consistere
971 1476 1272 1558 cogunt.
1307 1463 1667 1533 commisso
1697 1459 1959 1556 praelio,
1992 1462 2319 1531 deseritur
2350 1484 2391 1530 a
2419 1463 2553 1531 suis
2567 1463 2730 1531 Va-

461 1617 468 1624 ·
570 1594 718 1652 rus;
739 1567 1064 1638 nonnulla
1090 1593 1246 1663 pars
1271 1567 1558 1640 militum
1582 1568 1859 1638 domum
1882 1568 2196 1654 discedit,
2218 1568 2455 1663 reliqui
2472 1568 2558 1637 ad
2582 1570 2731 1638 Cae-

574 1700 789 1746 sarem
828 1677 1272 1770 perveniunt:
1305 1690 1504 1770 atque
1540 1699 1693 1746 unas
1710 1699 1869 1746 eum
1903 1677 1980 1746 iis
2006 1675 2461 1770 deprehensus
2482 1678 2562 1745 L.
2595 1677 2728 1742 Pu-

570 1767 771 1876 pius⁶
775 1835 794 1869 ‚
845 1782 1161 1876 primipili
1201 1783 1546 1869 centuri0‚
1584 1781 1981 1868 adducitur,
2018 1784 2135 1876 qui
2185 1783 2367 1852 hunc
2414 1781 2729 1850 eumdem

573 1889 918 1960 ordinem
899 1914 970 1960 ιιι
995 1891 1292 1958 exercitu
1315 1890 1440 1958 Cn.
1470 1890 1771 1983 Pompeii
1798 1903 1993 1958 antea
2014 1888 2311 1958 duxerat.
2346 1889 2434 1957 At
2462 1887 2728 1958 Caesar⁷

570 1993 814 2066 milites
845 1997 1153 2067 Attianos
1193 1993 1564 2082 collaudat,
1598 1997 1885 2091 Pupium
1924 1995 2231 2083 dimittit,
2266 1995 2730 2064 Auximatibus

569 2103 710 2196 agit
741 2104 1018 2196 gratias,
1055 2128 1257 2198 seque
1285 2128 1523 2175 eorum
1562 2103 1721 2174 facti
1762 2127 2131 2172 memorem
2169 2102 2313 2172 fore
2349 2101 2727 2196 pollicetur.

573 2275 889 2331 decuriones
913 2291 1037 2332 sunt
1058 2280 1099 2331 ii
1129 2279 1225 2350 qui
1247 2280 1438 2332 turmis
1455 2279 1607 2350 equi·

533 2381 540 2387 ·
571 2370 689 2410 tum
720 2371 989 2429 praesunt,
1019 2371 1082 2410 ut
1111 2360 1450 2412 centuriones
1481 2377 1607 2412 cen·

572 2437 732 2492 tux-iis
766 2437 1029 2511 peditum.
1055 2440 1126 2491 At
1145 2439 1202 2491 h.
1226 2439 1264 2490 l.
1293 2440 1488 2490 decurio
1524 2439 1608 2492 di·

573 2518 716 2572 citur
764 2520 1100 2591 magistratus
1150 2519 1434 2590 municipii
1456 2557 1473 2584 ‚
1523 2520 1609 2572 vel

572 2598 754 2670 potius
793 2598 1113 2653 decuriones
1155 2610 1282 2654 sunt
1319 2611 1608 2653 senatores.

572 2680 642 2731 In
667 2680 974 2752 municipiis
991 2681 1164 2744 enim,
1179 2678 1237 2731 id
1257 2692 1336 2731 est
1351 2718 1368 2745 ,
1383 2679 1446 2738 in.
1466 2680 1613 2731 urbi-

573 2760 678 2813 bus
703 2779 801 2812 suo
822 2762 946 2831 jure
971 2760 1247 2813 utentibus
1277 2760 1378 2813 suh
1403 2758 1611 2813 ditione

573 2858 823 2905 romana,
843 2853 996 2896 erant
1017 2854 1072 2893 et
1093 2841 1431 2911 magistratus
1453 2852 1508 2893 et
1528 2858 1610 2893 se-

573 2931 803 2973 natores.

663 3018 715 3052 α.
740 2998 832 3051 Sui
845 2998 1027 3069 judicii
1051 3018 1149 3053 rem
1175 3016 1272 3051 non
1293 3018 1408 3052 esse.
1442 2998 1623 3051 Suum·

576 3097 691 3131 non
715 3096 827 3131 esse
845 3077 1115 3149 judicare,
1142 3098 1208 3131 an
1226 3079 1382 3150 justis
1406 3078 1475 3131 de
1491 3096 1614 3131 cau-

579 3159 651 3211 sis
678 3160 852 3213 Caesar
877 3172 930 3212 et
955 3160 1243 3231 Pompeius
1272 3160 1413 3213 inter
1442 3178 1497 3212 se
1524 3156 1615 3211 de-

577 3250 861 3293 certarent.
893 3237 1130 3294 Videtur
1165 3240 1394 3293 formula
1437 3240 1612 3311 aliqua

581 3338 693 3372 esse
709 3319 766 3371 in
779 3321 900 3391 jure
917 3320 1097 3391 prisco
1117 3334 1372 3393 usurpata
1386 3359 1405 3385 ,
1424 3332 1485 3375 ut
1501 3322 1613 3391 jam

578 3400 884 3453 observavit
910 3400 1149 3453 Vossius,
1189 3402 1378 3473 Itaque
1406 3421 1504 3453 non
1542 3413 1617 3453 est

571 3480 755 3551 judicii
775 3483 870 3532 mei
889 3500 965 3531 res
978 3518 996 3545 ,
1018 3479 1163 3533 idem
1180 3482 1350 3548 valet,
1369 3500 1431 3535 ac
1461 3482 1505 3535 si
1530 3479 1613 3533 di-

581 3578 696 3625 cas,
725 3580 822 3611 non
858 3562 976 3613 milri
1013 3562 1070 3612 id
1095 3566 1417 3632 arrogantiae,
1449 3572 1506 3615 ut
1542 3580 1615 3613 me

583 3640 692 3691 huic
721 3644 792 3693 rei
821 3644 1142 3712 interponam.
1137 3661 1149 3674 ·
1167 3662 1264 3695 non
1293 3662 1474 3712 arrogo
1499 3644 1619 3695 mihi

578 3721 833 3773 arbitrium
853 3721 1298 3792 hujusrefflidd.
1324 3740 1498 3786 111,e.
1526 3738 1612 3775 υ.

665 3800 721 3853 3.
747 3802 1075 3855 Portet-itam.
1114 3804 1288 3855 Famae
1318 3800 1461 3873 apud
1491 3812 1615 3873 pos-

583 3892 760 3932 teros:
782 3879 856 3933 ita
878 3882 1139 3937 intellexit
1154 3884 1188 3936 J
1190 3884 1264 3935 ul
1285 3882 1501 3948 Celsus,
1521 3881 1617 3953 qui

582 3959 668 4011 111
696 3960 803 4013 vol.
831 3961 990 4033 hujus
1020 3962 1296 4028 editionis,
1329 3980 1448 4034 pag.
1477 3966 1615 4033 178,

584 4040 661 4093 sic
703 4041 1024 4096 concludit:
1063 4055 1228 4105 orant,
1270 4053 1324 4095 ut
1340 4045 1531 4110 famae,
1564 4052 1619 4095 ut

585 4139 694 4184 suo,
715 4142 997 4196 suot-iamque
1008 4122 1296 4184 diist-rimini,
1314 4122 1426 4175 dum
1439 4136 1617 4193 tempus

585 4213 686 4269 est,
717 4206 952 4257 comatae.
996 4204 1104 4259 Alii
1141 4201 1429 4258 emendam
1457 4214 1621 4275 poter·

1700 2282 1832 2331 tatis.
1866 2279 2115 2344 Frustra,
2147 2292 2200 2331 et
2231 2279 2346 2331 sine
2384 2279 2731 2331 auctoritate:

1694 2377 1821 2411 nam
1857 2359 1949 2410 hic
1982 2377 2095 2410 non
2133 2359 2307 2429 agitur
2345 2355 2413 2411 de
2450 2369 2729 2430 potestate.

1695 2439 1802 2491 Alii
1828 2442 2001 2508 :proin
2016 2478 2031 2500 ,
2059 2438 2173 2490 dum
2196 2449 2414 2511 potestas
2442 2442 2531 2504 sit,
2556 2438 2736 2490 habeat

1697 2522 1951 2580 rationem,
1985 2530 2076 2572 etc.

1782 2606 1834 2662 4.
1851 2600 2100 2669 Profugit.
2116 2600 2181 2651 In
2197 2598 2458 2664 Affimun,
2473 2598 2569 2650 uhi
2582 2597 2734 2651 dein·

1697 2679 1766 2733 de
1793 2680 2087 2733 Curionem
2113 2680 2411 2750 superavit,
2434 2691 2496 2730 ut
2518 2676 2732 2732 videtur

1697 2760 1862 2825 infra,
1889 2778 2005 2831 cap.
2042 2760 2136 2812 31.

1783 2840 1833 2892 5.
1862 2842 1951 2892 Ex
1974 2843 2134 2910 primo
2164 2838 2349 2892 ordine.
2368 2837 2591 2891 Vossius
2616 2856 2731 2891 ma·

1695 2920 1799 2973 luit
1811 2957 1829 2983 ‚
1850 2940 1912 2971 ex
1933 2922 2095 2989 primo
2110 2922 2303 2987 agmine
2316 2938 2337 2971 :
2354 2918 2481 2989 quia
2496 2937 2595 2990 per
2616 2914 2733 2971 haec

1696 3021 1760 3053 ex
1774 3003 1936 3071 primo
1960 3000 2129 3051 ordine
2158 2999 2473 3070 intelligitur
2498 3018 2555 3051 ιι
2582 3011 2675 3051 aut
2694 3015 2733 3052 x

1697 3080 1901 3151 primos
1927 3118 1944 3144 ,
1989 3080 2046 3131 in
2098 3097 2435 3151 quacumque
2489 3070 2730 3132 cohorte.

1698 3158 2049 3213 Marklandus
2096 3176 2225 3211 vero
2274 3159 2333 3211 in
2376 3158 2565 3230 explic.
2622 3171 2731 3214 vet.

1700 3252 1837 3295 auct.
1868 3260 1925 3311 p.
1966 3239 2112 3305 265,
2138 3259 2197 3290 es:
2226 3242 2400 3309 primis
2442 3238 2731 3292 ordinibus:

1698 3322 1810 3375 scil.
1836 3340 1905 3373 ne
1934 3319 2097 3373 nimis
2134 3319 2325 3390 exigua
2354 3336 2543 3372 manus
2570 3319 2735 3372 fuisse

1697 3400 1962 3455 videatur.
1994 3402 2090 3453 Est
2119 3412 2296 3451 autem
2339 3398 2489 3466 ordo,
2520 3416 2583 3451 ex
2618 3399 2732 3451 usi-

1701 3494 1809 3537 tata
1834 3482 2041 3534 ratione
2066 3484 2297 3533 centuria.
2328 3480 2406 3533 M.

1782 3567 1837 3615 6.
1872 3564 1933 3613 L.
1978 3562 2182 3631 Pupius.
2228 3554 2577 3612 Marklandus
2614 3558 2735 3611 vult

1700 3641 1905 3713 Spurius
1954 3643 2158 3711 Ριφίιιε.
2209 3640 2402 3711 Rei-psa
2444 3640 2502 3693 in
2550 3638 2733 3691 multis

1698 3720 1860 3775 codd.
1890 3733 1947 3774 et
1972 3722 2033 3773 in
2062 3734 2247 3774 nostro
2283 3720 2429 3791 5764
2448 3758 2465 3785 ,
2490 3734 2569 3771 eae
2606 3736 2736 3770 con·

1700 3802 2003 3874 spiciuntur
2010 3803 2201 3855 littera
2214 3800 2251 3852 S
2262 3802 2326 3853 L.
2339 3838 2357 3867 ,
2382 3798 2527 3851 unde
2546 3796 2738 3851 elicuit

1704 3880 1795 3954 Sp.
1811 3901 1845 3947 3.
1858 3881 1952 3935 sed
1976 3883 2131 3955 parvi
2154 3883 2387 3935 interest.

1786 3982 1840 4033 7.
1861 3963 1941 4015 At
1959 3963 2143 4016 (ἔωσαν.
2160 3963 2238 4014 Ex
2256 3960 2561 4028 conjectura
2587 3958 2622 4009 J
2623 3956 2734 4009 uri-

1702 4042 1761 4096 ni
1774 4044 1831 4097 τὸ
1850 4056 1903 4094 at
1922 4042 2087 4097 deleri
2106 4042 2223 4095 vult
2236 4038 2419 4091 Oberl.
2432 4074 2449 4103 ,
2461 4034 2609 4109 quod
2624 4054 2733 4089 sus-

1704 4123 1917 4196 picatur
1932 4137 2111 4177 ortum
2132 4138 2243 4174 esse
2256 4138 2287 4173 e
2298 4118 2523 4191 repetita
2542 4116 2731 4169 ultima

1705 4205 1908 4277 syllana
1938 4204 2087 4259 vocis
2114 4198 2487 4274 praecedentis,
2508 4198 2733 4251 duaeemt.
