3025 5025
635 457 1196 576 nEnELLo
1241 507 1621 578 civim.
1679 508 1873 578 Lm
1929 510 1982 576 1.
2260 535 2407 608 119

283 624 596 704 missionis
627 635 896 708 ferrent.
935 640 1110 710 Nam
1148 662 1357 734 quum
1385 639 1468 710 de
1496 639 1646 710 loeo
1682 654 1751 710 et
1791 654 2094 736 tempore
2136 643 2278 737 ejus
2316 648 2412 716 rei

283 745 719 814 controversia
761 743 1119 816 inferretur
1155 772 1171 816 ε
1209 761 1278 816 et
1325 772 1492 816 voce
1544 762 1611 816 et
1649 749 1959 818 manibus
1994 752 2286 820 universi
2328 777 2413 822 ex

281 838 490 930 vallo,
522 848 623 918 ubi
651 853 1126 942 constiterant,
1155 853 1529 948 significare
1554 869 1938 950 eruperunt,
1958 871 2037 926 ut
2066 859 2287 928 statim
2314 858 2412 928 di·

279 947 715 1044 mitterentur3
743 981 960 1053 neque
985 961 1174 1030 omni
1189 958 1210 984 ²
1241 963 1628 1056 interposita
1650 962 1783 1032 fide
1810 961 2081 1032 firmum
2102 989 2247 1034 esse
2271 990 2414 1059 pos·

279 1075 344 1120 se
362 1105 381 1141 ,
419 1059 474 1126 si
517 1062 581 1130 in
605 1062 788 1134 aliud
848 1079 1112 1162 tempus
1155 1067 1555 1140 differretur.
1609 1069 1843 1140 Paucis
1882 1095 2088 1163 quum
2132 1085 2305 1140 esset
2345 1073 2415 1140 in

279 1171 614 1260 utramque
657 1187 918 1266 partem
956 1174 1180 1244 verbis
1209 1175 1661 1269 disputatum3
1704 1201 1809 1246 res
1851 1176 1987 1250 hnc
2028 1176 2415 1262 deducitur,

281 1279 352 1331 ut
371 1269 451 1358 ii,
480 1277 583 1367 qui
603 1276 898 1348 habeant
923 1279 1330 1352 domicilium
1359 1297 1475 1350 aut
1500 1284 1945 1377 possessiones
1968 1285 2037 1352 in
2064 1285 2415 1378 Hispania,

279 1379 528 1468 statium
562 1381 798 1478 reliqui
833 1385 918 1456 ad
944 1389 1202 1472 Varum
1236 1388 1491 1460 flumen
1521 1389 1981 1458 dimittantur:
2002 1414 2089 1458 ne
2131 1389 2287 1486 quid
2322 1391 2417 1460 eis

279 1501 580 1558 noceatur
597 1474 646 1578 ³,
675 1511 810 1562 neu
838 1495 986 1587 quis
1015 1496 1266 1564 invitus
1288 1511 1783 1566 sam-amentum
1812 1496 2035 1566 dicere
2060 1511 2343 1592 cogatur
2372 1519 2415 1564 a

282 1587 553 1683 Caesare,
580 1614 875 1667 cavetur.

373 1699 789 1774 LXXXVII.
821 1708 1048 1775 Gaesar
1090 1725 1172 1774 ex
1205 1731 1288 1776 eo
1328 1721 1665 1802 tempore,
1694 1708 1857 1777 dum
1889 1707 1977 1776 ad
2006 1707 2257 1776 flumen
2280 1711 2415 1776 Va-

277 1817 415 1872 rum
455 1811 763 1880 veniatur
781 1864 800 1897 ,
849 1837 922 1881 se
963 1811 1374 1882 frumentum
1425 1815 1739 1894 daturum
1782 1813 2135 1910 pollicetur
2176 1841 2191 1882 τ
2234 1813 2419 1882 addit

281 1911 500 2005 etiam,
545 1923 666 2006 ut,
699 1946 737 1982 <c
786 1917 946 2012 quid
985 1922 1264 2014 quisque
1303 1945 1539 1990 eorum
1582 1923 1651 1992 in
1692 1917 1869 1992 bello
1906 1921 2233 2008 amiserit,
2269 1945 2417 2016 quoe

282 2014 397 2085 sint
436 2043 639 2116 penes
680 2022 924 2094 milites
967 2049 1157 2114 suos„
1193 2027 1270 2095 iis
1291 2080 1310 2113 ,
1347 2030 1462 2122 qui
1503 2030 1875 2115 amiserint,
1916 2029 2342 2096 restituatur:
2372 2057 2409 2092 n

279 2123 609 2218 militibus,
648 2153 838 2226 aequa
861 2132 1037 2202 facta
1061 2133 1531 2220 aestimatione,
1562 2137 1912 2230 pecuniam
1949 2159 2074 2229 pro
2104 2135 2181 2203 iis
2219 2135 2417 2204 rebus

279 2225 610 2307 dissolvit¹.
634 2239 1113 2334 Quascumque
1133 2253 1368 2334 postea
1387 2243 1877 2312 controversias
1896 2242 2067 2309 inter
2088 2265 2157 2310 se
2176 2240 2417 2314 milites

277 2333 654 2432 habuerint,
692 2369 814 2414 sua
867 2361 1106 2440 sponte
1149 2345 1238 2414 ad
1282 2349 1617 2416 >Caesarem
1661 2349 1731 2416 in
1776 2349 1885 2442 jus
1923 2346 2245 2415 adierunt.
2294 2349 2415 2414 Pe-

349 2553 399 2589 ς.
425 2537 597 2611 Neque
627 2542 774 2591 omni.
809 2540 890 2591 Ita
913 2537 1075 2593 codd.
1105 2538 1292 2591 nostri.

275 2611 525 2670 Nonnulli
547 2618 749 2671 habent
771 2638 920 2691 neque
939 2623 1064 2671 enim
1077 2638 1097 2671 .·
1119 2620 1297 2671 minus

272 2692 412 2749 bene.
445 2698 682 2768 Vulgata
707 2698 866 2751 lectio
897 2702 1153 2772 majorem
1184 2699 1296 2751 vim

271 2772 436 2829 habet.
453 2806 538 2821 --—
563 2779 784 2831 Firmum
805 2798 904 2831 esse
917 2800 1076 2849 posse.
1099 2780 1294 2831 Ratum

271 2853 324 2907 id
343 2855 486 2927 quod
516 2856 588 2911 de
609 2858 864 2911 missione
888 2872 1154 2931 ageretur:
1179 2878 1294 2912 eam

273 2936 406 2987 enim
427 2937 623 3009 respici
644 2940 982 2991 manifestum
1003 2952 1111 3004 est3
1139 2940 1295 3010 plane

271 3028 439 3068 autem
469 3016 788 3071 dormitavit
807 3018 900 3071 Fr.
915 3014 1168 3072 Hotman.
1201 3018 1297 3090 qui

271 3093 376 3149 hue
397 3098 564 3150 verba
587 3096 658 3150 de
682 3096 792 3151 fide
815 3097 1041 3151 ducibus
1061 3097 1186 3152 data
1209 3100 1293 3151 in·

269 3174 465 3249 telligit.
497 3176 646 3230 Vide
673 3197 720 3231 c.
758 3182 851 3249 76.
885 3179 1070 3231 Divis.

347 3257 398 3311 3.
441 3256 526 3309 Ne
561 3258 684 3329 quid
718 3262 786 3309 eis
823 3270 1068 3312 noceatur.
1111 3255 1294 3311 Codex

269 3348 442 3389 noster
477 3338 632 3407 5768
659 3354 672 3389 τ
699 3356 758 3389 ne
782 3344 864 3390 cui
890 3338 1031 3391 cleiis
1049 3348 1294 3401 noceatur,-

271 3412 389 3469 item
413 3418 700 3489 Bongars„
720 3416 872 3471 editt.
901 3418 1056 3471 Rom.
1073 3454 1087 3476 ‚
1125 3418 1294 3484 Ven.,

272 3494 508 3551 Beroald.
527 3515 541 3548 :
558 3516 677 3567 quae
697 3498 855 3551 lectio
879 3499 1076 3551 Vossio
1105 3498 1296 3569 proba-

275 3587 368 3629 tur.
383 3608 466 3620 —
479 3576 596 3629 Neu
621 3582 727 3650 quis
753 3582 926 3631 Invitus
949 3590 1294 3631 sacramentum

274 3655 418 3709 dicere
435 3668 661 3727 cogatur.
680 3658 762 3711 Ita
779 3656 899 3710 cod.
920 3670 1100 3711 noster
1121 3659 1294 3727 5764,

273 3739 441 3807 cujus.
477 3748 542 3789 nt
585 3736 642 3789 in
677 3736 998 3807 praecedenti
1035 3738 1290 3803 lectione,

275 3814 429 3869 fidem
459 3816 631 3869 secuti
655 3836 867 3885 sumus3
891 3832 944 3871 at
965 3816 1084 3871 cod.
1109 3819 1260 3887 5768
1278 3857 1295 3884 ,

277 3908 324 3949 et
350 3896 614 3968 Vulgata,
645 3910 698 3949 et
730 3898 888 3951 multi
918 3898 1008 3951 alii
1041 3897 1250 3951 codices
1279 3916 1292 3950 τ

279 3994 358 4029 neu
384 3980 492 4050 quis
521 3980 694 4029 invitus
715 3992 1010 4031 sacramento
1031 3978 1186 4031 dicere
1213 3998 1294 4029 co-

273 4070 430 4124 gatur,
461 4074 586 4127 quae
601 4055 760 4110 lectio
779 4078 992 4131 quoque
1005 4060 1174 4131 proba
1191 4071 1290 4115 est,

276 4146 324 4187 et
347 4136 660 4191 auctoritate
685 4136 855 4207 Livii,
881 4139 973 4193 lib.
1005 4156 1148 4206 xxxv,
1172 4159 1219 4193 c.
1237 4138 1296 4207 8,

1383 2538 1615 2592 firmata:
1632 2540 1799 2611 quibus
1806 2550 2103 2591 sacramento
2116 2538 2254 2589 liberi
2265 2558 2349 2591 ves
2354 2545 2420 2591 tri

1383 2619 1579 2671 dicant.-
1594 2620 1663 2671 At
1676 2619 1884 2683 Horat„
1906 2616 1942 2671 l.
1962 2636 2008 2670 11
2022 2658 2035 2685 ,
2053 2616 2141 2671 od.
2167 2636 2189 2670 1
2202 2636 2257 2689 7,
2276 2638 2325 2671 v.
2350 2622 2413 2673 9:

1518 2739 1653 2751 .....
1682 2708 1791 2753 Non
1810 2720 1899 2767 ego
1918 2704 2167 2765 perfidum.

1506 2777 1620 2821 Dixi
1643 2786 2005 2823 sacramentum.
2027 2810 2037 2821 .
2058 2810 2069 2821 .
2089 2809 2099 2821 .
2121 2809 2132 2821 .
2152 2809 2163 2820 .

1381 2859 1519 2910 Item
1554 2858 1757 2922 Tacit..
1790 2858 1884 2910 lib.
1914 2876 1969 2922 1,
2004 2858 2177 2917 Ann.‚
2215 2875 2263 2910 c.
2308 2858 2411 2913 28:

1380 2938 1727 2989 Percennio-ne
1742 2950 1789 2989 et
1812 2936 2051 2990 Vibuleno
2068 2948 2413 2989 sacramentum

1378 3018 1565 3069 dicturi
1592 3036 1768 3070 sumus.
2266 3046 2273 3057 «

1463 3097 1931 3153 emLXXXVII.
1954 3116 1977 3149 1
1990 3138 2003 3149 .
2014 3096 2267 3150 Dissolvic.
2280 3094 2412 3150 Scal.

1381 3196 1412 3231 e
1439 3176 1623 3231 codice
1661 3177 1843 3231 Ursin.
1880 3196 2114 3249 quocum
2150 3177 2413 3230 'consentit

1379 3270 1563 3311 noster
1594 3258 1743 3328 5764
1762 3296 1777 3323 ,
1804 3256 1957 3312 solvit.
1989 3256 2170 3321 Nihil,
2191 3257 2416 3327 opinor,

1379 3337 1599 3391 lectioni
1629 3351 1825 3390 nostrae
1848 3334 2181 3389 mutandum.
2197 3366 2279 3378 --
2304 3336 2417 3386 Ha-

1383 3418 1583 3471 huet-int.
1622 3416 1794 3472 Codd.
1844 3416 2124 3469 babuerunt.
2166 3414 2413 3467 Davisius

1381 3498 1663 3551 habuerant.
1707 3526 1788 3540 -—-
1821 3496 1881 3551 In
1914 3498 2001 3567 jus
2041 3497 2280 3548 adierunt.
2326 3492 2417 3546 Sic

1381 3577 1606 3631 Vossius
1624 3596 1653 3631 e
1671 3579 1973 3649 conjectura
1990 3577 2024 3629 J
2026 3577 2115 3629 ani
2134 3572 2413 3628 Guillelmi

1384 3652 1450 3719 (e.
1477 3678 1504 3711 2
1531 3658 1885 3729 quaestionum
1902 3658 1959 3710 in
1980 3654 2411 3720 Aululariemffiin

1383 3737 1602 3791 Gruter.
1631 3737 1820 3808 Lamp.
1837 3749 1874 3790 t.
1893 3754 1963 3789 111
1979 3776 1994 3804 ‚
2022 3757 2077 3809 p.
2100 3730 2411 3801 344)resti-

1383 3818 1485 3869 tuit
1499 3858 1517 3883 ,
1536 3835 1701 3889 quum
1725 3817 1780 3867 in
1807 3816 1956 3869 MSS.
1978 3816 2131 3868 bonis
2147 3818 2411 3886 legeretur

1384 3902 1510 3949 meus
1546 3897 1802 3959 adierant5
1842 3897 1899 3948 in
1948 3896 2061 3948 aliis
2110 3895 2273 3967 paulo
2316 3894 2416 3947 mi·

1383 3978 1531 4030 noris
1561 3976 1752 4049 pretii,
1780 3974 2179 4039 introduxerunt,-
2201 3975 2258 4026 in
2276 3993 2411 4039 uno,

1383 4076 1553 4129 eoque
1593 4056 1823 4129 optim0,
1850 4059 2033 4127 justius
2062 4054 2299 4108 adierunt.
2331 4051 2411 4107 M.

1383 4136 1450 4191 In
1478 4151 1665 4193 nostro
1694 4134 1879 4191 codice
1913 4137 2095 4209 5764,
2123 4138 2251 4189 intus
2282 4134 2414 4187 adie-

1893 4232 1987 4316 84
