3025 5025
613 469 760 559 544
1423 477 1557 545 DE
1611 478 1953 545 BELLO

604 636 686 679 ex
717 608 904 701 equis
937 607 1438 677 descenderunt.
1468 611 1575 677 Ita
1596 611 1835 703 exiguo
1860 622 2163 703 tempore
2188 632 2389 702 eques
2416 610 2754 703 pedestre,

604 716 804 810 pedes
827 729 1130 809 equestre
1160 714 1461 809 praelium
1487 714 1705 783 facere
1735 718 1967 809 coepit,
2002 740 2212 809 usque
2246 740 2327 785 eo
2348 769 2366 802 ,
2404 731 2485 785 ut
2510 716 2759 785 caedem

607 823 906 916 proxime
955 846 996 889 a
1040 820 1216 890 vallo
1285 821 1567 890 fecerint
1600 846 1614 887 :
1649 824 1719 889 in
1765 846 1900 915 quo
1950 820 2177 915 praelio
2232 822 2761 891 adversariorum

609 928 992 997 ceciderunt
1039 929 1337 997 CXXIII
1371 982 1390 1014 ,
1447 924 1958 1021 compluresque
2025 930 2225 997 armis
2289 932 2470 997 exuti
2500 983 2521 1015 ‚
2570 929 2766 997 multi

522 1055 535 1065 ·
607 1034 994 1104 vulneribus
1017 1033 1243 1103 affecti
1259 1035 1328 1101 in
1361 1049 1578 1103 castra
1606 1049 1759 1102 sunt
1788 1032 2113 1102 redacti²t
2144 1036 2353 1103 nostri
2376 1035 2769 1104 ceciderunt

608 1144 748 1229 1113
809 1142 1012 1209 saucii
1054 1143 1190 1209 XII
1238 1138 1490 1233 pedites
1509 1154 1532 1226 ‚'
1582 1141 1835 1233 equites
1877 1143 1960 1210 V.
2006 1141 2167 1231 Ejus
2218 1140 2348 1209 diei
2392 1142 2768 1235 insequenti

611 1261 944 1342 tempore,
971 1248 1250 1341 pristina
1273 1246 1751 1315 consuetudine
1776 1270 1901 1340 pro
1930 1270 2125 1315 muro
2154 1250 2442 1341 pugnari
2464 1263 2765 1342 coeptum

611 1367 729 1423 est.
760 1356 989 1442 Quum
1020 1352 1190 1421 bene
1219 1377 1531 1447 magnam
1558 1352 2051 1443 multitudinem
2090 1352 2376 1422 telorum
2409 1356 2769 1449 ignemque

612 1462 856 1529 nostris
930 1459 1436 1559 defendentibus
1494 1460 1913 1553 injecissent;
1964 1458 2328 1529 nefandum
2384 1460 2767 1531 crudelissi-
2850 1462 2855 1473 “

605 1591 927 1661 mumque
986 1566 1242 1635 facinus
1299 1581 1456 1635 sunt
1505 1568 1795 1660 agressi,
1844 1567 1913 1634 in
1971 1577 2465 1660 conspectuque
2532 1572 2767 1636 nostro

609 1658 968 1767 hospites³‚
991 1675 1104 1767 qui
1136 1672 1204 1741 in
1245 1672 1494 1767 oppido
1532 1686 1761 1757 erant,
1780 1671 2089 1767 jugulare
2108 1722 2128 1757 ,
2160 1687 2229 1741 et
2254 1672 2337 1741 de
2370 1698 2567 1741 muro
2598 1698 2765 1768 prae-

615 1780 846 1873 cipites
895 1781 1156 1848 mittere
1217 1793 1605 1879 coeperunt·⁹
1660 1780 1850 1847 sicuti
1910 1778 2089 1873 apud
2144 1780 2467 1848 barbaros
2512 1806 2527 1847 ε
2586 1780 2769 1875 quod

613 1901 767 1978 post
795 1887 1148 1955 hominum
1185 1886 1577 1953 memoriam
1612 1907 1955 1979 nunquam
2000 1898 2101 1953 est
2139 1886 2409 1955 factum.

719 1994 910 2061 XVI.
959 1993 1176 2083 Hujus
1212 1992 1344 2067 dici
1383 2006 1685 2061 extremo
1725 2006 2027 2089 tempore
2059 2016 2099 2060 a
2134 1994 2557 2086 Pompeianis
2592 1991 2767 2061 clam

613 2097 913 2167 nostr0s¹
946 2095 1326 2167 tabellarius
1371 2113 1470 2167 est
1507 2100 1746 2168 missus
1770 2152 1789 2187 ,
1824 2114 1903 2167 ut
1944 2122 2023 2165 ea
2059 2112 2257 2168 nocte
2295 2112 2513 2167 turres
2556 2123 2769 2193 agge-

613 2229 886 2298 remque
923 2204 1385 2292 incenderent,
1419 2219 1486 2273 et
1508 2206 1703 2273 tertia
1732 2203 1959 2299 vigilia
1993 2207 2412 2299 eruptionem
2445 2206 2767 2275 facerent.

610 2313 716 2380 Ita
737 2313 891 2405 igne
913 2310 1330 2405 telorumque
1358 2310 1781 2380 multitudine
1791 2312 2002 2405 jacta,
2022 2336 2229 2405 quum
2252 2311 2423 2380 bene
2450 2336 2769 2406 magnam

611 2433 870 2513 partem
904 2420 1076 2485 muri
1114 2419 1679 2513 consumpsissent
1698 2471 1717 2505 ‚
1759 2432 2025 2513 portam
2052 2470 2073 2505 ‚
2116 2442 2263 2512 quae
2306 2442 2343 2486 e
2380 2420 2654 2514 regione
2698 2433 2771 2488 et

613 2527 684 2593 in
718 2540 1080 2620 conspectu
1125 2527 1421 2618 Pompeii
1469 2539 1841 2594 castrorum
1882 2525 2099 2594 fuerat
2118 2577 2137 2612 ,
2174 2540 2581 2619 aperuerunt
2599 2579 2617 2612 ,
2648 2551 2767 2594 co-

614 2633 868 2726 piaeque
913 2646 1068 2704 totae
1111 2634 1533 2725 eruptionem
1576 2630 1881 2700 fecerunt
1916 2682 1934 2715 ,
1980 2655 2337 2724 secumque
2382 2631 2768 2701 extulerunt

615 2736 933 2808 calcatas²
965 2738 1051 2806 ad
1089 2737 1296 2807 fossas
1340 2736 1771 2832 complendas
1788 2791 1808 2824 ‚
1836 2752 1902 2806 et
1937 2738 2359 2832 harpagones
2402 2737 2489 2806 ad
2532 2763 2722 2807 casas
2746 2795 2768 2828 ‚

609 2970 729 3020 pars
767 2963 893 3002 sorte
929 2955 1080 3002 venit.
1103 3007 1109 3014 ,
1128 2949 1386 3003 Phaedrus
1407 2989 1424 3012 ‚
1459 2951 1553 3003 lib.
1587 2969 1611 3002 1
1626 2989 1644 3016 ‚

616 3030 721 3082 sah.
741 3051 770 3082 2
783 3069 800 3094 ‚
814 3050 866 3082 v.
889 3031 920 3084 3
933 3049 954 3082 1
978 3031 1172 3100 :Majus
1186 3050 1244 3082 ne
1257 3035 1428 3082 veniat
1447 3031 1643 3084 malum.

1733 2951 2013 3004 tabellarius
2038 2944 2128 3011 (in
2159 2948 2454 3023 oppidum)
2471 2955 2643 3003 missus
2670 2963 2763 3004 est.

1730 3031 1859 3083 Haec
1890 3044 2014 3084 sunt
2046 3031 2251 3085 Clarkii
2295 3029 2363 3084 ad
2399 3031 2455 3084 h.
2491 3033 2529 3084 l.
2565 3032 2730 3084 verba
2748 3069 2767 3095 ,

702 3129 752 3162 2.
787 3111 1006 3164 Redacti.
1050 3110 1134 3164 Sic
1177 3123 1230 3162 et
1267 3130 1315 3164 c.
1362 3111 1454 3174 34.
1488 3109 1643 3164 Leid.

627 3208 651 3242 1
673 3229 687 3251 ,
725 3190 924 3242 reducti.
954 3190 1205 3242 Heinsius
1226 3189 1440 3244 volebat
1464 3193 1643 3260 rejecti.

618 3270 838 3324 Reducti.
889 3268 1142 3322 Vividius
1166 3307 1183 3334 ‚
1228 3271 1379 3341 quasi
1422 3289 1607 3323 rursus
1628 3307 1645 3334 ,

617 3352 812 3402 iterum
845 3349 965 3402 acti.

700 3431 748 3482 3.
766 3430 1011 3500 Hospites.
1025 3429 1208 3495 Cives,
1222 3429 1316 3500 qui
1331 3447 1422 3482 eos
1437 3447 1651 3500 recepe-

617 3523 770 3566 rant:
791 3507 940 3581 quod
965 3509 1170 3562 facinus
1189 3510 1382 3562 merito
1407 3507 1644 3562 damnat.

700 3590 830 3643 CAP.
847 3590 1000 3642 XVI.
1020 3608 1064 3642 1.
1081 3589 1222 3642 Clam
1237 3601 1422 3640 nostros
1438 3589 1645 3640 tabella-

619 3673 746 3732 rius,
771 3683 868 3722 etc.
896 3670 939 3721 Ι.
967 3689 1012 3722 e.
1048 3669 1395 3722 inscientibus
1427 3669 1643 3722 nostris.

622 3750 821 3824 Omnes
835 3749 1019 3821 scripti
1032 3749 1188 3814 libri,
1205 3749 1330 3800 clam
1355 3747 1426 3800 ad
1441 3759 1643 3803 nostros.

619 3829 736 3886 Hoc
757 3831 844 3892 ad,
869 3829 1048 3899 inquit
1068 3830 1254 3885 Morus
1269 3867 1286 3894 ‚
1307 3847 1466 3882 sensu
1487 3829 1647 3899 plane

618 3910 770 3962 nullo
793 3907 1032 3976 additur,
1059 3927 1224 3980 quare
1249 3909 1543 3962 necessario
1568 3927 1649 3960 re-

616 3988 910 4060 jiciendum
937 4001 1030 4042 est.
1055 3990 1208 4050 Mens
1228 3989 1456 4043 auctoris
1482 3988 1650 4043 mani-

621 4070 750 4122 festa
793 4083 870 4124 est
901 4087 916 4123 :
959 4091 992 4120 a
1029 4070 1335 4140 Pompeianas
1357 4064 1647 4138 (Pompeii

621 4151 856 4206 exercitu
885 4162 1032 4204 extra
1064 4147 1284 4212 urbem)
1303 4150 1426 4200 olam
1458 4159 1649 4200 nostros

1732 3129 1893 3182 quem
1922 3113 2089 3164 secuti
2116 3123 2242 3164 sunt
2267 3111 2515 3163 Davisius
2540 3122 2596 3162 ct
2614 3109 2763 3162 ond.

1732 3189 1967 3243 Videtur
1980 3191 2239 3244 Cellarius
2266 3209 2484 3264 quoque
2516 3191 2771 3254 sensisse,

1732 3271 1789 3322 in
1816 3273 1967 3341 cujus
1993 3269 2227 3324 editione
2252 3284 2328 3323 est
2354 3289 2369 3325 τ
2390 3290 2422 3320 a
2452 3271 2769 3340 Pompeianis

1733 3351 1919 3402 ecclam
1932 3363 2133 3403 nostros.
2154 3351 2229 3404 M.
2240 3351 2535 3404 Cellarium
2548 3369 2763 3420 sequor.

1733 3428 1993 3483 Putidum
2022 3443 2129 3496 est,
2171 3430 2509 3502 gravissimos
2554 3449 2765 3483 errores

1732 3528 1943 3562 servare
1959 3549 1975 3575 ‚
1994 3510 2172 3581 inquit
2200 3510 2507 3563 Oberlinus.

1818 3609 1868 3642 α.
1924 3590 2171 3642 calcatas.
2222 3591 2459 3661 Apparet
2477 3628 2495 3655 ‚
2538 3591 2767 3642 verbum

1734 3687 1843 3722 esse
1858 3668 2221 3740 depravatum.
2232 3671 2297 3722 In
2310 3669 2583 3740 plerisque
2592 3687 2769 3722 exem-

1733 3749 1971 3820 plaribus
1998 3748 2325 3821 adscriptum
2358 3761 2438 3802 est
2468 3749 2539 3802 ad
2570 3750 2766 3820 margi-

1732 3848 1857 3882 nem
1870 3868 1886 3896 ,
1912 3842 2069 3881 crates
2082 3870 2097 3892 ‚
2132 3828 2281 3901 quod
2308 3831 2629 3882 vocabulum
2642 3868 2658 3896 ‚
2675 3841 2769 3881 ut-

1733 3921 1861 3978 pote
1884 3909 1963 3961 rei
1980 3909 2254 3974 militaris,
2268 3910 2323 3962 hz
2345 3910 2383 3962 1.
2404 3921 2551 3962 recte
2574 3907 2762 3979 quadr.

1734 3988 1955 4040 (ἕκητι).
2002 3990 2073 4041 Et
2110 3991 2215 4042 hoc
2274 3983 2458 4042 verius
2506 3986 2723 4041 videtur
2745 4026 2763 4052 ,

1734 4087 1896 4138 quam
1908 4070 2129 4131 culcitas,
2150 4066 2296 4140 quod
2310 4069 2559 4122 Davisius
2574 4067 2763 4139 reponi

1732 4149 1922 4202 voluit.
1953 4149 2031 4202 M.
2061 4149 2269 4220 Calvam
2289 4161 2370 4202 est
2400 4149 2651 4213 materia,
2676 4165 2764 4200 sa·
