3025 5025
625 488 775 577 456
1413 493 1552 560 DE
1606 493 1968 560 BELLO

728 625 986 692 XXIX.
1040 604 1307 692 Turmae
1354 624 1619 693 interim
1654 632 1660 636 ”
1679 626 1975 718 equitum
2001 677 2021 712 ,
2083 645 2232 718 quae
2287 647 2414 720 pro
2475 625 2646 695 vallo
2682 628 2744 694 in

622 729 1011 800 stationibus
1052 753 1195 808 esse
1244 727 1547 810 solebant
1587 729 1671 798 ab
1725 732 2022 824 utrisque
2063 728 2348 802 ducibus
2381 731 2428 820 ¹,
2470 733 2748 827 quotidie

621 837 921 904 minutis
958 834 1199 929 praeliis
1264 837 1438 904 inter
1490 861 1560 904 se
1605 836 1990 932 depugnare
2050 861 2185 906 non
2252 839 2746 909 intermittunt:

619 965 1097 1035 nonnunquam
1150 943 1349 1010 etiam
1406 944 1731 1031 Germani
1792 941 2098 1037 Gallique
2159 944 2546 1014 Labieniani
2601 971 2746 1014 cum

617 1050 899 1118 Caesaris
932 1049 1292 1142 equitibus,
1320 1029 1453 1116 fide
1493 1048 1676 1136 data,
1706 1051 1880 1118 inter
1913 1075 1984 1118 se
2021 1049 2593 1145 colloquebantur.
2631 1055 2745 1120 La-

614 1154 849 1226 bienus
888 1156 1151 1224 interim
1186 1177 1339 1224 cum
1377 1170 1566 1250 parte
1597 1157 1926 1248 equitatus
1962 1158 2228 1250 Leptim
2261 1159 2622 1252 oppidum,
2651 1159 2746 1228 cui

615 1275 901 1356 praeerat
942 1258 1261 1331 Saserna²
1300 1285 1453 1330 cum
1500 1261 1888 1330 cohortibus
1921 1265 2064 1346 ΙΙΙ,
2103 1287 2531 1358 oppugnare,
2569 1289 2648 1333 ac
2687 1265 2746 1332 vi

610 1370 987 1462 irrumpere
1018 1367 1387 1437 conabatur
1409 1393 1425 1436 :
1450 1367 1632 1461 quod
1658 1369 1742 1436 ab
1767 1367 2257 1456 defensoribuS,
2277 1385 2556 1465 propter
2571 1395 2744 1464 egre·

616 1476 790 1567 giam
843 1477 1275 1544 munitionem
1322 1474 1550 1568 oppidi
1594 1489 1662 1543 et
1696 1489 2183 1547 tormentorum
2229 1475 2746 1563 multitudinem,

614 1579 807 1651 facile
866 1594 935 1649 et
984 1582 1121 1649 sine
1171 1579 1467 1676 periculo
1532 1579 2028 1650 defendebatur.
2086 1582 2290 1671 Quod
2345 1583 2460 1650 ubi
2523 1584 2745 1714 saepius

494 1687 499 1696 '
617 1687 759 1780 ejus
811 1689 1156 1780 equitatus
1194 1687 1411 1756 facere
1453 1713 1591 1755 non
1635 1686 2148 1774 intermittebat,
2189 1703 2260 1756 et
2299 1675 2550 1782 quum³
2588 1690 2746 1758 sorte

618 1807 771 1861 ante
799 1807 1065 1887 poitam
1098 1807 1319 1862 turma
1354 1793 1560 1862 densa
1589 1793 1974 1878 adstitisset3
2000 1796 2352 1888 scorpione
2381 1797 2747 1864 accuratius

616 1901 847 1986 misso,
872 1913 1068 1992 atque
1094 1924 1327 1968 eorum
1353 1899 1713 1968 decurione
1741 1923 2086 1994 percusso,
2114 1914 2184 1969 et
2209 1900 2292 1968 ad
2319 1901 2742 1972 decumanam

618 2004 869 2093 defixo,
898 2004 1133 2100 reliqui
1169 2008 1536 2100 perterriti,
1567 2006 1721 2100 fuga
1751 2031 1820 2074 se
1850 2007 1922 2074 in
1955 2021 2174 2074 castra
2214 2008 2564 2102 recipiunt.
2601 2009 2744 2098 Quo

620 2110 799 2181 facto
840 2125 1070 2206 postea
1108 2127 1260 2182 sunt
1294 2113 1591 2182 deterriti
1633 2112 1952 2208 oppidum
1996 2127 2275 2182 tentare.

701 2315 831 2367 Cn.
857 2314 1061 2368 XXIX.
1096 2333 1147 2368 1.
1164 2315 1249 2368 Ab
1271 2319 1480 2388 utrisque
1506 2315 1642 2368 duci·

622 2395 707 2444 bus
721 2433 737 2454 ‚
772 2414 835 2447 cx
870 2395 1113 2464 partibus
1154 2395 1433 2467 utriusque
1470 2394 1641 2449 ducis.

624 2475 831 2533 Cmu.
861 2474 1037 2528 Jurin.
1064 2475 1213 2529 malit
1236 2475 1459 2547 partibus
1476 2487 1507 2538 ;'
1531 2493 1643 2529 non

623 2572 775 2625 opus.
796 2586 882 2599 -·
900 2556 1207 2625 Depugmre.
1238 2556 1323 2610 Sic
1340 2555 1502 2609 codd.
1522 2574 1646 2628 pro-

622 2632 878 2706 bi.Vu]go
890 2654 1125 2705 pugnare.
1148 2637 1220 2689 At
1236 2636 1520 2707 depugnare*
1531 2654 1644 2688 non

622 2732 831 2785 semper
854 2713 1125 2784 significat
1136 2716 1375 2785 adfinem
1388 2736 1534 2787 usque
1548 2706 1646 2785 pie·

622 2794 805 2863 gnare,
838 2792 931 2845 sed
960 2793 1231 2847 interdum
1266 2810 1327 2849 ut
1356 2796 1411 2849 h.
1444 2796 1482 2847 l.
1517 2794 1648 2848 sim-

625 2874 836 2945 pliciter
878 2874 1121 2925 decertare
1134 2914 1149 2936 ,
1182 2894 1349 2927 manus
1384 2894 1642 2928 conserere.

628 2954 766 3025 Nep.
792 2954 1087 3015 Tlmnist„
1113 2973 1161 3008 c.
1197 2962 1264 3020 43
1288 2955 1419 3009 Caes.
1447 2954 1610 3008 B·.·G.
1631 2992 1648 3018 ,

617 3034 717 3085 liv.
748 3051 1005 3105 νημαι).
1042 3038 1135 3089 28.

713 3132 763 3165 2.
790 3114 1019 3167 Saserna.
1038 3112 1182 3167 Vide
1206 3126 1366 3186 caput
1390 3134 1443 3184 9.
1462 3116 1542 3167 M.
1565 3146 1640 3159 --

632 3192 755 3246 Cum
778 3193 1047 3246 colzortibm
1068 3195 1235 3247 tribus.
1258 3194 1428 3266 Supra
1448 3213 1563 3265 cap.
1591 3214 1644 3264 9.

627 3273 995 3327 sexbabuisse
1021 3286 1295 3335 narratur,
1324 3272 1419 3327 sed
1440 3286 1648 3345 tre-spo-

626 3367 779 3407 tuere
808 3372 839 3405 a
863 3354 1067 3407 Caesare
1098 3354 1205 3407 alio
1237 3372 1351 3406 esse
1386 3352 1645 3407 abducta.

630 3436 899 3488 Canta-um
940 3432 1159 3505 quidam
1192 3433 1393 3486 habent
1420 3446 1646 3505 quatuor.

626 3509 809 3567 Nostri
834 3512 1043 3566 codices
1063 3512 1317 3565 exhibent
1334 3525 1446 3565 tus.
1480 3552 1491 3562 .

713 3596 765 3647 3.
788 3594 843 3645 E
844 3606 868 3643 t
878 3612 1039 3665 quum.
1054 3593 1127 3645 Τὸ
1142 3604 1192 3644 et
1202 3592 1373 3663 rejicit
1384 3593 1416 3644 J
1418 3593 1646 3647 urinins

628 3706 709 3717 —-
732 3672 1006 3743 Scorpione.
1027 3674 1108 3727 De
1126 3675 1187 3726 B.
1208 3673 1277 3725 G.
1300 3673 1436 3739 VII,
1457 3674 1546 3727 25.
1567 3675 1646 3726 Μ.

628 3753 730 3807 Hic
750 3771 862 3805 non
884 3766 964 3805 est
987 3753 1261 3818 machina,
1278 3750 1374 3805 sed
1396 3754 1562 3813 telum
1586 3769 1648 3807 ea

628 3834 867 3887 missum.
898 3833 1120 3885 Gesner.
1145 3832 1203 3885 in
1219 3833 1353 3887 thes.
1374 3833 1437 3885 L.
1455 3834 1518 3886 L.
1536 3833 1644 3887 ΟΒ.

626 3945 704 3955 --
736 3912 833 3965 Ad
864 3913 1199 3975 decumanam,
1236 3927 1335 3965 etc.
1376 3913 1560 3978 Quum
1587 3914 1648 3967 in

626 3990 947 4063 quibusdam
962 3990 1237 4045 codicibus
1246 3994 1451 4064 legatur
1465 3994 1544 4047 ad
1557 4006 1648 4045 ten-

624 4090 733 4121 ·ram
769 4072 828 4123 in
868 4072 1109 4143 pluribus
1138 4091 1267 4128 'vero
1307 4072 1376 4123 ab
1418 4074 1642 4134 decmna,

628 4172 661 4206 a
691 4151 977 4215 choum,
1010 4152 1083 4203 aa
1104 4153 1345 4205 decuma
1358 4190 1377 4215 ,
1402 4152 1466 4205 da
1502 4153 1646 4207 deca·

1730 2333 1807 2366 ma
1846 2334 1867 2367 .·
1907 2314 2167 2368 incertam
2218 2333 2329 2368 esse
2362 2315 2651 2369 lectionem.
2668 2317 2741 2368 in-

1731 2393 2034 2464 telligimus.
2069 2395 2154 2446 Illi
2179 2395 2526 2448 vehementer
2547 2409 2743 2460 errant,

1731 2475 1824 2547 qui
1853 2475 2162 2529 decmanam
2181 2475 2608 2547 interpretantur
2635 2476 2743 2529 sim·

1729 2554 1940 2626 pliciter
1975 2568 2210 2620 scutum,
2239 2556 2364 2626 quin
2390 2568 2539 2609 scuta
2567 2574 2742 2627 magna

1731 2634 1871 2687 dicta
1885 2636 2086 2688 fuerint
2101 2634 2412 2689 decumana.
2427 2636 2742 2701 Quasivero,

1729 2715 1856 2785 quia
1878 2714 2072 2768 fluctus
2081 2755 2098 2782 ‚
2112 2733 2362 2786 pomum,
2377 2726 2432 2767 et
2447 2716 2556 2769 alia
2569 2714 2744 2769 dicun·

1731 2807 1821 2847 tur
1839 2794 2144 2849 decumana
2184 2806 2406 2865 propter
2431 2793 2744 2867 magnitudi-

1731 2892 1856 2927 nem
1869 2912 1888 2939 ‚
1923 2874 2048 2927 idco
2077 2874 2305 2927 verbum
2352 2874 2616 2927 decumana
2657 2892 2744 2946 per

1731 2972 1786 3006 se
1825 2955 2089 3026 significet
2125 2972 2350 3024 pomum
2367 2991 2386 3017 ‚
2418 2953 2668 3019 fluctum,
2693 2964 2742 3005 et

1731 3034 1850 3087 alia.
1881 3036 1953 3087 Et
1991 3032 2124 3105 quid
2148 3044 2362 3087 ,scutum
2407 3052 2742 3105 permagnum

1733 3112 1802 3167 ad
1835 3114 2070 3185 equitem
2090 3114 2114 3165 P
2136 3114 2214 3167 M.
2245 3144 2329 3157 --
2357 3113 2554 3184 Reliqui
2567 3125 2740 3185 perten-

1733 3198 1822 3246 riti
1829 3234 1921 3247 .....
1949 3198 2198 3264 recipiunt.
2231 3189 2738 3255 Guischaxd..(Mhn.

1735 3274 1873 3325 milit.
1902 3275 2030 3327 vol.
2061 3290 2128 3327 11.
2153 3292 2210 3345 p.
2243 3291 2352 3325 220
2369 3272 2488 3336 ‚vel
2512 3272 2580 3326 T.
2605 3291 2668 3325 11.
2687 3292 2738 3343 p.

1737 3355 1850 3407 303
1870 3351 1900 3418 )
1917 3371 2129 3407 cansam
2149 3353 2290 3405 hanc
2309 3351 2550 3423 fugiendi
2573 3352 2742 3424 appel·

1731 3434 1808 3485 lat
1858 3432 2173 3499 ridiculam,
2202 3432 2532 3525 omninoque
2571 3448 2738 3485 nm·

1732 3513 1936 3567 tionem
1952 3512 2022 3565 de
2041 3512 2140 3565 hac
2159 3513 2560 3583 oppugnatione
2577 3520 2740 3565 censet

1733 3612 1844 3645 ense
1865 3594 2016 3647 omni
2035 3612 2102 3645 ex
2121 3604 2276 3663 parte
2293 3592 2600 3657 obscuram,
2615 3590 2738 3643 etab

1732 3672 1922 3727 eodem
1951 3672 2348 3743 interpolatam,
2369 3690 2401 3723 a
2427 3690 2534 3743 quo
2558 3672 2736 3724 mnltoe

1732 3753 1891 3825 hujus
1911 3754 2040 3805 libri
2063 3752 2208 3805 locos
2232 3751 2306 3803 ita
2335 3764 2612 3824 corruptos
2635 3766 2734 3802 esse

1733 3831 1982 3899 addendo
1995 3870 2013 3899 ‚
2043 3828 2409 3897 devehendo,
2441 3826 2736 3902 explicando

1733 3914 1997 3967 existimat
2047 3907 2068 3974 (
2094 3930 2213 3983 pag.
2267 3918 2382 3973 ²14
2420 3908 2471 3977 ),
2499 3921 2558 3963 ut
2597 3907 2733 3961 nullo

1731 3991 1898 4046 modo
1937 3992 2213 4063 potuerint
2241 3990 2328 4045 vel
2357 4010 2388 4043 a
2421 3990 2590 4062 perito
2623 3985 2728 4046 rei,

1733 4074 1818 4126 nel
1835 4093 1866 4127 a
1882 4085 2014 4125 teste
2033 4091 2094 4125 ac
2120 4082 2416 4141 spectatore
2439 4069 2565 4124 belli
2588 4068 2730 4136 hujus

1733 4154 1808 4207 sic
1837 4152 2120 4207 conscribi.
2149 4150 2366 4204 Montis-
