3025 5025
975 480 1686 547 HISPANIENSI.
1826 464 1831 469 ⁸
2250 471 2413 544 553·

271 602 501 675 cabat¹
519 622 596 685 ut
623 608 706 677 ad
732 609 1182 679 dimicandum
1218 610 1685 679 descenderet:
1712 618 1923 702 neque'
1958 625 2178 677 tamen
2208 633 2399 702 aequo

268 709 420 781 loco
457 716 559 781 sui
594 730 988 807 potestatem
1027 716 1346 804 faciebat,
1376 717 1490 785 sed
1520 740 1599 785 ex
1634 740 1871 816 grumo
1917 714 2245 783 excelsum
2289 730 2395 783 tu·

264 818 524 887 mulum
540 822 838 913 capiebat
854 874 872 906 ,
887 846 1096 915 usque
1113 847 1222 907 eo,
1237 837 1314 890 ut
1335 824 1703 891 necessario
1728 836 2075 915 cogeretur
2100 822 2405 916 iniquum

263 920 490 993 locum
529 928 765 995 subire.
805 928 960 1014 Quo
991 920 1016 1017 [
1043 929 1126 996 de
1153 919 1178 1018 ]
1209 928 1414 1016 facto,
1455 954 1661 1023 quum
1706 942 2139 1020 utrorumque
2190 928 2401 1020 copiae

267 1030 602 1112 tumulum
639 1032 1066 1102 excellentem
1111 1036 1456 1127 petissent,
1497 1034 1810 1128 prohibiti
1847 1058 1883 1101 a
1928 1034 2167 1101 nostris
2208 1046 2397 1119 sunt,

266 1134 642 1229 dejectique
681 1136 1004 1232 planitie.
1041 1141 1212 1227 Quae
1247 1166 1348 1209 res
1385 1141 1748 1209 secundum
1786 1140 2029 1207 nostris
2070 1138 2397 1207 efficiebat

265 1240 588 1333 praelium.
634 1244 944 1338 Undique
985 1260 1212 1313 autem
1259 1246 1645 1315 cedentibus
1698 1245 2132 1329 adversariis,
2188 1245 2397 1311 nostri

267 1334 552 1440 magna³
595 1352 662 1417 in
703 1349 880 1421 caede
917 1352 1366 1421 versabantur.
1407 1352 1667 1439 Quibus
1704 1338 1954 1438 mons4,
1990 1375 2127 1418 non
2158 1351 2399 1467 virtuS,

267 1452 467 1522 saluti
497 1454 661 1523 fuit.
687 1479 820 1549 quo
843 1457 1132 1525 subsidio
1155 1472 1313 1527 tunc
1333 1460 1495 1545 ,nisi
1526 1458 2049 1551 advesperasset,
2074 1480 2113 1523 a
2135 1456 2404 1549 paucio-

267 1559 460 1627 ribus
487 1564 728 1631 nostris
773 1565 954 1631 omni
981 1562 1236 1631 auxilio
1271 1566 1513 1657 privati
1552 1577 1803 1632 essent:
1832 1588 1985 1631 nam
2024 1561 2401 1631 ceciderunt

267 1688 352 1733 ex
389 1664 516 1733 levi
547 1682 882 1765 armatura
923 1672 1374 1757 CCCXXIV,
1415 1694 1495 1737 ex
1526 1668 1895 1762 legionariis
1930 1668 2407 1751 CXXXVIII,

267 1786 712 1865 praeterquam
758 1799 1042 1867 quorum
1089 1799 1271 1843 arma
1313 1791 1381 1843 et
1403 1774 1630 1869 spolia
1663 1790 1819 1843 sunt
1855 1774 2068 1843 allata.
2107 1778 2211 1841 Ita
2268 1774 2407 1866 pri-⁴

270 1876 384 1950 die
433 1880 500 1945 II
552 1882 1036 1963 centurionum
1065 1867 1392 1951 interitio⁵
1439 1882 1567 1949 hac
1620 1881 2147 1951 adversariorum
2208 1902 2407 1972 poena

269 1996 372 2050 est
411 1982 609 2051 litata

297 2136 312 2143 -
381 2090 598 2157 XXV.
647 2093 1030 2184 Insequenti
1051 2093 1194 2179 die,
1211 2096 1357 2186 pari
1382 2094 1859 2163 consuetudine
1883 2117 2093 2186 quum
2124 2093 2209 2161 ad
2230 2118 2407 2160 eum-

271 2192 426 2261 dem
469 2193 692 2263 locum
735 2198 1293 2292 ejus-praesidium
1319 2202 1633 2287 venisset,
1665 2202 1939 2294 pristino
1976 2199 2087 2267 illo
2112 2224 2231 2267 suo
2262 2213 2403 2267 ute·-

271 2297 520 2370 bantur
567 2303 868 2373 instituto
907 2328 922 2369 ε
967 2328 1122 2371 nam
1167 2319 1406 2398 praeter
1447 2307 1699 2397 equites
1740 2303 1921 2371 nullo
1962 2303 2111 2373 1666
2154 2328 2343 2396 aequo
2361 2304 2409 2389 ¹,

272 2430 344 2473 se
390 2410 802 2476 committere
849 2408 1197 2479 audebant.
1255 2411 1483 2497 Quum
1536 2412 1744 2479 nostri
1783 2412 1851 2478 in
1895 2434 2098 2503 opere
2144 2424 2362 2477 essent
2387 2462 2407 2495 ,

273 2515 572 2603 equitum
603 2517 818 2608 copiae
853 2541 1214 2586 concursus
1256 2516 1474 2586 facere
1509 2531 1899 2610 coeperunt:
1934 2515 2256 2608 simulque
2286 2541 2404 2582 vo-

275 2617 702 2689 ciferantibus
729 2620 1135 2740 legionariiS,
1160 2649 1365 2716 quum
1405 2623 1625 2690 locum
1654 2623 2123 2716 efflagitarent,
2147 2635 2222 2688 ut
2245 2646 2402 2690 con-

274 2726 446 2822 sue&
489 2727 780 2819 insequi
779 2727 1166 2798 existimare
1200 2745 1503 2823 possent,
1542 2755 1610 2796 se
1652 2727 2102 2822 paratissimos
2135 2751 2276 2796 esse
2321 2727 2401 2795 ad

363 2927 490 2981 Cu.
539 2929 744 2982 XXIV.
785 2948 834 2982 1.
867 2930 1160 2982 Bwoeabat.
1217 2933 1298 2982 Ita
1385 2930 1567 3003 quibus.
1614 2929 1857 3000 Syntaxis
1894 2948 2005 2981 esse
2038 2927 2294 2992 debehat,
2328 2949 2405 2978 ce-

281 3006 409 3058 libri
441 3007 588 3060 boni.
617 3008 793 3079 Vulgo
839 3009 1062 3061 vocabat.
1093 3010 1168 3061 M.
1211 3009 1298 3062 Sic

280 3085 466 3138 Phaed.
487 3095 626 3150 1320
644 3105 660 3138 :
677 3087 734 3138 in
761 3107 820 3139 re
840 3089 1102 3159 periculos
1115 3100 1298 3156 aptum

279 3166 524 3224 verbum.
551 3197 631 3208 -—-
649 3166 850 3220 Grmo.
875 3166 1018 3220 Vide
1035 3181 1216 3220 notam
1233 3167 1300 3220 ad

280 3262 399 3313 cap.
424 3246 477 3296 8.
501 3275 582 3288 --
605 3246 932 3316 Ummmqaeoe.
948 3247 1054 3300 Alii
1073 3260 1298 3317 utroeque.

367 3342 418 3374 2.
435 3323 666 3377 Planitie.
693 3328 778 3377 An
803 3327 975 3396 prisca
999 3319 1167 3379 forma
1195 3345 1296 3398 pro

273 3403 538 3472 planitiei?
547 3403 664 3456 Hoc
677 3417 753 3456 est
768 3405 824 3456 in
835 3406 1124 3476 planitiem.
1139 3407 1302 3459 Certe

279 3481 372 3534 hic
425 3495 502 3534 est
559 3503 752 3536 sensus.
794 3485 1035 3538 Davisius
1073 3487 1298 3556 planitice

283 3559 474 3613 eodem
501 3579 653 3614 sensu
681 3565 882 3616 maluit.
905 3565 981 3616 M.
1012 3567 1088 3618 Ut
1115 3565 1266 3634 Virg.
1282 3604 1299 3630 ,

281 3641 337 3692 It
361 3641 548 3692 cla‘mor·
569 3643 709 3694 coelo:
727 3643 868 3696 Vide
886 3662 1000 3714 cap.
1041 3662 1062 3696 1
1077 3646 1107 3697 3
1132 3656 1185 3696 et
1212 3649 1293 3697 16.

369 3721 420 3772 3.
457 3721 627 3772 Nostri
659 3741 848 3792 magna.
881 3723 1122 3776 Verbum
1135 3729 1301 3774 ,nostri

284 3797 512 3852 dubium
543 3813 652 3865 est,
682 3803 806 3873 quia
835 3820 1018 3854 omnes
1049 3801 1298 3854 Oudend.

285 3877 495 3932 codices
521 3881 722 3933 habent
743 3901 757 3932 :
787 3885 1074 3952 nontparum
1095 3897 1297 3950 magna.

282 3957 428 4028 Ergo
458 3959 706 4030 legerim:
737 3961 862 4014 Und.
893 3981 942 4014 a.
967 3963 1070 4013 ced.
1087 3962 1304 4014 adversa-

285 4041 374 4088 riis·
385 4075 402 4098 ‚
441 4057 538 4090 non
561 4059 735 4108 parum
763 4060 940 4108 magna
971 4045 1020 4092 in
1059 4061 1100 4093 c.
1133 4060 1301 4092 versa-

285 4117 464 4168 bantur
495 4113 516 4176 (
541 4116 824 4171 adversarii
882 4119 1218 4173 caedebantur
1248 4117 1306 4186 ),

1385 3010 1545 3060 dentes
1592 3009 1856 3062 adversarii
1919 3009 2231 3060 versabantur
2252 3027 2273 3059 .·
2308 3007 2401 3060 sed

1385 3107 1522 3159 saepe
1565 3089 1637 3140 sic
1669 3089 1882 3140 ablativi
1918 3089 2153 3140 absolute
2190 3093 2401 3158 pon'un-

1386 3181 1504 3230 tur,
1529 3179 1601 3219 ut
1620 3169 1725 3221 hoc
1750 3169 1872 3219 1666
1896 3179 1948 3219 et
1967 3167 2163 3238 passim
2178 3177 2401 3218 monue-

1384 3261 1514 3299 runt
1530 3247 1867 3317 interpretes.
1896 3247 1971 3298 M.

1469 3335 1522 3392 4.
1556 3327 1751 3394 Quibus
1771 3324 2324 3396 mons.GIand01·pius
2352 3337 2404 3375 et

1383 3405 1671 3460 Goduinus
1676 3407 1881 3458 malunt
1896 3406 2070 3478 legere
2082 3405 2307 3456 hostibus.
2323 3435 2405 3446 --

1389 3487 1539 3540 Omni
1582 3485 1781 3536 auxilio.
1820 3482 1945 3537 Haec
1989 3483 2243 3537 delenda
2258 3496 2398 3536 sunt.

1383 3566 1459 3618 M.
1479 3598 1561 3607 -—
1584 3567 1926 3636 Praeterquam.
1954 3565 2093 3628 Alii,
2103 3576 2295 3634 praeter.
2327 3563 2405 3614 Ut

1385 3646 1446 3697 B.
1477 3645 1546 3696 G.
1586 3663 1607 3696 1
1629 3683 1643 3708 ‚
1677 3643 1727 3696 5.

1470 3724 1498 3776 5
1507 3765 1519 3775 .
1534 3724 1858 3775 Inter-itionem
1870 3722 2005 3775 dixit
2019 3724 2177 3775 etiam
2196 3721 2405 3784 Cicer-0,

1385 3805 1545 3856 Verr.
1574 3821 1669 3866 111,
1704 3803 1791 3864 54.
1824 3803 2103 3874 Legeri‘m:
2140 3802 2221 3853 Ita
2246 3800 2406 3870 pridie

1375 3885 1521 3950 facta
1550 3883 1751 3934 duorum
1772 3895 1891 3934 cent.
1922 3886 2008 3934 int.
2034 3883 2109 3932 M.
2138 3901 2143 3908 ·

1439 3963 1597 4014 Cm
1628 3961 1801 4013 XXV.
1843 3981 1894 4013 1.
1924 3961 2077 4015 Nullo
2115 3961 2218 4010 loco
2248 3977 2405 4030 oequo..

1388 4043 1472 4092 An
1491 4041 1657 4092 nulli?
1674 4053 1735 4092 ut
1764 4041 1831 4093 sit
1854 4041 2239 4122 nominativus·
2256 4038 2409 4098 nulli,

1385 4123 1567 4191 pr'oeter
1592 4124 1785 4193 equites.
1816 4121 1889 4172 M.
