3025 5025
541 484 689 559 568
1337 486 1476 555 DE
1531 484 1885 554 BELLO

531 620 742 689 duxit.
787 618 1090 689 Lusitani
1105 616 1153 704 ¹,
1183 619 1298 712 qui
1341 643 1424 687 ex
1465 642 1695 715 pugna
1738 616 2247 713 superfuerunt,
2290 618 2375 688 ad
2418 620 2685 716 signum

533 752 604 797 se
628 726 1326 820 receperunt‚et.bene
1357 748 1600 822 magna
1628 750 1831 794 manu
1860 741 2276 820 comparata,
2295 727 2380 795 ad
2408 728 2689 797 Didium

537 858 607 903 se
658 846 1021 927 reportant.
1077 834 1252 904 Huic
1299 834 1422 901 etsi
1463 856 1603 903 non
1652 832 1885 902 aberat
1936 832 2274 927 diligentia
2326 834 2413 902 ad
2480 858 2691 903 naves

536 938 817 1009 tuendas
837 992 856 1023 ‚
895 954 1122 1009 tamen
1162 959 1645 1033 nonnunquam
1690 964 1773 1007 ex
1815 938 2089 1008 castello
2132 955 2409 1035 propter
2450 964 2691 1009 eorum·

538 1032 1268 1116 crebrasexcursiones
1291 1044 1731 1115 eliciebatur²
1754 1060 1859 1115 :et
1896 1048 1989 1116 sic
2032 1069 2243 1142 prope
2282 1047 2695 1141 quotidianis·

537 1154 779 1250 pugnis
831 1152 1100 1221 insidias
1151 1167 1456 1272 ponunt,
1511 1167 1583 1222 et
1624 1154 1971 1247 tripartito
2028 1155 2215 1248 signa
2259 1153 2685 1223 distribuunt.

537 1262 750 1328 Erant
785 1262 1038 1355 parati,
1071 1262 1230 1390 qni3
1214 1284 1417 1355 naves
1447 1258 1911 1345 incenderent,
1940 1261 2356 1355 incensisque
2380 1262 2495 1354 qui
2534 1261 2687 1330 suh·

539 1366 780 1439 sidium
818 1351 1254 1461 repeterent&
1293 1367 1350 1434 Ii
1387 1368 1482 1435 sic
1526 1366 1826 1461 dispositi
1863 1382 2089 1454 erant,
2100 1382 2197 1436 ut
2228 1392 2269 1435 a
2307 1366 2495 1436 nullo
2526 1392 2695 1437 con-

538 1474 746 1567 specti
802 1476 1103 1543 omnium
1169 1472 1254 1541 ad
1298 1497 1592 1567 pugnam
1638 1422 2137 1543 contenderent.
2192 1478 2300 1544 Ita
2344 1496 2555 1569 quum
2612 1500 2693 1543 ex

540 1578 812 1649 castello
849 1580 1093 1649 Didius
1137 1579 1222 1648 ad
1258 1579 1765 1675 propellendum
1805 1582 2237 1674 processisset
2261 1607 2417 1651 eum
2449 1583 2695 1677 copiiS‚

540 1688 804 1781 signum
827 1711 866 1755 a
903 1687 1238 1757 Lusitanis
1285 1686 1574 1774 tollitur,
1616 1710 1821 1757 naves
1856 1688 2305 1757 incenduntur
2318 1688 2699 1783 ‚simulque¹

541 1794 656 1887 qui
707 1818 790 1862 ex
839 1772 1148 1863 castello⁴
1191 1794 1278 1863 ad
1325 1818 1622 1889 pugnam
1670 1809 2171 1887 processerant,
2220 1742 2455 1864 eodem
2508 1797 2701 1889 signo

541 1900 870 1996 fugientes
907 1898 1198 1969 latrones
1234 1900 1396 1969 dum
1435 1915 1964 1995 persequuntur,
1990 1926 2031 1969 a
2057 1916 2249 1995 tergo
2286 1900 2539 1971 insidiae
2565 1901 2699 1970 cla-

545 2030 732 2088 more
775 2005 1037 2076 sublato
1081 2008 1633 2079 circumveniunt.
1682 2007 1920 2076 Didius
1956 2026 2201 2103 magna
2240 2032 2395 2078 eum
2450 2010 2706 2077 virtute

546 2136 700 2183 cum
729 2111 1185 2207 compluribus
1215 2113 1613 2183 interficitur
1640 2139 1656 2217 ξ
1679 2112 1987 2183 nonnulli
2017 2139 2095 2183 ea
2124 2139 2351 2211 pugna
2384 2115 2697 2210 scaphas»,

546 2245 694 2312 quae
735 2220 822 2288 ad
865 2218 1018 2289 litus
1065 2220 1331 2289 fixerant
1352 2275 1372 2308 ‚
1416 2218 1753 2316 occupant
1785 2247 1801 2288 τ
1838 2222 1998 2291 item
2037 2220 2415 2317 complures
2472 2221 2699 2290 nando

549 2326 631 2395 ad
671 2350 908 2413 naveS,
943 2352 1089 2421 quae
1119 2328 1190 2399 in
1226 2326 1366 2399 salo
1402 2328 1706 2415 fuerunt,
1730 2352 1801 2397 se
1836 2330 2201 2423 recipiunt:
2228 2331 2491 2398 ancoris
2529 2329 2699 2397 sub·

545 2432 694 2507 latis
729 2486 748 2521 ‚
802 2433 1076 2529 pelagus
1132 2436 1330 2504 remis
1389 2450 1616 2530 petere
1674 2450 2078 2528 coeperunt.
2124 2458 2271 2530 quae
2314 2461 2421 2504 res
2464 2456 2699 2504 eorum

549 2542 702 2610 vitae
735 2540 1058 2614 subsidio
1073 2541 1216 2612 fuit.
1256 2543 1562 2612 Lusitani
1611 2541 1837 2637 praeda
1878 2544 2245 2637 potiuntur.
2290 2545 2517 2613 Caesar
2556 2545 2699 2613 Ga-

549 2633 778 2718 dibus⁵
809 2673 1038 2717 rursus
1069 2649 1154 2718 ad
1199 2648 1525 2744 Hispalim
1568 2651 1873 2719 recurrit.

655 2756 837 2824 XLI.
869 2755 1112 2840 Fabius
1148 2757 1514 2843 Maximus,
1543 2758 1787 2850 quein
1769 2781 1909 2851 lpse
1938 2756 2028 2825 ad
2060 2756 2389 2827 Mundam
2416 2758 2504 2827 ad
2525 2783 2699 2854 prae-

551 2861 788 2932 sidium
811 2860 1370 2958 oppugnandum¹
1396 2809 1753 2958 reliquerat
1778 2863 2089 2958 operibus
2116 2863 2395 2934 assiduis
2408 2917 2429 2951 ‚
2446 2865 2701 2936 hostes-

638 3072 768 3125 Cu.
786 3073 902 3126 XL.
930 3093 953 3126 1
968 3111 980 3125 .
999 3075 1241 3127 Lusitani.
1257 3073 1399 3127 Vide
1417 3093 1468 3126 c.
1489 3075 1584 3129 36.
1675 3093 1743 3146 go
1757 3086 2022 3146 conspectu.
2044 3074 2146 3128 011.
2157 3074 2337 3126 Verba
2353 3078 2701 3148 incensisque...

643 3172 695 3206 5.
719 3153 1040 3206 Elicz'ebatur.
1069 3154 1189 3206 Hoc
1213 3173 1316 3226 pro
1340 3155 1553 3226 vulgata
1569 3195 1584 3221 ,
1676 3167 1939 3227 repeterent
1950 3155 2200 3227 leguntur
2216 3152 2361 3227 apud
2381 3167 2519 3208 nost.
2543 3153 2701 3208 codd.

559 3232 864 3308 ejiciebatur,
909 3231 1276 3306 Glandorpius
1333 3234 1585 3288 restituit.
1760 3242 1807 3298 4,
1839 3236 1928 3287 Ex
1954 3236 2167 3289 castello.
2200 3235 2281 3286 Ita
2306 3235 2439 3306 lege.
2474 3235 2561 3289 Sic
2582 3233 2703 3288 eod.

520 3315 530 3328 ‘
559 3312 708 3366 Mon.
723 3313 885 3366 Nulla
901 3326 1078 3368 tamen
1104 3313 1417 3368 auctoritate
1431 3333 1445 3368 z
1460 3333 1589 3368 nam
1678 3315 1844 3369 Norv.
1874 3313 1978 3368 Sed
2006 3314 2152 3369 Oud.
2190 3316 2386 3373 retinet
2420 3315 2703 3387 vulgatam

507 3443 511 3447 .
561 3409 660 3446 nec
681 3395 874 3454 nostri,
895 3411 993 3446 nee
1009 3395 1098 3448 alii
1115 3392 1276 3446 codd.
1297 3413 1478 3448 vocem
1495 3395 1589 3446 eli-
1678 3413 1803 3448 eum
1852 3395 2088 3450 Clarkio.
2123 3395 2541 3467 Distinguuntur
2583 3395 2673 3448 hic
2686 3433 2703 3461 ,

564 3473 801 3534 ciebatur,
820 3473 1012 3526 Sensus
1021 3486 1197 3527 tamen
1209 3492 1327 3528 eam
1339 3474 1589 3546 postulat.
1680 3487 1742 3528 ut
1779 3487 1963 3547 putat,
1988 3476 2057 3528 ab
2101 3475 2195 3540 iis,
2238 3476 2333 3547 qui
2374 3495 2445 3528 ex
2490 3475 2705 3529 castello

649 3553 702 3606 3.
725 3555 1028 3624 Repeterent.
1051 3553 1364 3626 Legendum
1375 3573 1496 3608 esse
1524 3575 1597 3606 re-
1677 3557 1787 3628 jam
1826 3574 1949 3608 cum
1977 3553 2145 3608 Didio
2174 3556 2571 3626 processissent.

563 3634 828 3702 pellerent,
856 3631 1222 3706 Glandorpius
1251 3633 1405 3688 vidit.
1439 3633 1594 3686 Idem
1768 3635 1819 3688 5.
1858 3634 2099 3690 Gadibus.
2128 3636 2265 3703 Alii,
2282 3656 2315 3686 a
2344 3634 2587 3690 Gadibus.

569 3725 691 3766 mox
719 3732 821 3785 pro
849 3717 1056 3766 omnium
1085 3715 1242 3786 ponit
1277 3720 1482 3768 omnmo.
1515 3715 1595 3767 M.
1764 3715 1896 3768 Car.
1930 3716 2077 3769 XLI.
2112 3735 2161 3770 1.
2187 3715 2283 3769 Ad
2300 3715 2541 3770 Mundam
2556 3735 2701 3786 praes.

566 3795 773 3846 Desunt
801 3795 916 3850 haee
947 3797 1294 3867 incensisque.
1301 3805 1601 3866 ,repeterent
1682 3814 1794 3866 opp.
1814 3796 1955 3866 Lege
1968 3795 2171 3848 Mundoe
2184 3795 2411 3866 adproes.
2428 3815 2539 3866 opp.
2556 3792 2711 3848 Vidit

568 3874 634 3924 ab
679 3859 802 3926 edd.
854 3887 982 3926 vett.
1028 3873 1198 3928 Unde
1229 3876 1471 3928 lacunam
1505 3875 1597 3928 hic
1685 3874 1965 3940 Davisius,
2004 3876 2287 3947 praeiverat
2327 3874 2705 3946 Glandorpius.

568 3971 680 4006 esse
713 3954 1009 4026 suspicatur
1035 3954 1289 4008 Oudend.
1316 3956 1401 4010 vel
1427 3957 1595 4010 uleus.
1687 3957 1767 4008 De
1798 3973 1858 4008 re
1883 3953 2007 4009 vide
2036 3975 2151 4028 cap.
2190 3956 2282 4010 35.
2309 3956 2389 4010 Μ.
2414 3953 2555 4010 Edd.
2578 3966 2707 4008 vett.

570 4031 639 4086 ld
700 4033 757 4085 ni
819 4034 886 4088 sit
909 4073 928 4100 ,
989 4035 1184 4106 probat
1236 4037 1599 4106 conjecturam
1688 4055 1821 4107 quem
1850 4039 1949 4106 ipse
1976 4035 2049 4088 ad
2064 4056 2209 4106 proes.
2232 4056 2342 4107 opp.
2376 4037 2515 4107 reliq.
2532 4034 2709 4106 Vulgo

574 4111 911 4186 Glandorpii.
929 4115 1085 4178 Mox,
1099 4133 1201 4187 pro
1219 4119 1470 4187 conspecti,
1481 4116 1601 4172 vul-
1688 4115 1759 4168 ad
1782 4114 2023 4172 Mundam
2030 4136 2051 4179 ,·
2078 4116 2322 4187 ineptum
2335 4153 2355 4182 ,
2376 4115 2437 4170 ni
2472 4115 2613 4188 legas
2648 4113 2716 4168 ad
