3025 5025
619 443 762 515 DE
814 445 1166 514 BELLO
1223 445 1597 515 CIVILI.
1654 446 1851 516 LIB.
1904 446 2010 518 11.
2101 390 2105 395 ’
2254 447 2387 524 ι5ι
2482 408 2487 422 ’

267 576 462 674 paulo
501 577 762 674 longius
805 577 1040 648 litterae
1081 601 1122 646 a
1165 578 1468 650 Gadibus
1511 575 1885 649 redduntur
1906 635 1927 669 ‚
1970 579 2165 652 simul
2202 597 2401 680 atque

268 688 349 754 sit
403 688 742 781 cognitum
795 685 880 754 de
920 685 1144 754 edicto
1189 685 1469 754 Caesaris
1489 739 1512 772 ‚
1570 688 1977 759 consensisse
2030 685 2400 762 Gaditanos

265 793 590 888 principes
630 817 785 862 cum
821 792 1103 860 tribunis
1131 792 1507 861 cohortium
1523 845 1543 880 ,
1570 812 1717 886 quae
1748 807 1968 864 essent
2001 795 2094 864 ibi
2126 795 2198 866 in
2233 821 2401 892 prae·

265 899 424 968 sidio
438 951 458 987 ‚
475 914 554 967 ut
583 894 966 969 Gallonium
989 919 1071 966 ex
1095 897 1348 992 oppido
1367 896 1803 993 expellerent,
1823 901 2060 970 urbem
2087 901 2403 974 insulam·

265 1026 390 1098 que
432 1007 684 1075 Caesari
743 1016 1103 1076 servarent.
1149 1007 1298 1072 Hoc
1346 1003 1514 1072 inito
1558 1004 1835 1074 consilio
1856 1058 1876 1094 ‚
1913 1003 2405 1080 denuntiavisse

268 1109 608 1201 Gallonio,
635 1127 712 1182 ut
741 1133 862 1181 sua
896 1123 1133 1206 sponte
1153 1165 1172 1198 ‚
1203 1110 1366 1178 dum
1402 1112 1542 1179 sine
1578 1111 1875 1206 periculo
1914 1111 2175 1202 liceret,
2204 1139 2405 1186 exce-

269 1218 447 1288 deret
477 1219 816 1288 Gadibus:
848 1219 901 1288 si
930 1218 1012 1286 id.
1033 1241 1170 1286 non
1197 1217 1500 1306 fecisset,
1526 1218 1650 1287 sibi
1685 1217 2035 1288 consilium
2074 1233 2405 1316 capturos,

270 1327 408 1394 Hoc
437 1328 680 1394 timore
715 1325 1080 1416 adductum
1113 1321 1498 1394 Gallonium
1538 1323 1841 1394 Gadibus
1876 1328 2247 1396 excessisse.
2286 1328 2410 1399 His

271 1425 546 1526 cognitis
589 1433 788 1502 rebus
808 1485 829 1521 ‚
883 1431 1090 1502 altera
1137 1453 1219 1500 ex
1265 1429 1525 1500 duabus
1572 1429 1941 1526 legionibus
1965 1486 1985 1521 ,
2039 1455 2187 1528 quae
2229 1435 2411 1504 Ver-

267 1538 500 1608 nacula
553 1538 1013 1634 appellabatur
1043 1535 1092 1626 ²,
1147 1561 1230 1608 ex
1293 1539 1529 1608 castris
1570 1539 1897 1608 Varronis
1922 1589 1942 1623 ,
1990 1539 2293 1610 adstante
2344 1555 2414 1612 et

213 1683 216 1686 ·
267 1645 676 1739 inspectante
715 1647 897 1740 ipse,
925 1647 1116 1740 signa
1151 1643 1414 1714 sustulit
1436 1698 1456 1732 ,
1493 1669 1764 1738 seseque
1796 1643 2098 1741 Hispalin
2128 1647 2412 1742 recepit,

267 1765 458 1845 atque
507 1753 579 1820 in
610 1752 758 1820 foro
793 1765 860 1820 et
891 1751 1257 1846 porticibus
1293 1752 1434 1820 sine
1473 1749 1803 1820 maleficio
1845 1749 2160 1822 consedit.
2208 1753 2415 1842 Quod

267 1856 518 1928 facturn
565 1858 733 1928 adeo
779 1859 922 1954 ejus
963 1844 1368 1928 conventus³
1405 1859 1584 1928 cives
1627 1860 1885 1928 romani
1931 1859 2414 1956 comprobave-

269 2044 374 2104 σία,
403 2054 496 2094 etc.
513 2041 668 2094 Hanc
693 2043 932 2114 phrasim
958 2055 1126 2096 totam
1149 2042 1298 2096 exhi-

269 2121 355 2173 bet
370 2121 446 2174 ita
459 2121 718 2192 Scaliger:
737 2135 875 2174 tanta
897 2143 956 2174 ac
982 2135 1080 2174 tam
1095 2123 1303 2174 secunda

270 2202 319 2250 in
341 2201 594 2253 Caesarem
624 2203 877 2255 voluntate
901 2206 1162 2274 provincioe
1185 2221 1305 2274 pro-

269 2299 430 2350 gresso
457 2285 506 2333 ei
519 2283 676 2353 paulo
698 2283 911 2352 longius,
944 2285 1118 2334 litterae
1145 2301 1176 2333 a
1203 2280 1310 2337 Ga-

159 2375 166 2385 '
272 2361 408 2413 dibus
423 2363 710 2415 redduntur.
727 2361 880 2417 Hanc
897 2363 1180 2416 lectionem
1193 2361 1307 2434 pri-

271 2459 384 2494 mus
407 2461 476 2495 ex
495 2445 802 2515 conjectura
814 2458 817 2461 ·
827 2443 1138 2498 Ciacconius
1153 2481 1169 2509 ,
1182 2441 1310 2496 ulti-

271 2538 353 2574 ma
381 2545 520 2579 voce
546 2524 866 2594 reperiebatur
888 2538 941 2578 et
970 2522 1312 2577 distinctione

273 2606 475 2676 majore
491 2603 682 2659 deletis
695 2644 713 2673 ,.
730 2600 973 2671 dederat,
993 2602 1118 2676 quia
1145 2604 1203 2656 in
1228 2618 1316 2657 co-

273 2686 388 2741 dice
409 2686 602 2739 Ursini
623 2684 917 2757 repositum
935 2698 1048 2738 erat
1062 2684 1314 2737 voluntate

271 2786 370 2841 pro
381 2767 620 2820 vobcntas
631 2784 650 2817 .·
657 2780 758 2817 nee
764 2762 1131 2837 praetereunda
1140 2781 1315 2817 emen-

277 2848 424 2903 datio
477 2844 604 2900 edd.
646 2844 834 2910 Vasta,
863 2840 1034 2899 Strad.
1054 2883 1070 2912 ,
1099 2842 1279 2916 Steph.
1298 2884 1314 2913 ,

277 2926 528 3000 Gryph:
553 2935 690 2979 tanta
703 2942 762 2976 ac
786 2936 882 2976 tam
894 2926 1101 2977 secunda
1125 2927 1174 2975 in
1202 2922 1314 2976 Cae-

277 3028 434 3062 sarem
456 3006 716 3059 voluntate
735 3010 995 3077 provincia·
1023 3004 1319 3077 reperieban-

281 3103 390 3153 tur,
428 3102 538 3159 qua
567 3087 662 3139 flat
692 3084 985 3157 ἐπιφώνημα
1022 3084 1319 3157 generalius

279 3167 345 3222 ad
397 3166 686 3238 Hispanias
733 3178 986 3237 utrasque
1027 3164 1318 3237 pertinens.

279 3243 436 3302 Nihil
479 3261 683 3314 tamen,
703 3243 922 3299 lectioni
961 3258 1156 3316 nostrae
1199 3261 1322 3297 mu-

279 3326 547 3391 tandum3
579 3326 782 3398 quippe
821 3340 940 3397 quae
970 3326 1036 3379 sit
1073 3321 1322 3379 codicum

282 3406 606 3461 auctoritate
623 3406 862 3477 probata.
877 3438 960 3449 ——
975 3404 1098 3466 Cum
1124 3406 1324 3458 tribunis

283 3489 570 3540 cohor-tiam.
617 3487 840 3541 Constat
880 3484 1119 3559 duplices
1164 3486 1324 3539 fuisse

282 3568 566 3633 tribunos,
607 3566 875 3639 legionum
907 3579 961 3619 et
991 3564 1324 3630 cohortium3

285 3646 435 3701 unde
489 3662 628 3717 saepe
675 3643 912 3699 invenias
955 3646 1014 3699 in
1057 3642 1326 3717 lapidibus

291 3724 530 3799 antiquis
542 3724 835 3779 Tnmonos
848 3726 1124 3781 Conon-rm
1137 3738 1185 3777 ιι
1195 3763 1214 3791 ,
1226 3740 1298 3776 111
1308 3762 1330 3790 ,

289 3826 382 3873 nr,
413 3818 468 3859 et
499 3804 707 3859 similia.
739 3806 877 3858 Nam
908 3822 998 3859 sex
1025 3806 1082 3858 in
1118 3822 1328 3876 quaque

292 3886 505 3959 legione
555 3885 802 3939 tribunos
857 3884 1018 3938 fuisse
1063 3884 1174 3955 jam
1231 3896 1328 3936 suo

298 3976 541 4039 ternpore
570 3963 828 4037 Polybius
857 3962 1033 4019 docet.
1061 3964 1332 4019 Tribunos

299 4046 571 4118 legionum
611 4048 867 4119 majores,
898 4045 1202 4099 cohortium
1228 4042 1332 4096 mi-

1391 2043 1544 2094 bunus
1588 2045 1744 2114 major
1774 2063 1867 2114 per·
1905 2045 2153 2114 epistolam
2198 2063 2385 2097 sacram
2396 2083 2417 2110 ,

1392 2127 1691 2193 imperatoris
1699 2123 1917 2194 judicio,
1942 2124 2227 2178 destinatur.
2250 2123 2423 2177 Minor·

1395 2203 1610 2254 tribunus
1625 2207 1849 2275 provenit
1872 2223 1933 2254 ex
1956 2203 2135 2257 labore.
2165 2203 2307 2274 Ergo
2330 2203 2424 2258 illa

1392 2281 1624 2354 dignitas
1636 2281 1906 2340 beneficii,
1930 2283 2043 2336 haec
2059 2283 2273 2336 virtutis
2290 2302 2424 2354 prae·

1394 2363 1582 2415 mium.
1612 2358 1725 2414 Nec
1762 2363 1899 2414 male
1942 2361 2219 2415 tribunum
2246 2361 2424 2417 Groeci

1394 2441 1646 2515 χιλιάρχην
1668 2453 1886 2508 vocant,
1906 2441 1950 2493 si
1968 2441 2229 2513 posterius
2250 2459 2423 2496 aevum

1395 2522 1663 2594 respicias.
1696 2520 1889 2575 Primae
1916 2521 2152 2575 cohortis
2179 2520 2425 2577 tribunus

1398 2601 1596 2655 milites
1648 2602 1918 2673 aliquanto
1964 2600 2143 2673 plures
2196 2600 2427 2656 millenis

1399 2682 1621 2735 habuit:
1651 2680 1825 2747 unde,
1862 2690 1994 2735 teste
2036 2676 2225 2734 eodem
2251 2682 2427 2753 Vege-

1400 2761 1508 2826 tio,
1535 2760 1706 2833 prima
1730 2762 1923 2815 cohors
1950 2758 2197 2813 milliaria
2222 2774 2427 2816 vocata.

1399 2842 1589 2913 Itaque
1618 2859 1743 2896 vere
1770 2840 1859 2893 ille
1886 2842 2155 2912 χιλιάρχης.
2180 2842 2428 2897 Vossius.

1402 2920 1535 2976 Vid.
1550 2920 1696 2995 Lips.
1711 2918 2135 2977 demilit.rom.l.
2148 2938 2194 2974 11
2209 2959 2225 2988 ,
2240 2919 2429 2992 dial.9.

1488 3023 1539 3056 a.
1569 3002 1627 3055 V
1618 3003 1845 3055 emacula
1883 3000 2229 3073 appellabatur.
2274 3002 2434 3056 Certe

1403 3080 1587 3136 differt
1602 3101 1631 3135 a
1649 3082 1885 3143 colonica,
1906 3080 1973 3134 de
1986 3100 2089 3153 qua
2109 3082 2281 3153 capite
2292 3100 2431 3153 prae·

1404 3159 1641 3229 cedenti3
1660 3174 1713 3215 et
1736 3157 2041 3235 accipienda
2064 3172 2141 3215 est
2162 3160 2220 3214 in
2243 3160 2433 3215 eodem

1405 3259 1581 3309 sensu,
1598 3262 1706 3315 quo
1719 3242 1909 3308 Tacit„
1925 3242 2065 3295 Ann.
2081 3259 2104 3293 1
2118 3279 2135 3308 ‚
2158 3239 2189 3296 3
2202 3258 2247 3309 1,
2264 3239 2431 3295 dixit:

1405 3324 1668 3375 vernacula
1694 3322 1969 3386 multitudo,
1998 3332 2242 3376 constans
2268 3339 2299 3375 e
2321 3340 2436 3375 ver-

1407 3404 1491 3457 nis
1506 3441 1525 3469 ‚
1547 3402 1753 3456 libertis
1768 3440 1785 3467 ,
1812 3414 1864 3455 et
1897 3402 2013 3455 aliis
2033 3400 2313 3454 similibus.

1494 3482 1548 3536 3.
1586 3481 1870 3536 Conventus.
1893 3480 2182 3533 Oberlinus
2211 3478 2302 3531 hic
2328 3476 2437 3532 dis·

1411 3560 1724 3617 tinctionem
1750 3558 1890 3613 inter
1914 3558 2059 3613 varia
2082 3570 2331 3613 conventus
2352 3576 2439 3629 ge·

1410 3652 1540 3695 nera
1589 3641 1713 3693 sat‘is
1758 3638 1968 3693 futilem
2010 3650 2194 3691 nostro
2233 3637 2437 3709 judicio

1414 3720 1663 3775 admittit.
1690 3712 1875 3773 Festus
1892 3730 2121 3791 quatuor
2142 3716 2315 3772 modis
2330 3738 2440 3771 con-

1417 3814 1601 3856 ventum
1650 3797 1911 3871 intelligit.
1962 3798 2066 3851 Hic
2107 3793 2245 3851 nihil
2288 3796 2440 3873 *aliud

1413 3880 1519 3935 fuit
1544 3899 1702 3951 quam
1732 3888 1896 3931 coetus
1915 3878 2157 3931 virorum
2187 3896 2251 3932 ex
2272 3878 2444 3933 omni·

1418 3963 1523 4014 bus
1550 3959 1851 4013 civitatibus
1877 3957 2207 4013 delectorum
2230 3977 2444 4031 congre-

1421 4052 1571 4113 gatus
1605 4035 1899 4103 Corduba,
1924 4038 2040 4093 sive
2070 4039 2305 4111 hispani,
2332 4040 2444 4093 sive

283 4145 460 4201 ‘nores
475 4138 630 4183 vocat
639 4125 914 4199 vegetius,
929 4126 968 4181 l.
983 4143 1058 4194 11,
1076 4142 1122 4181 c.
1141 4146 1195 4198 7.
1225 4118 1336 4181 Tri-
1420 4118 1867 4191 romani'fuerint,
1890 4132 1951 4175 ut
1966 4121 2184 4175 Caesaris
2195 4124 2337 4193 jussa
2355 4139 2446 4175 ex-

1937 4206 2073 4288 10⁴
