3025 5025
574 486 722 555 DE
778 484 1127 553 BELLO
1181 484 1553 553 CIVILI.
1612 484 1801 551 LIB.
1858 486 2008 552 III.
2216 482 2355 555 281

238 618 636 712 pugnatione
677 614 982 704 dimissa,
1023 631 1390 710 coactoque
1425 618 1494 684 in
1532 640 1740 684 unum
1783 615 2007 685 locum
2051 618 2374 705 exercitu,

239 726 620 793 concionem
646 723 829 817 apud
858 720 1098 791 milites
1126 723 1396 801 habuit,
1435 721 1871 819 hortatusque
1901 736 2001 791 est
2019 776 2039 812 ‚
2070 752 2106 787 <c
2142 748 2227 792 ne
2263 746 2373 810 ea,

239 855 382 923 quae
411 830 826 918 accidissent,
859 830 1150 923 graviter
1175 828 1457 916 ferrent,
1477 853 1646 897 neve
1676 830 1783 898 his
1812 829 2010 898 rebus
2037 824 2373 899 terreren-

237 950 378 1023 tur,
421 934 774 1030 multisque
835 935 1140 1005 secundis
1196 934 1437 1030 praeliis
1494 960 1706 1004 unum
1764 936 2153 1023 adversum,
2207 944 2274 1004 et
2309 936 2377 1004 id

237 1042 593 1129 mediocre,
623 1056 1076 1136 opponerent:
1107 1041 1486 1110 habendam
1526 1040 1810 1111 fortunae
1842 1044 2125 1136 gratiam
2140 1096 2159 1129 ,
2196 1042 2379 1134 quod

237 1147 493 1217 Italiam
531 1150 670 1216 sine
707 1146 930 1241 aliquo
974 1145 1248 1217 vulnere
1294 1148 1663 1242 cepissent3
1708 1148 1890 1241 quod
1930 1148 2097 1217 duas
2138 1150 2379 1242 Hispa·

237 1258 374 1323 nias
393 1308 414 1343 ,
452 1253 1100 1323 bellicosissimorum
1138 1253 1485 1323 hominum
1522 1256 1929 1349 peritissimis
1962 1269 2163 1349 atque
2198 1278 2409 1321 exer·-

238 1362 630 1429 citatissimis
673 1357 1014 1449 ducibus²‚
1039 1362 1490 1455 pacavisse'nt3
1523 1360 1705 1455 quod
1728 1360 2043 1429 finitimas
2088 1360 2381 1428 frumen·

239 1470 568 1561 tariasque
621 1468 1000 1561 provincias
1041 1469 1110 1535 in
1150 1481 1551 1562 potestatem
1609 1467 2055 1561 redegissent3
2100 1466 2385 1559 denique

239 1573 574 1643 'recordari
629 1573 873 1643 debere
902 1626 922 1659 ,
977 1598 1108 1667 qua
1155 1572 1468 1643 felicitate
1538 1575 1711 1642 inter
1778 1573 2031 1643 medias
2090 1574 2385 1641 hostium

243 1679 510 1763 classe5‚
538 1678 822 1773 oppletis
855 1704 991 1747 non
1027 1679 1242 1748 solum
1273 1680 1577 1773 portibus
1597 1734 1617 1767 ‚
1640 1680 1756 1749 sed
1788 1682 1990 1747 etiam
2018 1679 2349 1747 littoribus
2366 1732 2388 1767 ‚

238 1810 464 1855 omnes
487 1784 855 1857 incolumes
877 1801 1097 1855 essent
1111 1788 1571 1880 transportati:
1590 1789 1643 1854 si
1662 1811 1800 1854 non
1823 1787 2049 1854 omnia
2076 1786 2391 1854 caderent

239 1893 532 1964 secunda
557 1946 578 1980 ‚
640 1893 974 1961 fortunam
1039 1916 1180 1961 esse
1241 1892 1567 1961 industria
1608 1878 2086 1963 sublevandam
2139 1919 2153 1959 τ
2210 1891 2391 1986 quod

239 2013 410 2068 esset
454 2013 808 2094 acceptum
859 1998 1277 2088 detrimenti,
1321 2000 1462 2093 ejus
1501 1984 1673 2093 juri³
1713 2001 1970 2095 potius,
2012 2022 2214 2093 quam
2258 2006 2393 2066 siuae

240 2105 484 2201 culpae,
525 2105 769 2174 debere
807 2105 1008 2172 tribui
1053 2130 1067 2172 ε
1114 2103 1337 2174 locum
1389 2132 1456 2175 se
1505 2131 1769 2199 aequum
1815 2106 1901 2175 ad
1942 2104 2392 2174 dimicandum

321 2314 372 2345 2.
398 2293 751 2363 Hispania-2...
769 2290 983 2343 ducibus.
1015 2290 1097 2343 Sc.
1118 2292 1273 2343 Afra·

241 2374 394 2425 nium
438 2385 493 2425 et
533 2372 820 2425 Petreium.
869 2370 1013 2423 Vide
1051 2372 1274 2423 omnino

238 2454 330 2507 lib.
364 2471 409 2506 1.
445 2453 712 2505 Caeterum
743 2448 1276 2505 animadvertendum

1362 2290 1527 2344 lectio
1557 2292 1802 2361 vulgata,
1828 2294 1931 2361 ejus
1948 2293 2083 2359 juri,
2116 2290 2249 2353 scil.,
2283 2289 2394 2339 for-

1363 2383 1508 2423 tunae
1530 2372 1703 2423 t‘nam
1734 2370 1949 2422 fortuna
1968 2371 2053 2439 jus
2086 2386 2397 2440 supremum

1364 2451 1527 2503 habet
1550 2451 1605 2502 in
1626 2451 1788 2503 rebus
1808 2448 2058 2503 humanis
2072 2489 2088 2517 ‚
2101 2448 2397 2521 praesertitn

241 2547 319 2587 est
333 2572 351 2600 ,
385 2545 443 2586 et
472 2532 578 2604 ipsi
604 2551 820 2604 quoque
852 2532 1048 2584 Caesari
1089 2550 1276 2603 super-

241 2615 387 2666 biam
443 2610 666 2666 adversa
722 2612 938 2664 fortuna
994 2623 1229 2664 retusam
1259 2630 1277 2676 ;

241 2713 388 2746 nunc
405 2731 422 2758 ‚
454 2704 663 2745 mutato
697 2711 944 2744 sermone
959 2729 975 2755 ‚
999 2695 1281 2761 peritissimi

243 2786 366 2828 sunt
389 2785 554 2843 atque
591 2775 969 2824 exercitatissimi
1005 2771 1147 2822 duces
1173 2771 1274 2828 illi,

244 2852 310 2906 de
352 2853 558 2925 quihus
604 2852 766 2924 paulo
809 2863 931 2903 ante
975 2850 1181 2903 dixerat
1225 2869 1280 2904 se

242 2935 453 2986 iturum
486 2931 559 2984 ad
577 2934 834 2983 exercitum
851 2935 954 2982 sine
975 2931 1282 2983 ducibus.--

243 3015 294 3067 F
290 3016 618 3066 rumentan'as
643 3014 932 3082 provincias.
963 3011 1194 3064 Siciliam
1228 3022 1282 3062 et

242 3095 507 3146 Africam.
531 3122 612 3134 --
638 3091 752 3160 Qua
767 3091 1026 3158 felicitate.
1073 3089 1283 3160 Optimi

243 3172 424 3234 codd„
451 3172 594 3224 inter
618 3189 752 3241 quos
775 3183 955 3223 noster
991 3170 1144 3240 5764
1165 3188 1179 3222 z
1197 3173 1282 3238 se-

244 3255 448 3305 licitate.
484 3252 555 3304 At
570 3288 588 3316 ,
619 3251 803 3320 5768:
821 3251 1066 3317 facultate
1079 3261 1100 3302 ,⁶
1126 3251 1280 3302 male.

245 3335 350 3386 Alii
378 3351 394 3386 ε
419 3331 688 3402 facilitate.
728 3332 878 3383 Inter
907 3331 1002 3384 has
1030 3330 1284 3384 lectiones

247 3413 477 3466 minime
503 3409 834 3464 haerendum.

329 3496 386 3547 3.
418 3493 551 3560 Ejus
573 3493 700 3561 juri.
719 3489 870 3544 Hanc
888 3491 1176 3542 lectionem
1197 3489 1287 3542 de-

248 3573 328 3626 dit
357 3573 561 3636 Ciacc.‚
579 3589 644 3624 ex
667 3589 764 3622 suo
784 3569 928 3636 cod.,
945 3589 1178 3641 quocum
1199 3589 1286 3622 so·

245 3655 327 3706 lus
362 3651 635 3704 consentit
655 3650 810 3704 Leid.
848 3669 951 3704 sec.
980 3649 1153 3703 Codd.
1193 3649 1285 3702 alii

247 3731 502 3786 ‹et-nostri
519 3750 533 3783 :
551 3734 756 3800 cujusvis
774 3735 938 3802 potitis
951 3770 965 3796 ‚
983 3749 1140 3783 sensu
1157 3749 1286 3782 con-

247 3825 413 3866 torto,
446 3811 709 3864 Nonnulli
742 3829 755 3862 ε
791 3813 993 3880 cujusvis
1018 3813 1250 3861 exercitus
1268 3829 1288 3862 .·

247 3894 410 3946 male.
444 3893 514 3943 At
543 3888 703 3943 codd.
745 3890 976 3958 Cari-ar„
1003 3891 1290 3960 Bongars.,

251 3987 304 4026 et
323 3970 454 4026 edd.
479 3972 698 4042 primae:
721 3973 867 4024 cuivis
881 3975 1045 4042 potius
1059 4009 1076 4036 ‚
1097 3983 1151 4022 et
1173 3987 1290 4021 eam

248 4053 545 4108 lectionem
606 4049 775 4103 solam
839 4069 950 4104 esse
1002 4049 1290 4122 genuinam

251 4151 426 4206 prope
441 4131 782 4188 affirmarem.
793 4129 1099 4201 Elegantior
1113 4143 1288 4184 tamen

1366 2532 1422 2583 in
1448 2532 1591 2583 bello
1621 2549 1635 2583 :
1666 2529 1813 2583 unde
1840 2531 1952 2584 Cic.
1982 2549 2084 2600 pro
2109 2529 2394 2592 Marcello,

1365 2629 1414 2664 c.
1450 2629 1502 2663 2:
1522 2611 1793 2664 Maximam
1814 2629 1933 2661 vero
1946 2621 2137 2680 partem
2154 2612 2295 2678 quasi
2314 2629 2400 2660 sao

1354 2693 1470 2762 jure
1482 2693 1691 2759 fortuna
1716 2690 1969 2751 vindicat,·
1996 2703 2049 2742 et
2076 2687 2224 2740 Pedo
2255 2689 2403 2740 Albi-

1367 2789 1643 2835 novanus,
1676 2771 1805 2841 eleg.
1839 2788 1893 2834 1,
1922 2789 1975 2822 v·
2012 2768 2083 2832 54
2114 2787 2127 2820 τ
2376 2783 2383 2792 '

1429 2884 1441 2896 .
1456 2886 1465 2895 .
1483 2887 1492 2895 .
1509 2857 1729 2908 ‚Injustum
1744 2857 1808 2908 jus
1834 2856 1912 2894 nihi
1934 2856 2083 2907 ubique
2105 2855 2213 2893 facit.

1369 2963 1450 2974 --
1472 2931 1655 2981 Locum
1683 2949 1734 2980 se
1764 2947 1968 3000 aequum.
1998 2929 2069 2979 Et
2096 2945 2157 2980 ea
2186 2944 2402 2997 quoque

1367 3010 1529 3062 lectio
1561 3009 1873 3061 criticorum
1902 3009 2117 3079 ingenio
2147 3006 2401 3071 debetur,

1370 3090 1468 3142 etsi
1496 3108 1613 3142 eam
1644 3090 1701 3140 in
1732 3085 1851 3140 cod.
1895 3087 2112 3141 Norvic.
2155 3105 2211 3139 se
2250 3087 2402 3140 inve-

1369 3169 1510 3222 nisse
1532 3168 1847 3240 profiteatur
1866 3167 2131 3220 Davisius,
2153 3165 2261 3218 Alii
2279 3167 2401 3237 plus

1370 3250 1618 3303 minusve
1650 3261 1905 3319 corrupte
1943 3248 2126 3318 legunt
2152 3265 2168 3298 ε
2210 3265 2365 3298 secum
2382 3286 2398 3309 ,

1371 3329 1519 3382 unde
1540 3329 1769 3400 Scaliger
1790 3329 1960 3380 eruit:
1984 3347 2035 3378 se
2061 3339 2180 3391 tum,
2200 3339 2255 3378 et
2278 3325 2403 3389 alii,

1371 3431 1422 3461 se
1437 3429 1621 3482 aequum
1638 3428 1658 3471 ,·
1674 3409 1787 3473 alii,
1808 3428 1857 3458 se
1877 3419 2053 3468 tutum,
2069 3415 2307 3467 securum,
2326 3425 2402 3456 se-

1372 3491 1596 3542 cundum.
1611 3489 1940 3541 Freinshem.
1957 3484 2025 3538 ad
2042 3488 2193 3539 Curt.
2212 3504 2289 3553 Π,
2314 3504 2337 3537 1
2350 3491 2405 3549 4,

1374 3571 1525 3621 malit
1556 3588 1571 3620 z
1606 3581 1785 3639 aptum.
1819 3567 1947 3618 Haec
1992 3566 2173 3616 omnia
2215 3563 2406 3616 eodem

1369 3648 1630 3714 redeunt,
1650 3661 1703 3700 et
1727 3646 2027 3717 significant
2048 3645 2311 3698 Caesarem
2332 3645 2406 3696 eis

1369 3725 1551 3783 locum
1570 3726 1804 3792 dedisse,
1823 3727 1881 3777 in
1895 3743 2003 3796 quo
2024 3725 2175 3777 facile
2188 3724 2407 3777 'vincere

1373 3819 1623 3880 possent;
1642 3807 1747 3859 nisi
1779 3807 1991 3858 fortuna
2008 3843 2026 3870 .,
2053 3817 2151 3857 etc.
2176 3803 2292 3855 Hoc
2320 3821 2409 3856 au-

1377 3899 1486 3941 tem
1498 3890 1620 3940 loco
1631 3926 1647 3954 ,
1666 3887 1821 3940 nobis
1836 3883 2072 3939 ostendit
2089 3885 2262 3938 Caesar
2278 3901 2409 3955 quo-

1377 3965 1543 4020 modo
1572 3966 1698 4019 duci
1723 3986 1847 4021 cum
1880 3966 2117 4018 exercitu
2143 3962 2410 4034 agendum

1379 4049 1473 4113 sit,
1506 4045 1833 4100 dissimulata
1849 4085 1866 4112 ‚
1886 4046 1974 4100 vel
2009 4045 2168 4099 etiam
2199 4043 2411 4115 postha-

1380 4129 1493 4180 bita
1509 4165 1525 4194 ‚
1565 4127 1610 4181 si
1666 4139 1857 4180 noceat
1871 4164 1889 4190 ‚
1927 4143 2109 4180 rerum
2167 4124 2407 4178 veritate.
