3025 5025
588 499 728 571 DE
783 501 1137 572 BELLO
1193 502 1568 573 CIVILI.
1627 503 1818 572 LIB.
1876 502 2019 571 III.

2253 500 2400 598 293

265 645 373 720 ut,
410 632 729 728 quidquid
762 636 1201 705 intercederet
1237 638 1553 731 temporis
1575 621 1623 726 ³,
1651 623 1717 704 id
1747 638 1992 705 morari
2019 635 2304 704 reditum
2335 638 2404 702 in

261 737 521 806 Italiam
567 741 946 832 videretur3
992 757 1094 831 et,
1134 745 1188 812 si
1233 743 1499 837 quando
1548 743 1710 837 quid
1753 745 2106 837 Pompeius
2152 742 2404 810 tardius

261 859 375 912 aut
401 848 877 917 consideratius
908 849 1192 938 faceret,
1230 879 1264 913 κ
1299 851 1494 918 unius
1529 875 1669 918 esse
1699 852 2042 942 negotium
2077 849 2208 916 diei
2233 837 2260 935 ‚¹
2290 848 2404 916 sed

258 948 444 1018 illum
492 953 803 1023 delectari
838 957 1121 1050 imperio
1151 1010 1169 1044 ‚
1214 970 1280 1025 et
1322 955 1701 1038 consulares
1748 957 2226 1050 praetoriosque
2270 949 2403 1022 ser-

258 1081 498 1127 vorum
539 1061 787 1129 habere
822 1087 1102 1129 numero
1131 1116 1150 1148 ‚
1198 1091 1232 1126 >³
1284 1063 1601 1132 dicerent.
1643 1067 1924 1157 Jamque
1966 1065 2138 1130 inter
2180 1085 2248 1128 se
2289 1085 2404 1154 pa·-

259 1152 430 1231 lam⁴
457 1165 540 1235 de
569 1169 854 1261 praemiis
882 1193 959 1236 ac
992 1168 1372 1238 sacerdotiis
1403 1169 1897 1238 contendebant
1918 1224 1936 1257 ‚
1972 1171 2039 1236 in
2067 1191 2408 1259 annosque

259 1271 677 1342 consulatum
722 1274 1165 1362 definiebant;
1205 1275 1313 1344 alii
1355 1275 1590 1345 domos
1635 1263 1942 1370 bonaque
1979 1300 2212 1342 eorum
2237 1327 2254 1360 ‚
2294 1275 2408 1365 qui

258 1377 327 1443 in
372 1382 602 1448 castris
646 1395 837 1448 erant
876 1383 1153 1450 Caesaris
1176 1437 1193 1470 ‚
1237 1382 1592 1477 petebant:
1637 1407 2010 1475 magnaque
2068 1383 2240 1447 inter
2295 1381 2408 1447 eos

257 1484 323 1548 in
366 1485 642 1554 consilio
680 1485 806 1554 fuit
840 1491 1329 1592 controversia,
1367 1503 1792 1582 oporteretne
1831 1491 1907 1556 L.
1958 1489 2184 1574 Hirri,
2228 1484 2409 1579 quod

258 1591 311 1658 is
356 1615 393 1656 a
433 1594 753 1687 Pompeio
794 1594 879 1661 ad
916 1594 1199 1664 Parthos
1242 1597 1480 1664 missus
1526 1609 1728 1683 esset,
1770 1595 2088 1688 proximis
2130 1591 2410 1660 comitiis

255 1699 587 1789 praetoriis
631 1701 1283 1769 absentis'rationem
1320 1701 1593 1769 haberi:
1626 1727 1832 1794 quum
1877 1700 2017 1792 ejus
2062 1699 2414 1768 necessarii

254 1801 457 1872 fidem
491 1804 926 1899 implorarent
960 1809 1295 1902 Pompeii,
1319 1822 1663 1902 praestaret
1691 1863 1710 1897 ,
1733 1807 1926 1902 „quod
1957 1803 2418 1900 proficiscenti

341 2013 393 2065 3.-
428 2013 501 2064 Ut
528 2013 765 2084 quidquid
784 2013 1095 2066 intercederet
1120 2025 1291 2084 tempo-

254 2095 348 2153 ris,
370 2104 464 2144 etc.
484 2093 777 2158 Favonius,
795 2093 1059 2146 referente
1080 2094 1291 2146 Plutar-

256 2172 387 2236 ch0‚
411 2173 647 2243 jactabat
685 2173 956 2244 privatum
993 2173 1061 2225 iri
1100 2192 1155 2226 se
1198 2191 1289 2224 esu

254 2251 685 2304 Tusculanarum
728 2253 947 2305 ficuum.
996 2253 1102 2304 Alii
1144 2255 1291 2324 joca-

253 2329 431 2383 bundi
461 2332 782 2404 Pompeium
796 2371 813 2399 ,
842 2335 1293 2402 Agamemnonem

256 2413 458 2483 Regem
483 2413 689 2483 Regum
705 2452 720 2480 ‚
751 2414 1103 2484 appellabant.
1138 2411 1293 2465 Solus

258 2493 395 2546 Cato
427 2492 492 2544 iis
520 2493 823 2558 resistebat,
843 2505 897 2545 et
927 2490 1291 2545 cunctandum

258 2572 534 2624 censebat:
551 2573 781 2643 Appiam.
809 2591 854 2625 11
871 2589 886 2637 ;
909 2572 1073 2637 Plut.,
1099 2572 1291 2643 Pomp.

261 2656 359 2717 66,
383 2656 478 2721 67.
502 2651 607 2704 Sed
630 2652 725 2703 ubi
748 2653 823 2703 ita
845 2650 1129 2703 ordinatur
1153 2670 1297 2703 exer-

258 2732 399 2783 citus
415 2769 432 2797 ,
463 2731 591 2785 licet
607 2731 957 2802 peritissimus
974 2730 1085 2783 dux
1107 2742 1159 2781 et
1183 2731 1295 2782 fors

258 2812 500 2863 tissimus
530 2810 739 2881 praesit,
763 2811 888 2863 licet
918 2830 949 2863 e
974 2808 1297 2882 quibusdam

258 2888 540 2944 interdum
571 2892 779 2943 levibus
816 2892 1013 2963 praeliis
1054 2892 1297 2961 superior

259 2969 533 3035 discedat,
556 2969 623 3022 ad
650 2990 919 3032 summum
948 2971 1192 3023 vincatur
1220 2971 1298 3021 fu-

260 3060 528 3123 geturque
554 3070 765 3103 necesse
789 3064 885 3103 est.

348 3137 404 3193 4.
423 3131 631 3203 Jamque
645 3134 770 3181 inter
783 3151 833 3180 se
845 3129 1028 3199 palam,
1050 3140 1139 3181 etc.
1162 3128 1297 3181 Sane

262 3212 331 3262 ab
364 3210 458 3261 illa
485 3210 781 3261 temeritate
814 3208 1163 3260 alienissimus
1193 3208 1299 3262 fuit·

262 3289 558 3359 Pompeius
578 3306 592 3341 ε
612 3286 963 3341 nihilominus
975 3325 991 3351 ,
1008 3306 1102 3339 seu
1124 3302 1269 3341 metu
1282 3326 1299 3353 ,

264 3388 359 3421 seu
384 3369 550 3419 animi
574 3380 790 3439 torpore
810 3409 824 3435 ‚
850 3385 943 3441 seu
966 3367 1085 3419 fatis
1112 3369 1303 3439 impel-

262 3448 501 3501 lentibus
514 3488 530 3515 ,
540 3445 755 3499 libidini
767 3448 1031 3499 nobilium
1046 3449 1299 3501 cessit.—

263 3525 348 3579 De
372 3531 608 3597 praemiis.
637 3525 1015 3588 MarklanduS,
1048 3527 1105 3578 ‘m
1130 3528 1299 3597 expli-

262 3609 479 3660 catione
508 3598 750 3661 veterum
778 3619 1074 3671 auctorum,
1088 3626 1143 3678 p.
1167 3609 1301 3678 275,

259 3685 556 3757 legendum
578 3698 757 3757 putat,
782 3686 849 3739 de
868 3689 1113 3760 praeturis.
1138 3688 1299 3758 Reip-

263 3786 323 3819 sa
351 3768 408 3819 in
434 3767 723 3819 Plutarcho
756 3761 977 3836 (Pomp.
996 3765 1091 3817 vit.
1122 3786 1167 3819 c.
1189 3763 1299 3835 67)

262 3846 495 3917 legimus
523 3846 767 3905 ὑπατείας
796 3846 879 3897 καὶ
912 3846 1185 3915 ςρσιτηγίσις
1210 3848 1301 3916 ἐμ·

261 3932 443 3978 νῶντο.
486 3924 637 3977 Nihil
671 3937 849 3978 tamen
878 3938 1063 3977 contra
1092 3925 1301 3977 codices

263 4002 593 4056 mutandum
626 4022 639 4057 τ
668 4024 792 4057 nam
808 4043 825 4070 ,
856 4016 918 4057 ut
947 4003 1014 4057 de
1048 4005 1221 4057 Dione
1249 4010 1303 4056 et

262 4084 479 4137 Caesare
494 4102 669 4154 nuper
690 4083 1177 4149 animadvertimuS,
1190 4102 1302 4136 non

262 4180 484 4217 necesse
504 4168 585 4217 est'
602 4162 739 4217 duos
762 4162 999 4218 diversos
1016 4164 1301 4235 scriptores

1379 2015 1572 2068 iisdem
1590 2016 1672 2069 uti
1683 2017 1875 2068 verbiS.
1896 2015 2099 2068 ——Alii
2114 2015 2300 2075 domos,
2320 2027 2410 2068 etc.

1380 2096 1487 2160 Qui
1517 2085 1654 2150 hanc
1679 2095 2130 2167 Pompeianorum
2153 2096 2414 2148 insaniam

1382 2189 1563 2246 aperte
1593 2177 1804 2228 novisse
1835 2175 1986 2246 cupit
2007 2213 2024 2240 ,
2060 2173 2213 2227 adeat
2259 2175 2411 2227 Cice·

1380 2274 1597 2318 ronem,
1623 2255 1718 2306 lib.
1753 2272 1827 2320 11,
1860 2255 2011 2323 epist.
2043 2253 2110 2306 ad
2141 2256 2303 2308 Attic.
2331 2289 2413 2298 --

1388 2333 1704 2404 Oporteretne
1733 2335 1796 2384 L.
1829 2335 1992 2384 Hirri.
2015 2335 2120 2384 Dio
2142 2373 2157 2400 ‚
2181 2335 2276 2387 lib.
2311 2353 2412 2399 111,

1381 2413 1652 2464 memoriae
1695 2411 1940 2482 'prodidit
1984 2412 2172 2464 missos
2227 2433 2338 2467 esse
2383 2433 2412 2465 a

1381 2493 1642 2563 Pompeio
1669 2491 1737 2545 ad
1770 2491 2008 2545 Orodem
2049 2493 2247 2563 Regem
2279 2495 2410 2546 Par-

1382 2573 1631 2637 thorum,
1652 2573 1746 2644 qui
1778 2573 1890 2643 ejus
1919 2572 2201 2624 amicitiam
2233 2586 2286 2625 et
2317 2592 2414 2625 au·-

1383 2651 1570 2703 xilium
1601 2663 1875 2721 peterent;
1904 2670 2026 2704 eum
2063 2662 2202 2703 vero'
2225 2665 2409 2721 postu-

1381 2732 1543 2795 lasse,
1571 2742 1632 2782 ut
1663 2731 1764 2783 sibi
1799 2731 1952 2803 Syria
1995 2730 2378 2783 concederetur
2396 2773 2411 2799 ,

1383 2828 1489 2882 qua
1517 2820 1701 2881 negata
1718 2849 1734 2874 ‚
1756 2809 1949 2880 pedem
1974 2809 2135 2861 domo
2163 2830 2274 2862 non
2298 2830 2412 2863 mo-

1381 2892 1536 2943 visse.
1571 2892 1651 2942 De
1700 2909 1764 2941 eo
1799 2891 1860 2942 L.
1893 2890 2056 2941 Hirro
2084 2892 2192 2961 jam
2235 2910 2408 2943 sermo

1384 2971 1487 3023 fuit
1504 3009 1519 3031 ,
1543 2971 1580 3023 l.
1605 2988 1656 3033 1,
1681 2989 1727 3022 c.
1763 2988 1786 3022 1
1801 2969 1830 3022 5
1848 3008 1864 3035 ,
1888 2970 1984 3021 ubi
2005 2984 2255 3041 corrupte
2283 2972 2413 3041 legi-

1383 3063 1473 3101 tur
1488 3050 1691 3111 wallis,
1707 3050 1844 3102 forte
1853 3069 1954 3122 pro
1969 3051 2142 3103 aedilis.
2153 3052 2340 3116 Porro,
2352 3063 2415 3103 ut

1383 3128 1618 3193 videtur,
1637 3143 1751 3183 erat
1771 3150 1802 3182 e
1820 3141 1976 3200 gente
1989 3131 2213 3183 Lucceia
2231 3131 2414 3183 oriun-

1384 3207 1484 3261 dus
1499 3210 1735 3280 ,plebeia
1747 3250 1762 3277 ‚
1775 3221 1828 3261 et
1841 3229 2030 3281 parum
2050 3212 2417 3263 nota.-—Proe·

1384 3300 1550 3341 staret.
1569 3288 1898 3341 subauditur
1913 3303 1980 3352 ut,
2001 3288 2149 3363 quod
2167 3289 2413 3341 nonnulli

1384 3383 1763 3440 reposuerunt,
1797 3370 1980 3423 invitis
2011 3369 2169 3423 codd.
2189 3368 2315 3421 Haec
2337 3381 2417 3423 est

1384 3449 1783 3520 vaniloquentia
1842 3450 2194 3502 certissimum
2249 3446 2412 3500 cladis

1386 3530 1717 3600 praesagium.
1757 3531 1839 3581 Ita
1871 3530 2062 3581 Xerxis
2089 3527 2300 3581 feminae
2329 3528 2413 3579 in·

1388 3620 1469 3660 ter
1514 3628 1570 3660 se
1619 3607 2012 3661 contendebant
2056 3608 2145 3661 cui
2192 3606 2415 3659 serviret

1387 3689 1560 3741 Attica
1577 3725 1594 3751 ,
1637 3688 1724 3739 cui
1769 3687 2025 3737 Thebana
2044 3687 2285 3739 ··mulier.
2333 3687 2416 3737 Ita

1388 3780 1509 3838 post
1561 3767 1820 3818 famosum
1867 3764 2002 3817 illud
2065 3764 2133 3824 ad
2187 3764 2416 3824 Bovinas

1388 3847 1634 3917 praelium
1649 3884 1666 3910 ‚
1696 3847 1924 3897 inventae
1949 3858 2073 3897 sunt
2097 3845 2154 3897 in
2181 3846 2414 3909 tentorio

1393 3925 1650 3989 Othonis,
1667 3937 1862 3977 catenae
1889 3924 2083 3995 quibus
2105 3926 2416 3995 Philippum

1390 4006 1686 4075 Augustum
1700 4043 1716 4069 ‚
1729 4022 1908 4073 regem
1933 4004 2210 4057 Gallorum
2221 4043 2237 4069 ,
2251 4005 2419 4058 vin'ci·

1388 4103 1449 4138 re
1474 4083 1719 4135 debebat.
1741 4084 1811 4134 Et
1828 4088 2069 4135 sexcenta
2087 4085 2246 4155 hujus
2265 4102 2419 4155 genev.

1390 4164 1465 4217 ris
1494 4164 1734 4235 exempla
1763 4165 2006 4235 praebent
2035 4164 2292 4223 historici.

2019 4254 2042 4293 3

1915 4292 2008 4371 ¹9
