3025 5025
540 471 676 538 DE
730 467 1075 536 BELLO
1132 469 1495 536 CIVILI.
1557 471 1746 538 LIB.
1806 473 1952 539 III.
2201 469 2346 569 195

208 602 588 686 adduxeram
610 603 897 688 DCCC,
928 620 1095 694 quos
1128 617 1221 668 ex
1254 602 1461 670 servis
1498 603 1633 669 suis
1671 618 2145 700 pastorumque
2183 633 2343 677 suo-

210 735 344 778 rum
396 723 714 803 coegerat
760 734 775 775 :
818 709 1016 776 CCC·
1053 708 1544 776 Tarcondarius
1604 710 1848 778 Castor
1901 725 1968 779 et
2019 713 2344 784 Donilaus

210 842 283 894 ex
316 815 747 910 Gallograecia
782 815 1106 885 dederant
1136 841 1153 882 ε
1186 815 1431 904 horum
1473 814 1642 884 alter
1671 841 1806 885 una
1843 835 2152 906 venerat,
2177 821 2346 891 alter

207 922 398 991 filium
440 925 733 990 miserat.
780 924 898 990 CC
938 947 1023 991 ex
1057 923 1249 1014 Syria
1284 946 1325 989 a
1356 924 1752 1018 Comageno
1795 925 2132 994 Antiocho
2147 913 2194 1014 ⁵,
2239 933 2342 997 cui

207 1053 429 1125 magna
466 1031 743 1124 praemia
784 1031 1139 1123 Pompeius
1176 1029 1438 1116 tribuit,
1468 1031 1650 1098 missi
1677 1045 1872 1098 erant
1891 1081 1908 1112 ,
1955 1033 2024 1098 in
2062 1033 2164 1101 his
2209 1033 2348 1128 ple-

207 1140 375 1231 rique
416 1137 903 1230 hippotoxotae.
944 1139 1097 1204 Huc
1142 1135 1497 1205 Dardanos
1521 1191 1544 1224 ‚
1581 1140 1847 1226 Bessos,
1893 1140 2140 1231 partim
2185 1162 2350 1209 mer-

206 1245 489 1312 cenarios
528 1295 549 1330 ‚
604 1244 849 1337 partim
902 1243 1183 1337 imperio
1232 1257 1354 1310 aut
1404 1246 1620 1336 gratia
1677 1260 2101 1338 comparatos
2128 1299 2146 1332 ‚
2189 1248 2346 1316 item

205 1350 599 1420 Macedonas
619 1403 639 1438 ‚
672 1348 1024 1418 Thessalos
1050 1401 1069 1437 ‚
1113 1373 1191 1418 ac
1228 1347 1635 1442 reliquarum
1671 1354 1968 1444 gentium
2013 1366 2082 1418 et
2119 1355 2345 1422 civita-

202 1471 333 1526 tum
374 1457 738 1550 adjecerat,
773 1471 971 1550 atque
1006 1481 1193 1542 eum,
1224 1481 1422 1549 quem
1464 1479 1668 1550 sup-ra
1701 1457 2325 1547 demonstravimm¹

204 1589 548 1632 numerum
584 1562 983 1658 expleverat.

298 1673 377 1738 V.
400 1671 748 1740 Frumenti
768 1672 905 1738 vim
929 1672 1289 1738 maximam
1321 1695 1403 1738 ex
1429 1668 1799 1756 Thessalia,
1824 1671 2012 1758 Asia,
2036 1673 2350 1767 AEgyptO‚

201 1779 419 1865 Creta,
452 1779 759 1872 Cyrenis,
786 1775 1184 1870 reliquisque
1212 1777 1594 1870 regionibus
1623 1794 2130 1872 comparaverat
2159 1805 2174 1846 :
2209 1779 2346 1849 hie-

200 1909 369 1952 mare
415 1884 819 1978 Dyrrachii,
845 1881 1276 1977 Apolloniae¹‚
1309 1883 1752 1976 omnibusque
1791 1883 2050 1978 oppidis
2097 1887 2348 1954 mariti—

200 1993 315 2059 mis
349 1992 826 2077 constituerat‚
862 2004 941 2057 ut
981 2014 1166 2057 mare
1213 1991 1544 2058 Caesarem
1589 1991 1869 2058 transire
1910 1992 2345 2085 prohiberet:

196 2101 327 2190 ejus
379 2097 478 2166 rei
532 2121 753 2188 causa·
779 2097 962 2166 omni
1016 2121 1136 2164 ora
1186 2097 1520 2164 maritima
1581 2095 1856 2166 classem
1910 2096 2344 2192 disposuerat.

196 2197 478 2273 Praeerat
522 2204 846 2299 AEgyptiis
891 2203 1175 2272 navibus
1231 2205 1589 2298 Pompeius
1631 2202 1840 2286 filius3
1900 2204 2202 2274 Asiaticis
2261 2209 2346 2275 D.

196 2309 469 2380 Laelius²
508 2325 578 2378 et
630 2312 707 2379 C.
755 2311 1085 2398 Triarius;
1134 2311 1416 2402 Syriacis
1466 2312 1544 2378 C.
1589 2311 1898 2394 Cassius;
1945 2311 2225 2379 Rhodiis
2270 2314 2346 2380 C:

192 2531 403 2585 exhibet
420 2531 571 2583 illam
592 2548 711 2601 quae
728 2549 758 2581 a
774 2529 1083 2581 consulibus
1099 2530 1133 2581 J
1134 2529 1225 2581 ovi

192 2611 518 2663 offerebatur
555 2610 709 2681 quasi
762 2628 971 2661 summo
1024 2609 1227 2661 civium

192 2691 467 2744 servatori.
481 2722 565 2734 --
579 2691 668 2743 Ex
682 2693 829 2742 servis
846 2693 945 2741 suis
951 2700 1229 2759 pastorum-

192 2791 275 2843 que
302 2790 516 2824 suorum.
560 2772 643 2823 Ita
682 2768 841 2823 codd.
870 2788 885 2821 ε
924 2767 1069 2821 unde
1102 2788 1227 2825 vere

193 2851 451 2904 mendum
491 2852 658 2906 latere
688 2850 1025 2921 suspicantur
1057 2848 1225 2903 docti.

196 2931 445 2985 Ciaocon.
476 2931 736 3003 proponit
760 2952 821 2983 ea:
850 2932 995 2983 servis
1020 2932 1229 2999 pastori·

192 3010 364 3084 busque
394 3016 528 3073 ,παῖ-η
559 3011 771 3080 Lipsius
788 3050 803 3078 ‚
824 3010 887 3065 in
910 3010 1129 3065 analect.
1160 3007 1229 3061 ad

193 3090 347 3145 Milit.
366 3095 553 3156 Rom.,
574 3088 698 3143 dial.
716 3108 763 3143 11
780 3128 797 3154 ,
814 3108 875 3141 ex
890 3092 1094 3141 servitiis
1107 3109 1227 3159 pas-

195 3173 467 3245 tor-ibasque
499 3190 693 3225 suorum
726 3165 748 3231 (
770 3189 840 3223 sc.
870 3169 1148 3224 clientium
1176 3181 1229 3221 et

193 3248 519 3313 amicorum)
533 3269 551 3317 3
564 3250 767 3306 acutius
780 3262 941 3314 certe,
952 3248 1045 3305 sed
1054 3266 1230 3301 emen·

193 3331 337 3385 datio
390 3332 549 3404 prior
595 3330 731 3384 mihi
786 3330 1015 3400 genuina
1064 3330 1229 3399 magis

191 3410 513 3465 videtur.--
522 3412 572 3463 T
566 3410 882 3467 amandat-ius
902 3409 1096 3463 Castor.
1110 3408 1231 3463 Hoc

190 3510 391 3545 nomen
420 3492 569 3545 varie
590 3491 786 3561 legitur
812 3489 957 3563 apud
986 3502 1229 3543 auctores

190 3590 389 3641 graecos
424 3584 479 3624 et
506 3571 716 3624 latinos.
745 3569 849 3623 Sed
874 3588 1044 3640 quum
1075 3568 1227 3621 MSS.

190 3653 361 3705 nostri
386 3671 503 3703 non
520 3650 874 3716 varient‚non
894 3646 1231 3705 sollicitanda

190 3746 268 3785 est
282 3733 405 3785 haec
421 3731 599 3789 lectio.
620 3731 723 3783 Hic
738 3743 916 3784 autem
934 3740 1049 3781 erat
1068 3730 1229 3799 Dejo-

192 3814 294 3865 tari
306 3831 495 3885 gener,
518 3823 573 3864 et
586 3830 617 3863 a
626 3811 888 3865 Strabone
902 3848 919 3877 ,
930 3810 969 3863 l.
984 3826 1088 3877 ιιι,
1102 3806 1231 3861 dici-

190 3905 279 3945 tur
315 3892 503 3945 Castor
528 3890 903 3946 Saooondarius.
932 3887 1093 3945 Unde
1118 3889 1231 3942 haec

188 3972 301 4027 duo
330 3973 558 4028 nomina
584 3971 653 4025 ad
682 3988 853 4023 unum
876 3967 1231 4040 eumdemque

190 4054 470 4125 pertinere
496 4064 659 4124 patet.
684 4051 825 4103 Male
852 4050 1013 4120 igitur
1039 4068 1069 4101 a
1098 4068 1231 4103 non·

188 4134 354 4187 nullis
388 4144 653 4189 commate
680 4134 1049 4202 sejunguntur.

1408 2528 1460 2581 5.
1524 2527 1800 2596 Comagena
1855 2528 2117 2582 Aasiocho.
2173 2531 2350 2595 Quem

1315 2608 1608 2678 Pompeius
1627 2621 1877 2661 extremm
1908 2610 2008 2663 sub
2039 2610 2220 2661 Tauro
2247 2610 2346 2683 sy-

1312 2689 1426 2753 riae,
1440 2706 1558 2759 quaa
1573 2687 1877 2758 Comagene
1895 2686 2110 2747 dicitur,
2129 2708 2342 2761 praepo-

1315 2781 1507 2825 suerat.
1527 2768 1700 2821 Cicer.
1715 2766 1782 2821 ad
1795 2766 1994 2823 divers.
2010 2788 2098 2837 xv,
2113 2788 2136 2821 1
2149 2810 2162 2822 .
2176 2770 2344 2824 Gru..

1313 2849 1760 2918 *Hippola-votae.
1781 2848 1909 2900 Post
1929 2848 2068 2903 hanc
2084 2868 2271 2903 vocem
2287 2842 2369 2903 inx

1314 2926 1399 2981 ed.
1416 2929 1612 2982 Vellet.
1633 2926 1866 2993 additur,
1883 2928 1940 2979 id
1951 2940 2049 2990 est,
2069 2933 2344 2999 sagittat-ih

1314 3006 1461 3079 quod
1472 3009 1642 3079 glossa
1656 3008 1998 3078 est‚primum
2013 3011 2242 3081 margini
2257 3010 2346 3063 ad·

1315 3089 1574 3159 scriptum
1587 3106 1603 3152 3
1618 3088 1762 3153 dein,
1776 3097 1838 3140 ut
1854 3089 1973 3141 fieri
1987 3090 2138 3156 solet,
2151 3092 2208 3143 in
2223 3110 2344 3144 ora-

1315 3168 1476 3225 tionis
1500 3180 1811 3221 contextum
1831 3168 2064 3234 illatum;
2083 3172 2345 3235 ἱπποτοξό·

1315 3268 1405 3307 της
1444 3248 1592 3303 enim
1625 3249 1946 3303 vocabulum
1991 3264 2069 3302 est
2111 3269 2344 3320 graecum

1314 3326 1463 3399 quod
1493 3332 1802 3397 sagittarium
1832 3333 2032 3399 equitem
2057 3331 2344 3399 significat,

1315 3420 1479 3479 prout
1504 3409 1668 3463 latine
1688 3406 1928 3463 reddidit
1949 3410 2020 3473 Q.
2044 3410 2216 3474 Curt.,
2234 3411 2272 3463 l.
2289 3430 2342 3476 v,

1315 3506 1361 3542 c.
1394 3495 1447 3551 4.
1466 3489 1548 3541 Eo
1573 3490 1746 3549 mitur
1775 3500 1980 3554 auctor,
2011 3490 2144 3541 Bell.
2175 3489 2341 3541 Afric.

1316 3588 1363 3623 c.
1404 3586 1493 3636 19..
1521 3570 1708 3623 Duris.
1763 3592 1766 3595 ⁴
2269 3612 2276 3617 .
2336 3606 2346 3618 ,

1392 3649 1527 3703 CAP.
1541 3650 1612 3701 V.
1641 3667 1690 3701 1.
1712 3648 2011 3718 Dyrrachii,
2033 3646 2341 3717 Apolloniae,

1314 3740 1405 3781 etc.
1424 3726 1598 3781 codd.
1613 3728 1886 3792 nonnulli,
1899 3739 1952 3779 et
1967 3738 2148 3779 noster
2169 3727 2344 3797 5764,

1316 3809 1644 3877 Dyrrachium
1656 3846 1672 3869 ,
1701 3808 1968 3877 Apollonia
1985 3826 2005 3859 .·
2029 3807 2088 3857 in
2133 3808 2248 3859 aliis
2284 3821 2346 3861 ‚et

1314 3898 1501 3941 nostro
1529 3888 1559 3941 5
1565 3892 1678 3956 768
1691 3924 1708 3952 ,
1729 3887 2030 3956 Dyrmckio,
2049 3886 2344 3957 Apollonia,-

1317 3978 1370 4019 at
1394 3964 1518 4021 vide
1543 3966 1610 4021 ad
1641 3968 1678 4019 l.
1704 3984 1817 4030 vn,
1835 3964 1904 4018 de
1923 3968 1983 4019 B.
2005 3967 2100 4033 G.,
2121 3986 2168 4019 c.
2199 3968 2292 4022 32.

1404 4063 1456 4103 2,
1482 4048 1557 4100 D.
1587 4046 1788 4105 Loelius.
1815 4047 1898 4101 De
1928 4066 1992 4100 eo
2021 4046 2146 4104 vide
2172 4048 2340 4113 infra,

1318 4148 1365 4185 c.
1406 4146 1626 4185 rom—-
1643 4126 1704 4183 C.
1737 4127 1962 4183 Cassius..
1979 4128 2132 4181 Unus
2161 4126 2232 4183 de
2261 4130 2345 4183 in-

1857 4206 1975 4279 13²
