3025 5025
928 494 1520 566 AFRICANOJ
2137 500 2234 585 [μὶ
2253 511 2290 568 r·
2331 556 2340 563 .

210 622 404 735 sai-iani
440 623 503 693 in
540 649 650 695 eos
692 627 1011 721 impetum
1053 629 1387 716 fecissent,
1412 627 1699 698 illorum*
1721 629 1974 722 equites
2009 629 2292 724 refugie-
2335 678 2349 685 -

206 728 376 811 hant:
416 732 657 827 pedites
712 735 979 803 interim
1022 730 1418 805 'resistebant
1441 786 1459 818 ,
1506 734 1668 803 dum
1724 736 1976 829 equites
2019 758 2246 805 rursus
2272 788 2294 825 ,

209 840 369 903 cu'rsu
410 855 718 910 renovato
739 894 758 928 ,
801 840 1137 935 peditibus
1180 844 1314 910 suis
1356 856 1837 911 succurrerent.

286 943 419 1011 XV.
450 947 668 1015 Caesar
684 1000 703 1035 ,
733 972 913 1015 novo
940 972 1183 1041 genere
1208 972 1451 1043 pugnae
1480 946 1737 1036 oblato,
1757 968 1964 1042 quum
1990 947 2292 1016 animad-
2345 994 2354 1003 ·

203 1060 449 1118 verteret
468 1104 487 1139 ,
525 1052 791 1121 ordines
834 1066 1109 1122 suorum
1144 1056 1213 1121 in
1256 1054 1716 1149 procurrendo
1757 1054 2026 1122 turbari·
2056 1046 2086 1140 (
2111 1052 2293 1147 pedi-

204 1164 281 1220 tes
316 1158 521 1245 enim,
558 1158 719 1229 dum
776 1162 1026 1254 equites
1070 1159 1329 1255 longius
1372 1162 1457 1228 ab
1502 1162 1704 1255 signis
1756 1174 2294 1254 persequuntur,

171 1334 175 1347 ¹
204 1254 371 1328 latere
396 1264 657 1335 ‘nudato
675 1292 711 1353 ,·
727 1290 769 1334 a
795 1267 1112 1360 proximis
1136 1266 1449 1336 Numidis
1464 1266 1699 1359 jaculis
1725 1264 2248 1334 vulnerabantur
2277 1290 2296 1351 ;

203 1367 414 1457 equites
436 1385 657 1441 autem
683 1372 977 1442 hostium
996 1370 1215 1467 pilum
1244 1372 1469 1441 militis
1496 1395 1698 1441 cursu
1729 1370 1919 1441 facile
1940 1362 2295 1460 vitabant),

202 1469 365 1541 edicit
386 1500 501 1569 per
524 1477 791 1572 ordines
805 1502 932 1567 ,¹ne
954 1480 1111 1571 quis>
1130 1477 1321 1547 miles
1344 1480 1429 1546 ab
1458 1479 1660 1573 signis
1684 1480 1786 1547 IV
1810 1476 2012 1572 pedes
2037 1476 2296 1571 longius

201 1580 565 1667 procederet.
580 1586 943 1678 'Equitatus
968 1585 1233 1653 interim
1256 1584 1563 1672 Labieni,
1582 1605 1854 1655 suorum
1877 1582 2328 1652 multitudine.

200 1684 449 1757 confisus
466 1743 485 1775 ,
529 1692 809 1761 Caesaris
840 1692 1253 1787 ‘paucitatem
1294 1692 1644 1760 circumire
1667 1704 2006 1759 conatur:
2047 1689 2296 1782 equites

198 1788 402 1861 Julia'ni
439 1799 678 1890 pauci,
708 1796 1129 1867 multitudine
1166 1796 1459 1867 hostium
1495 1796 1772 1880 defessi,
1797 1798 1979 1889 equis
2025 1791 2297 1864 conv'ul-

197 1901 438 1989 neratis·,
468 1901 817 1997 paullatim
858 1903 1093 1973 cedere
1127 1928 1141 1972 ε
1174 1903 1382 1973 hostis
1414 1905 1624 1997 magis
1661 1904 2002 1996 magisque
2033 1902 2296 1971 instare.

196 2001 281 2071 Ita
311 2023 547 2099 puncto
579 2012 899 2105 temporis
927 2010 1235 2079 omnibus
1272 2008 1648 2104 legionariis
1671 2009 1756 2077 ab
1786 2009 2082 2077 hostium
2109 2009 2299 2101 equi-

194 2118 311 2179 tatu
338 2114 833 2204 circumventis,
852 2119 1261 2211 Caesarisque
1292 2119 1501 2212 copiis
1527 2118 1598 2183 in
1621 2116 1853 2185 orbem
1883 2111 2302 2209 compulsis¹,

195 2213 340 2285 intra
380 2222 707 2293 cancellos
750 2238 982 2292 omnes
1025 2224 1309 2316 conjecti
1344 2246 1644 2319 pugnare
1664 2222 2115 2315 cogebantur.

279 2325 465 2397 XV1.·
496 2330 835 2399 Labienus
873 2331 943 2397 in
979 2353 1153 2423 equo
1172 2382 1193 2416 ,
1220 2331 1436 2423 capite
1452 2327 1688 2414 nudo,
1712 2328 1962 2395 versari
1989 2328 2060 2393 in
2089 2326 2306 2419 prima

193 2429 341 2520 acie;
368 2435 555 2505 simul
590 2460 756 2505 suos
780 2435 1136 2505 cohortari
1152 2489 1171 2523 ,
1210 2458 1692 2530 nonnunquam
1714 2430 2122 2528 legionarios
2160 2434 2302 2499 Cae·

192 2538 447 2610 saris-ita
474 2541 855 2639 appellare:
890 2571 926 2607 α
955 2542 1142 2630 Quid
1167 2556 1273 2628 tu,
1299 2542 1550 2636 inquit,
1572 2537 1760 2610 miles
1781 2543 1942 2626 tiro,
1965 2553 2102 2606 tam
2131 2538 2302 2605 fero·

195 2640 355 2714 culus
390 2649 510 2718 es?
544 2651 691 2720 Vos
725 2673 993 2743 quoque
1012 2651 1151 2718 iste
1188 2648 1409 2716 verbis
1432 2646 1824 2716 infatuavit.
1849 2647 2303 2738 .In.1nagnum

190 2839 351 2882 nostro
364 2832 481 2887 cod.
508 2833 538 2887 5
548 2835 683 2905 768.
696 2865 779 2876 -
792 2834 993 2904 Legion.
1006 2834 1195 2886 milites.
1286 2829 1410 2885 dam
1432 2849 1543 2886 esse
1562 2831 1789 2884 formam
1813 2829 2165 2882 orbicularem
2179 2865 2199 2893 ,
2215 2825 2306 2880 sed

191 2904 265 2960 Sic
292 2909 403 2965 eod.
429 2913 665 2967 Davisii:
687 2913 881 2985 reliqui
906 2909 1114 2966 codices
1146 2926 1199 2966 et

192 2984 297 3040 edd.
322 3004 468 3059 vett„
497 2993 706 3065 pedites.
732 2991 835 3045 Sed
866 3004 919 3045 et
946 2993 1115 3044 milites
1146 3005 1199 3045 et

182 3065 349 3134 pedites
386 3084 464 3124 est
496 3072 767 3128 recentius
802 3070 1195 3126 assumendum.

187 3143 255 3198 M.
280 3148 475 3205 Forsan
488 3159 493 3166 '
506 3152 703 3207 melius
718 3167 725 3176 ·
737 3153 1065 3223 reciperetur
1092 3171 1199 3204 vox

182 3225 371 3293 pedites,
386 3232 487 3285 etsi
503 3248 698 3305 parum
719 3231 928 3298 usitata,
945 3250 1114 3303 quum
1132 3229 1200 3284 de

185 3303 473 3377 legionariis
496 3312 673 3383 agitur
687 3329 706 3377 ς
724 3322 786 3364 ut
800 3324 1203 3383 opponerentur

188 3385 376 3454 pedites
398 3392 615 3445 romani
640 3390 889 3446 Numidis
911 3389 1197 3463 peditibus.

260 3467 381 3525 Cn.
398 3471 533 3526 XV.
562 3491 585 3524 1
597 3511 611 3525 .
633 3470 693 3523 In
708 3472 867 3524 orbem
888 3472 1198 3542 conpulsis...

180 3565 403 3618 pugnare.
430 3553 517 3604 Ex
556 3552 706 3604 omni
740 3563 891 3623 parte
926 3569 1165 3624 pugnare
1179 3591 1195 3614 ‚

186 3645 231 3676 se
257 3629 407 3682 bam-e
442 3631 505 3682 de
518 3632 684 3698 finnt,
724 3651 809 3682 sur
844 3631 1119 3702 lesflancs,
1154 3642 1207 3682 et

184 3725 261 3758 sur
278 3711 345 3762 les
368 3712 620 3764 der-rietes.
653 3709 952 3773 Guischard,
974 3711 1197 3764 Me'moir.

185 3788 294 3851 mil.,·
320 3791 428 3845 vol.
457 3809 506 3844 11
523 3829 541 3856 ,
556 3811 613 3862 p.
640 3809 769 3844 ποι.
785 3791 928 3844 Male
952 3787 1201 3842 reddide-

180 3871 705 3932 rantD'Ablancourt,
714 3869 802 3924 W
796 3871 932 3942 ailly,
946 3882 1032 3922 etc.
1044 3867 1204 3922 Haud

181 3949 363 4003 melius
398 3952 589 4020 Tur-pin
613 3951 674 4003 de
699 3951 887 4013 Cri-ssd,
905 3949 999 4021 qui
1027 3962 1204 4002 tamen

180 4024 234 4078 in
264 4029 703 4084 excellentissima
733 4042 859 4082 nota
888 4048 987 4083 nos
1014 4026 1171 4082 docet
1186 4067 1203 4097 ,

178 4124 271 4175 per
301 4109 400 4162 has
430 4128 591 4163 voces
616 4113 667 4163 in
692 4111 849 4163 orbem
885 4117 935 4162 s‘e
968 4113 1170 4180 recipere
1181 4146 1199 4171 ,

179 4187 260 4240 vel
286 4189 513 4262 compelli
528 4227 545 4252 ,
570 4209 679 4244 non
703 4190 932 4245 omnino·
948 4189 1205 4262 aecipien-

1286 2913 1515 2965 formam
1534 2909 1696 2963 modo
1728 2907 1998 2981 quadrati,
2020 2906 2184 2960 modo
2197 2919 2306 2959 tra-

1282 2993 1443 3064 pezii,
1460 2988 1624 3044 modo
1639 2989 2115 3062 parallelogrammi
2129 3029 2144 3055 ‚
2157 2985 2308 3040 dum-

1285 3069 1449 3124 modo
1497 3089 1685 3142 agmen
1733 3081 1834 3125 stet
1879 3069 2177 3141 confertum
2194 3105 2211 3132 ‚
2255 3080 2309 3119 et

1284 3151 1443 3204 facies
1472 3163 1724 3222 utrasque
1734 3167 2014 3203 conversas
2029 3149 2220 3201 habeat
2239 3145 2308 3198 ad

1283 3231 1479 3284 hostes.
1510 3230 1635 3284 Iam
1664 3230 1784 3300 quis
1809 3229 1878 3283 sit
1909 3229 2054 3282 orbis
2081 3228 2306 3300 expliea-

1285 3312 1492 3373 vimus,
1518 3311 1615 3364 lib.
1641 3328 1675 3363 v
1703 3309 1880 3375 B.'G.‚
1896 3327 2012 3380 cap.
2037 3308 2143 3372 333
2163 3319 2217 3360 et
2242 3307 2302 3358 B.

1285 3391 1370 3444 Al.
1398 3410 1445 3444 e.
1476 3398 1568 3454 40.
1584 3421 1666 3434 -
1678 3391 1820 3443 Intra
1837 3389 2072 3441 cancellos
2089 3389 2305 3457 conjecti.
2420 3389 2430 3400 '

1288 3470 1496 3536 Cincti,
1528 3470 1795 3523 inclusi....
1827 3469 1991 3540 Atqui
2030 3468 2134 3520 hoc
2151 3493 2156 3500 ·
2174 3478 2307 3519 tem-

1285 3562 1387 3622 pus
1403 3550 1599 3603 Caesari
1609 3567 1723 3621 per·
1739 3567 1954 3602 omnem
1962 3547 2129 3601 vitam
2141 3564 2310 3597 unum

1288 3629 1530 3682 omnium
1558 3626 2062 3700 periculosissimum
2088 3625 2208 3678 fuit.
2230 3625 2307 3676 M.

1286 3708 1460 3762 Simili
1476 3709 1796 3779 metaphora·
1811 3707 1982 3760 utitur
2003 3705 2191 3761 Cicero
2212 3722 2313 3775 pro

1288 3789 1544 3854 Quinctio
1563 3826 1578 3855 ,
1609 3806 1724 3858 cap.
1761 3805 1858 3852 ¹⁰3
1881 3798 1934 3838 et
1963 3784 2031 3838 de
2052 3785 2231 3849 Orat„
2258 3802 2308 3848 1,

1295 3887 1379 3921 12.
1416 3867 1520 3920 On.
1557 3864 1721 3931 Quod
1759 3864 1978 3937 quidem
2010 3864 2310 3936 periculum

1290 3949 1371 4000 ab·
1400 3946 1615 3999 audacia
1630 3985 1648 4012 ,
1677 3965 1758 3999 ne·
1779 3945 1952 3998 dicam
1986 3943 2202 3998 Caesaris
2231 3954 2310 3995 te-

1288 4027 1532 4080 meritate
1545 4065 1562 4097 ,
1584 4044 1831 4098 qua-cum
1855 4025 2039 4097 paucis
2077 4022 2312 4076 millibus

1290 4107 1582 4163 exercitum
1601 4107 1865 4178 sexaginta
1881 4105 2012 4158 min.
2035 4103 2317 4160 hominum

1291 4207 1561 4262 aggressus
1593 4199 1686 4240 est.
