<?xml version="1.0" encoding="UTF-8"?>
<!DOCTYPE html PUBLIC "-//W3C//DTD XHTML 1.0 Transitional//EN"
    "http://www.w3.org/TR/xhtml1/DTD/xhtml1-transitional.dtd">
<html xmlns="http://www.w3.org/1999/xhtml" xml:lang="en" lang="en">
 <head>
  <title>
</title>
<meta http-equiv="Content-Type" content="text/html;charset=utf-8" />
  <meta name='ocr-system' content='tesseract 3.04.00' />
  <meta name='ocr-capabilities' content='ocr_page ocr_carea ocr_par ocr_line ocrx_word'/>
</head>
<body>
  <div class='ocr_page' id='page_1' title='image "./caiusjuliuscsar00plutgoog_0156.png"; bbox 0 0 3025 5025; ppageno 0'>
   <div class='ocr_carea' id='block_1_1' title="bbox 555 435 2383 524">
    <p class='ocr_par' dir='ltr' id='par_1_1' title="bbox 555 435 2383 524">
     <span class='ocr_line' id='line_1_1' title="bbox 555 435 2383 524; baseline -0.001 -17"><span class='ocrx_word' id='word_1_1' title='bbox 555 439 688 507; x_wconf 87' lang='lat' dir='ltr'>DE</span> <span class='ocrx_word' id='word_1_2' title='bbox 742 435 1090 507; x_wconf 86' lang='lat' dir='ltr'><strong>BELLO</strong></span> <span class='ocrx_word' id='word_1_3' title='bbox 1145 437 1513 508; x_wconf 78' lang='lat' dir='ltr'>clv1L1.</span> <span class='ocrx_word' id='word_1_4' title='bbox 1571 437 1763 506; x_wconf 86' lang='lat' dir='ltr'>LIB.</span> <span class='ocrx_word' id='word_1_5' title='bbox 1819 438 1921 506; x_wconf 91' lang='lat'>11.</span> <span class='ocrx_word' id='word_1_6' title='bbox 2248 442 2383 524; x_wconf 70' lang='lat'>141</span> 
     </span>
    </p>
   </div>
   <div class='ocr_carea' id='block_1_2' title="bbox 265 569 2399 1942">
    <p class='ocr_par' dir='ltr' id='par_1_2' title="bbox 265 569 2399 1942">
     <span class='ocr_line' id='line_1_2' title="bbox 282 569 2393 664; baseline 0.002 -28"><span class='ocrx_word' id='word_1_7' title='bbox 282 569 486 638; x_wconf 87' lang='lat' dir='ltr'>nostris</span> <span class='ocrx_word' id='word_1_8' title='bbox 526 569 994 664; x_wconf 82' lang='lat' dir='ltr'><strong>languentibus</strong></span> <span class='ocrx_word' id='word_1_9' title='bbox 1031 584 1230 664; x_wconf 88' lang='lat' dir='ltr'>atque</span> <span class='ocrx_word' id='word_1_10' title='bbox 1274 570 1496 637; x_wconf 88' lang='lat' dir='ltr'>animo</span> <span class='ocrx_word' id='word_1_11' title='bbox 1540 571 1833 640; x_wconf 85' lang='lat' dir='ltr'>remissis</span> <span class='ocrx_word' id='word_1_12' title='bbox 1852 624 1873 657; x_wconf 87' lang='lat'>,</span> <span class='ocrx_word' id='word_1_13' title='bbox 1906 569 2126 639; x_wconf 91' lang='lat' dir='ltr'>subito</span> <span class='ocrx_word' id='word_1_14' title='bbox 2150 622 2169 657; x_wconf 91' lang='lat'>,</span> <span class='ocrx_word' id='word_1_15' title='bbox 2197 572 2393 641; x_wconf 89' lang='lat' dir='ltr'>meri·</span> 
     </span>
     <span class='ocr_line' id='line_1_3' title="bbox 279 674 2391 771; baseline 0.002 -29"><span class='ocrx_word' id='word_1_16' title='bbox 279 674 443 744; x_wconf 86' lang='lat' dir='ltr'>diano</span> <span class='ocrx_word' id='word_1_17' title='bbox 478 689 814 771; x_wconf 90' lang='lat' dir='ltr'>tempore,</span> <span class='ocrx_word' id='word_1_18' title='bbox 857 701 1066 770; x_wconf 91' lang='lat' dir='ltr'>quum</span> <span class='ocrx_word' id='word_1_19' title='bbox 1107 674 1272 744; x_wconf 85' lang='lat' dir='ltr'>alius</span> <span class='ocrx_word' id='word_1_20' title='bbox 1317 674 1759 760; x_wconf 84' lang='lat' dir='ltr'>discessisset,</span> <span class='ocrx_word' id='word_1_21' title='bbox 1806 675 1971 744; x_wconf 90' lang='lat' dir='ltr'>alius</span> <span class='ocrx_word' id='word_1_22' title='bbox 2010 701 2093 744; x_wconf 84' lang='lat' dir='ltr'>ex</span> <span class='ocrx_word' id='word_1_23' title='bbox 2134 676 2391 746; x_wconf 88' lang='lat' dir='ltr'>diutino</span> 
     </span>
     <span class='ocr_line' id='line_1_4' title="bbox 277 779 2392 878; baseline 0.001 -29"><span class='ocrx_word' id='word_1_24' title='bbox 277 779 509 850; x_wconf 85' lang='lat' dir='ltr'>labore</span> <span class='ocrx_word' id='word_1_25' title='bbox 491 809 556 850; x_wconf 89' lang='lat' dir='ltr'>m</span> <span class='ocrx_word' id='word_1_26' title='bbox 585 785 742 878; x_wconf 89' lang='lat' dir='ltr'>ipsis</span> <span class='ocrx_word' id='word_1_27' title='bbox 778 783 1093 878; x_wconf 83' lang='lat' dir='ltr'>operibus</span> <span class='ocrx_word' id='word_1_28' title='bbox 1131 783 1336 876; x_wconf 82' lang='lat' dir='ltr'>quieti</span> <span class='ocrx_word' id='word_1_29' title='bbox 1376 807 1445 850; x_wconf 92' lang='lat' dir='ltr'>se</span> <span class='ocrx_word' id='word_1_30' title='bbox 1479 781 1801 871; x_wconf 87' lang='lat' dir='ltr'>dedisset,</span> <span class='ocrx_word' id='word_1_31' title='bbox 1828 805 2015 850; x_wconf 85' lang='lat' dir='ltr'>arma</span> <span class='ocrx_word' id='word_1_32' title='bbox 2050 807 2213 850; x_wconf 84' lang='lat' dir='ltr'>vero</span> <span class='ocrx_word' id='word_1_33' title='bbox 2248 807 2392 851; x_wconf 89' lang='lat' dir='ltr'>om·-</span> 
     </span>
     <span class='ocr_line' id='line_1_5' title="bbox 275 876 2397 983; baseline 0.001 -28"><span class='ocrx_word' id='word_1_34' title='bbox 275 890 359 956; x_wconf 84' lang='lat' dir='ltr'>m&#39;a</span> <span class='ocrx_word' id='word_1_35' title='bbox 379 890 655 983; x_wconf 89' lang='lat' dir='ltr'>reposita</span> <span class='ocrx_word' id='word_1_36' title='bbox 680 886 1143 983; x_wconf 81' lang='lat' dir='ltr'>contectaque²</span> <span class='ocrx_word' id='word_1_37' title='bbox 1166 903 1418 978; x_wconf 84' lang='lat' dir='ltr'>essent,</span> <span class='ocrx_word' id='word_1_38' title='bbox 1436 891 1648 983; x_wconf 88' lang='lat' dir='ltr'>portis</span> <span class='ocrx_word' id='word_1_39' title='bbox 1677 915 1747 959; x_wconf 92' lang='lat' dir='ltr'>se</span> <span class='ocrx_word' id='word_1_40' title='bbox 1770 889 1947 958; x_wconf 87' lang='lat' dir='ltr'>foras</span> <span class='ocrx_word' id='word_1_41' title='bbox 1976 876 2397 983; x_wconf 79' lang='lat' dir='ltr'>erumpunt³,</span> 
     </span>
     <span class='ocr_line' id='line_1_6' title="bbox 275 995 2391 1091; baseline 0.001 -29"><span class='ocrx_word' id='word_1_42' title='bbox 275 995 530 1064; x_wconf 88' lang='lat' dir='ltr'>secundo</span> <span class='ocrx_word' id='word_1_43' title='bbox 561 1020 941 1091; x_wconf 85' lang='lat' dir='ltr'>magnoque</span> <span class='ocrx_word' id='word_1_44' title='bbox 977 1009 1181 1065; x_wconf 86' lang='lat' dir='ltr'>vento</span> <span class='ocrx_word' id='word_1_45' title='bbox 1223 996 1448 1089; x_wconf 87' lang='lat' dir='ltr'>ignem</span> <span class='ocrx_word' id='word_1_46' title='bbox 1489 997 1801 1091; x_wconf 88' lang='lat' dir='ltr'>operibus</span> <span class='ocrx_word' id='word_1_47' title='bbox 1838 996 2151 1064; x_wconf 88' lang='lat' dir='ltr'>inferunt.</span> <span class='ocrx_word' id='word_1_48' title='bbox 2191 999 2391 1065; x_wconf 88' lang='lat' dir='ltr'>Hunc</span> 
     </span>
     <span class='ocr_line' id='line_1_7' title="bbox 275 1100 2395 1239; baseline 0.001 -71"><span class='ocrx_word' id='word_1_49' title='bbox 275 1102 349 1170; x_wconf 88' lang='lat' dir='ltr'>sic</span> <span class='ocrx_word' id='word_1_50' title='bbox 367 1101 606 1171; x_wconf 85' lang='lat' dir='ltr'>distulit</span> <span class='ocrx_word' id='word_1_51' title='bbox 635 1118 910 1191; x_wconf 77' lang='lat' dir='ltr'>ventuS,</span> <span class='ocrx_word' id='word_1_52' title='bbox 938 1105 1038 1172; x_wconf 93' lang='lat' dir='ltr'>uti</span> <span class='ocrx_word' id='word_1_53' title='bbox 1066 1127 1204 1170; x_wconf 89' lang='lat' dir='ltr'>uno</span> <span class='ocrx_word' id='word_1_54' title='bbox 1231 1115 1537 1197; x_wconf 88' lang='lat' dir='ltr'>tempore</span> <span class='ocrx_word' id='word_1_55' title='bbox 1569 1127 1806 1239; x_wconf 80' lang='lat' dir='ltr'>agger,</span> <span class='ocrx_word' id='word_1_56' title='bbox 1828 1100 2068 1197; x_wconf 88' lang='lat' dir='ltr'>plutei,</span> <span class='ocrx_word' id='word_1_57' title='bbox 2096 1102 2395 1191; x_wconf 88' lang='lat' dir='ltr'>testud0,</span> 
     </span>
     <span class='ocr_line' id='line_1_8' title="bbox 273 1195 2392 1304; baseline 0.002 -30"><span class='ocrx_word' id='word_1_58' title='bbox 273 1210 484 1296; x_wconf 87' lang='lat' dir='ltr'>turris,</span> <span class='ocrx_word' id='word_1_59' title='bbox 541 1223 877 1278; x_wconf 86' lang='lat' dir='ltr'>tormenta</span> <span class='ocrx_word' id='word_1_60' title='bbox 937 1209 1277 1278; x_wconf 85' lang='lat' dir='ltr'>flammam</span> <span class='ocrx_word' id='word_1_61' title='bbox 1330 1195 1806 1304; x_wconf 76' lang='lat' dir='ltr'>conciperent⁴</span> <span class='ocrx_word' id='word_1_62' title='bbox 1811 1261 1830 1295; x_wconf 84' lang='lat'>‚</span> <span class='ocrx_word' id='word_1_63' title='bbox 1888 1223 1956 1277; x_wconf 91' lang='lat' dir='ltr'>et</span> <span class='ocrx_word' id='word_1_64' title='bbox 2016 1209 2199 1303; x_wconf 89' lang='lat' dir='ltr'>prius</span> <span class='ocrx_word' id='word_1_65' title='bbox 2248 1208 2392 1278; x_wconf 84' lang='lat' dir='ltr'>haec</span> 
     </span>
     <span class='ocr_line' id='line_1_9' title="bbox 273 1312 2397 1410; baseline 0.001 -30"><span class='ocrx_word' id='word_1_66' title='bbox 273 1317 462 1382; x_wconf 84' lang='lat' dir='ltr'>omnia</span> <span class='ocrx_word' id='word_1_67' title='bbox 499 1330 1094 1402; x_wconf 85' lang='lat' dir='ltr'>consumerentur,</span> <span class='ocrx_word' id='word_1_68' title='bbox 1127 1339 1375 1409; x_wconf 88' lang='lat' dir='ltr'>quam,</span> <span class='ocrx_word' id='word_1_69' title='bbox 1408 1316 1976 1410; x_wconf 82' lang='lat' dir='ltr'>quemadmodum</span> <span class='ocrx_word' id='word_1_70' title='bbox 2022 1312 2397 1402; x_wconf 87' lang='lat' dir='ltr'>accidisset,</span> 
     </span>
     <span class='ocr_line' id='line_1_10' title="bbox 271 1421 2397 1518; baseline 0.001 -32"><span class='ocrx_word' id='word_1_71' title='bbox 271 1421 673 1490; x_wconf 87' lang='lat' dir='ltr'>animadverti</span> <span class='ocrx_word' id='word_1_72' title='bbox 722 1436 965 1517; x_wconf 88' lang='lat' dir='ltr'>posset.</span> <span class='ocrx_word' id='word_1_73' title='bbox 1015 1423 1290 1509; x_wconf 90' lang='lat' dir='ltr'>Nostri,</span> <span class='ocrx_word' id='word_1_74' title='bbox 1343 1424 1694 1518; x_wconf 87' lang='lat' dir='ltr'>repentina</span> <span class='ocrx_word' id='word_1_75' title='bbox 1745 1421 2015 1490; x_wconf 87' lang='lat' dir='ltr'>fortuna</span> <span class='ocrx_word' id='word_1_76' title='bbox 2071 1423 2397 1517; x_wconf 82' lang='lat' dir='ltr'>permoti,</span> 
     </span>
     <span class='ocr_line' id='line_1_11' title="bbox 269 1527 2395 1625; baseline 0 -32"><span class='ocrx_word' id='word_1_77' title='bbox 269 1549 426 1595; x_wconf 87' lang='lat' dir='ltr'>arma</span> <span class='ocrx_word' id='word_1_78' title='bbox 446 1582 465 1616; x_wconf 98' lang='lat'>,</span> <span class='ocrx_word' id='word_1_79' title='bbox 503 1553 652 1622; x_wconf 86' lang='lat' dir='ltr'>quae</span> <span class='ocrx_word' id='word_1_80' title='bbox 696 1543 1014 1623; x_wconf 88' lang='lat' dir='ltr'>possunt,</span> <span class='ocrx_word' id='word_1_81' title='bbox 1037 1530 1390 1625; x_wconf 85' lang='lat' dir='ltr'>arripiunt</span> <span class='ocrx_word' id='word_1_82' title='bbox 1435 1555 1450 1596; x_wconf 74' lang='grc' dir='ltr'><strong><em>ε</em></strong></span> <span class='ocrx_word' id='word_1_83' title='bbox 1499 1528 1609 1597; x_wconf 87' lang='lat' dir='ltr'>alii</span> <span class='ocrx_word' id='word_1_84' title='bbox 1654 1554 1737 1597; x_wconf 86' lang='lat' dir='ltr'>ex</span> <span class='ocrx_word' id='word_1_85' title='bbox 1778 1529 2009 1597; x_wconf 86' lang='lat' dir='ltr'>castris</span> <span class='ocrx_word' id='word_1_86' title='bbox 2049 1552 2189 1596; x_wconf 91' lang='lat' dir='ltr'>sese</span> <span class='ocrx_word' id='word_1_87' title='bbox 2222 1527 2395 1608; x_wconf 86' lang='lat' dir='ltr'>inci-</span> 
     </span>
     <span class='ocr_line' id='line_1_12' title="bbox 267 1632 2399 1729; baseline 0.001 -29"><span class='ocrx_word' id='word_1_88' title='bbox 267 1646 392 1701; x_wconf 80' lang='lat' dir='ltr'>tant</span> <span class='ocrx_word' id='word_1_89' title='bbox 423 1661 438 1702; x_wconf 92' lang='lat'>:</span> <span class='ocrx_word' id='word_1_90' title='bbox 473 1632 551 1702; x_wconf 89' lang='lat' dir='ltr'>fit</span> <span class='ocrx_word' id='word_1_91' title='bbox 591 1636 660 1702; x_wconf 91' lang='lat' dir='ltr'>in</span> <span class='ocrx_word' id='word_1_92' title='bbox 704 1636 932 1705; x_wconf 85' lang='lat' dir='ltr'>hostes</span> <span class='ocrx_word' id='word_1_93' title='bbox 970 1636 1295 1729; x_wconf 90' lang='lat' dir='ltr'>impetus;</span> <span class='ocrx_word' id='word_1_94' title='bbox 1333 1633 1450 1704; x_wconf 90' lang='lat' dir='ltr'>sed</span> <span class='ocrx_word' id='word_1_95' title='bbox 1479 1659 1677 1704; x_wconf 89' lang='lat' dir='ltr'>muro</span> <span class='ocrx_word' id='word_1_96' title='bbox 1722 1637 1975 1729; x_wconf 83' lang='lat' dir='ltr'>sagittis</span> <span class='ocrx_word' id='word_1_97' title='bbox 2019 1635 2399 1702; x_wconf 88' lang='lat' dir='ltr'>tormentis-</span> 
     </span>
     <span class='ocr_line' id='line_1_13' title="bbox 265 1740 2399 1838; baseline 0 -31"><span class='ocrx_word' id='word_1_98' title='bbox 265 1763 376 1831; x_wconf 87' lang='lat' dir='ltr'>que</span> <span class='ocrx_word' id='word_1_99' title='bbox 395 1791 412 1823; x_wconf 89' lang='lat'>,</span> <span class='ocrx_word' id='word_1_100' title='bbox 461 1741 788 1834; x_wconf 83' lang='lat' dir='ltr'>fugientes</span> <span class='ocrx_word' id='word_1_101' title='bbox 841 1744 1199 1836; x_wconf 85' lang='lat' dir='ltr'>persequi,</span> <span class='ocrx_word' id='word_1_102' title='bbox 1260 1742 1723 1838; x_wconf 86' lang='lat' dir='ltr'>prohibentur.</span> <span class='ocrx_word' id='word_1_103' title='bbox 1792 1740 1899 1809; x_wconf 92' lang='lat' dir='ltr'>Illi</span> <span class='ocrx_word' id='word_1_104' title='bbox 1952 1742 2076 1810; x_wconf 92' lang='lat' dir='ltr'>sub</span> <span class='ocrx_word' id='word_1_105' title='bbox 2130 1765 2399 1808; x_wconf 89' lang='lat' dir='ltr'>murum</span> 
     </span>
     <span class='ocr_line' id='line_1_14' title="bbox 267 1845 2397 1942; baseline 0.001 -30"><span class='ocrx_word' id='word_1_106' title='bbox 267 1869 324 1913; x_wconf 84' lang='lat' dir='ltr'>se</span> <span class='ocrx_word' id='word_1_107' title='bbox 355 1849 706 1941; x_wconf 91' lang='lat' dir='ltr'>recipiunt,</span> <span class='ocrx_word' id='word_1_108' title='bbox 735 1849 956 1942; x_wconf 82' lang='lat' dir='ltr'>ibique</span> <span class='ocrx_word' id='word_1_109' title='bbox 984 1846 1366 1918; x_wconf 88' lang='lat' dir='ltr'>musculum</span> <span class='ocrx_word' id='word_1_110' title='bbox 1394 1850 1769 1942; x_wconf 86' lang='lat' dir='ltr'>turrimque</span> <span class='ocrx_word' id='word_1_111' title='bbox 1800 1847 2155 1916; x_wconf 79' lang='lat' dir='ltr'>lateritiam.</span> <span class='ocrx_word' id='word_1_112' title='bbox 2194 1845 2397 1914; x_wconf 88' lang='lat' dir='ltr'>libere</span> 
     </span>
    </p>
   </div>
   <div class='ocr_carea' id='block_1_3' title="bbox 240 2030 1292 4177">
    <p class='ocr_par' dir='ltr' id='par_1_3' title="bbox 261 2030 1276 2342">
     <span class='ocr_line' id='line_1_15' title="bbox 263 2030 1270 2104; baseline 0.002 -22"><span class='ocrx_word' id='word_1_113' title='bbox 263 2030 422 2084; x_wconf 76' lang='lat' dir='ltr'>diebus.</span> <span class='ocrx_word' id='word_1_114' title='bbox 455 2030 616 2085; x_wconf 87' lang='lat' dir='ltr'>Unde</span> <span class='ocrx_word' id='word_1_115' title='bbox 653 2035 841 2104; x_wconf 86' lang='lat' dir='ltr'>Veget.</span> <span class='ocrx_word' id='word_1_116' title='bbox 878 2032 916 2086; x_wconf 93' lang='lat' dir='ltr'>l.</span> <span class='ocrx_word' id='word_1_117' title='bbox 946 2033 1058 2097; x_wconf 87' lang='lat' dir='ltr'>IV,</span> <span class='ocrx_word' id='word_1_118' title='bbox 1082 2051 1128 2084; x_wconf 93' lang='lat' dir='ltr'>c.</span> <span class='ocrx_word' id='word_1_119' title='bbox 1159 2034 1230 2086; x_wconf 78' lang='lat'>28</span> <span class='ocrx_word' id='word_1_120' title='bbox 1257 2049 1270 2084; x_wconf 92' lang='lat'><strong>:</strong></span> 
     </span>
     <span class='ocr_line' id='line_1_16' title="bbox 266 2111 1275 2183; baseline -0.001 -20"><span class='ocrx_word' id='word_1_121' title='bbox 266 2111 409 2179; x_wconf 81' lang='lat' dir='ltr'>Quum</span> <span class='ocrx_word' id='word_1_122' title='bbox 425 2115 718 2183; x_wconf 76' lang='lat' dir='ltr'>negligentia</span> <span class='ocrx_word' id='word_1_123' title='bbox 735 2116 1058 2170; x_wconf 69' lang='lat' dir='ltr'>intervenerit,</span> <span class='ocrx_word' id='word_1_124' title='bbox 1074 2112 1275 2182; x_wconf 84' lang='lat' dir='ltr'>paribus</span> 
     </span>
     <span class='ocr_line' id='line_1_17' title="bbox 262 2192 1276 2263; baseline 0.002 -23"><span class='ocrx_word' id='word_1_125' title='bbox 262 2192 426 2244; x_wconf 79' lang='lat' dir='ltr'>insidiis</span> <span class='ocrx_word' id='word_1_126' title='bbox 445 2194 696 2263; x_wconf 84' lang='lat' dir='ltr'>subjacent</span> <span class='ocrx_word' id='word_1_127' title='bbox 713 2193 979 2244; x_wconf 79' lang='lat' dir='ltr'>obsidentes</span> <span class='ocrx_word' id='word_1_128' title='bbox 993 2213 1013 2254; x_wconf 79' lang='lat'>,-</span> <span class='ocrx_word' id='word_1_129' title='bbox 1040 2211 1153 2244; x_wconf 86' lang='lat' dir='ltr'>nam</span> <span class='ocrx_word' id='word_1_130' title='bbox 1178 2195 1276 2244; x_wconf 76' lang='lat' dir='ltr'>sive</span> 
     </span>
     <span class='ocr_line' id='line_1_18' title="bbox 261 2271 819 2342; baseline 0.007 -22"><span class='ocrx_word' id='word_1_131' title='bbox 261 2271 370 2333; x_wconf 75' lang='lat' dir='ltr'>cibo,</span> <span class='ocrx_word' id='word_1_132' title='bbox 395 2276 489 2323; x_wconf 76' lang='lat' dir='ltr'>sive</span> <span class='ocrx_word' id='word_1_133' title='bbox 516 2291 704 2335; x_wconf 84' lang='lat' dir='ltr'>somno,</span> <span class='ocrx_word' id='word_1_134' title='bbox 729 2284 819 2342; x_wconf 76' lang='lat' dir='ltr'>etc.</span> 
     </span>
    </p>

    <p class='ocr_par' dir='ltr' id='par_1_4' title="bbox 240 2352 1292 4100">
     <span class='ocr_line' id='line_1_19' title="bbox 333 2352 1272 2422; baseline -0.001 -20"><span class='ocrx_word' id='word_1_135' title='bbox 333 2371 379 2404; x_wconf 63' lang='grc' dir='ltr'><strong>α.</strong></span> <span class='ocrx_word' id='word_1_136' title='bbox 401 2352 565 2405; x_wconf 85' lang='lat' dir='ltr'>Arma</span> <span class='ocrx_word' id='word_1_137' title='bbox 589 2372 707 2403; x_wconf 82' lang='lat' dir='ltr'>vero</span> <span class='ocrx_word' id='word_1_138' title='bbox 728 2356 890 2403; x_wconf 87' lang='lat' dir='ltr'>omnia</span> <span class='ocrx_word' id='word_1_139' title='bbox 920 2355 1126 2422; x_wconf 85' lang='lat' dir='ltr'>reposita</span> <span class='ocrx_word' id='word_1_140' title='bbox 1157 2369 1272 2402; x_wconf 83' lang='lat' dir='ltr'>eon-</span> 
     </span>
     <span class='ocr_line' id='line_1_20' title="bbox 260 2433 1276 2502; baseline 0 -23"><span class='ocrx_word' id='word_1_141' title='bbox 260 2441 468 2502; x_wconf 82' lang='lat' dir='ltr'>tectaque.</span> <span class='ocrx_word' id='word_1_142' title='bbox 489 2434 556 2484; x_wconf 90' lang='lat' dir='ltr'>In</span> <span class='ocrx_word' id='word_1_143' title='bbox 581 2433 697 2484; x_wconf 80' lang='lat' dir='ltr'>Pal.</span> <span class='ocrx_word' id='word_1_144' title='bbox 715 2444 768 2483; x_wconf 87' lang='lat' dir='ltr'>et</span> <span class='ocrx_word' id='word_1_145' title='bbox 790 2433 1036 2501; x_wconf 77' lang='lat' dir='ltr'>Bongars.</span> <span class='ocrx_word' id='word_1_146' title='bbox 1059 2442 1140 2484; x_wconf 86' lang='lat' dir='ltr'>est</span> <span class='ocrx_word' id='word_1_147' title='bbox 1161 2449 1276 2480; x_wconf 84' lang='lat' dir='ltr'>con-</span> 
     </span>
     <span class='ocr_line' id='line_1_21' title="bbox 248 2507 1276 2583; baseline 0.002 -22"><span class='ocrx_word' id='word_1_148' title='bbox 248 2513 475 2583; x_wconf 76' lang='lat' dir='ltr'>jectaque,</span> <span class='ocrx_word' id='word_1_149' title='bbox 495 2509 592 2565; x_wconf 83' lang='lat' dir='ltr'>sed</span> <span class='ocrx_word' id='word_1_150' title='bbox 603 2514 758 2564; x_wconf 86' lang='lat' dir='ltr'>male.</span> <span class='ocrx_word' id='word_1_151' title='bbox 772 2507 796 2574; x_wconf 98' lang='lat'>(</span> <span class='ocrx_word' id='word_1_152' title='bbox 806 2511 1134 2573; x_wconf 85' lang='lat' dir='ltr'>Editt.Rom.,</span> <span class='ocrx_word' id='word_1_153' title='bbox 1151 2512 1210 2563; x_wconf 87' lang='lat' dir='ltr'><em>V</em></span> <span class='ocrx_word' id='word_1_154' title='bbox 1201 2530 1276 2563; x_wconf 86' lang='lat' dir='ltr'>en.</span> 
     </span>
     <span class='ocr_line' id='line_1_22' title="bbox 255 2590 1284 2663; baseline 0 -21"><span class='ocrx_word' id='word_1_155' title='bbox 255 2590 469 2647; x_wconf 78' lang='lat' dir='ltr'>Beroald.</span> <span class='ocrx_word' id='word_1_156' title='bbox 513 2604 770 2663; x_wconf 86' lang='lat' dir='ltr'>corrupte</span> <span class='ocrx_word' id='word_1_157' title='bbox 799 2593 960 2643; x_wconf 83' lang='lat' dir='ltr'>etiam</span> <span class='ocrx_word' id='word_1_158' title='bbox 993 2608 1284 2662; x_wconf 76' lang='lat' dir='ltr'>repraesen-</span> 
     </span>
     <span class='ocr_line' id='line_1_23' title="bbox 255 2668 1280 2744; baseline 0 -23"><span class='ocrx_word' id='word_1_159' title='bbox 255 2682 354 2724; x_wconf 82' lang='lat' dir='ltr'>tant</span> <span class='ocrx_word' id='word_1_160' title='bbox 387 2683 754 2744; x_wconf 82' lang='lat' dir='ltr'>contemptaque</span> <span class='ocrx_word' id='word_1_161' title='bbox 780 2668 801 2735; x_wconf 95' lang='lat'>)</span> <span class='ocrx_word' id='word_1_162' title='bbox 831 2692 850 2724; x_wconf 93' lang='lat'>.·</span> <span class='ocrx_word' id='word_1_163' title='bbox 883 2690 1008 2724; x_wconf 83' lang='lat' dir='ltr'>nam</span> <span class='ocrx_word' id='word_1_164' title='bbox 1046 2670 1280 2722; x_wconf 86' lang='lat' dir='ltr'>militum</span> 
     </span>
     <span class='ocr_line' id='line_1_24' title="bbox 253 2749 1274 2823; baseline 0 -22"><span class='ocrx_word' id='word_1_165' title='bbox 253 2768 381 2804; x_wconf 78' lang='lat' dir='ltr'>arma</span> <span class='ocrx_word' id='word_1_166' title='bbox 397 2790 413 2818; x_wconf 91' lang='lat'>,</span> <span class='ocrx_word' id='word_1_167' title='bbox 439 2754 484 2805; x_wconf 83' lang='lat' dir='ltr'>si</span> <span class='ocrx_word' id='word_1_168' title='bbox 523 2749 744 2823; x_wconf 84' lang='lat' dir='ltr'>quando</span> <span class='ocrx_word' id='word_1_169' title='bbox 787 2752 961 2803; x_wconf 86' lang='lat' dir='ltr'>otium</span> <span class='ocrx_word' id='word_1_170' title='bbox 999 2762 1134 2803; x_wconf 78' lang='lat' dir='ltr'>esset</span> <span class='ocrx_word' id='word_1_171' title='bbox 1148 2786 1164 2814; x_wconf 91' lang='lat'>,</span> <span class='ocrx_word' id='word_1_172' title='bbox 1191 2768 1274 2801; x_wconf 89' lang='lat' dir='ltr'>re-</span> 
     </span>
     <span class='ocr_line' id='line_1_25' title="bbox 253 2829 1281 2902; baseline -0.002 -20"><span class='ocrx_word' id='word_1_173' title='bbox 253 2832 367 2899; x_wconf 86' lang='lat' dir='ltr'>poni</span> <span class='ocrx_word' id='word_1_174' title='bbox 389 2844 442 2885; x_wconf 86' lang='lat' dir='ltr'>et</span> <span class='ocrx_word' id='word_1_175' title='bbox 465 2832 680 2902; x_wconf 68' lang='lat' dir='ltr'>contegi</span> <span class='ocrx_word' id='word_1_176' title='bbox 711 2832 864 2883; x_wconf 85' lang='lat' dir='ltr'>solita</span> <span class='ocrx_word' id='word_1_177' title='bbox 889 2829 1142 2883; x_wconf 83' lang='lat' dir='ltr'>adversus</span> <span class='ocrx_word' id='word_1_178' title='bbox 1162 2829 1281 2899; x_wconf 89' lang='lat' dir='ltr'>pul-</span> 
     </span>
     <span class='ocr_line' id='line_1_26' title="bbox 251 2909 1276 2981; baseline 0 -20"><span class='ocrx_word' id='word_1_179' title='bbox 251 2927 442 2977; x_wconf 82' lang='lat' dir='ltr'>verem,</span> <span class='ocrx_word' id='word_1_180' title='bbox 481 2913 682 2965; x_wconf 76' lang='lat' dir='ltr'>imbres</span> <span class='ocrx_word' id='word_1_181' title='bbox 701 2948 718 2975; x_wconf 89' lang='lat'>,</span> <span class='ocrx_word' id='word_1_182' title='bbox 759 2911 964 2981; x_wconf 78' lang='lat' dir='ltr'>aliaque</span> <span class='ocrx_word' id='word_1_183' title='bbox 999 2909 1058 2961; x_wconf 90' lang='lat' dir='ltr'>id</span> <span class='ocrx_word' id='word_1_184' title='bbox 1093 2927 1276 2980; x_wconf 82' lang='lat' dir='ltr'>genus.</span> 
     </span>
     <span class='ocr_line' id='line_1_27' title="bbox 251 2988 1275 3061; baseline -0.001 -21"><span class='ocrx_word' id='word_1_185' title='bbox 251 2988 354 3043; x_wconf 87' lang='lat' dir='ltr'>Imo</span> <span class='ocrx_word' id='word_1_186' title='bbox 377 2992 437 3045; x_wconf 86' lang='lat' dir='ltr'>in</span> <span class='ocrx_word' id='word_1_187' title='bbox 460 2992 656 3044; x_wconf 86' lang='lat' dir='ltr'>Tacito</span> <span class='ocrx_word' id='word_1_188' title='bbox 684 2991 824 3061; x_wconf 83' lang='lat' dir='ltr'>legas</span> <span class='ocrx_word' id='word_1_189' title='bbox 847 3009 870 3042; x_wconf 92' lang='lat'>1</span> <span class='ocrx_word' id='word_1_190' title='bbox 895 2990 1031 3042; x_wconf 85' lang='lat' dir='ltr'>Hist.</span> <span class='ocrx_word' id='word_1_191' title='bbox 1048 3027 1065 3052; x_wconf 91' lang='lat'>,</span> <span class='ocrx_word' id='word_1_192' title='bbox 1095 3007 1143 3046; x_wconf 67' lang='lat' dir='ltr'>c.</span> <span class='ocrx_word' id='word_1_193' title='bbox 1171 2988 1275 3041; x_wconf 86' lang='lat'>38:</span> 
     </span>
     <span class='ocr_line' id='line_1_28' title="bbox 251 3070 1274 3141; baseline -0.003 -20"><span class='ocrx_word' id='word_1_194' title='bbox 251 3071 448 3141; x_wconf 71' lang='lat' dir='ltr'>Aperit-e</span> <span class='ocrx_word' id='word_1_195' title='bbox 469 3071 648 3123; x_wconf 77' lang='lat' dir='ltr'>deinde</span> <span class='ocrx_word' id='word_1_196' title='bbox 671 3074 1087 3122; x_wconf 75' lang='lat' dir='ltr'>armamentarium</span> <span class='ocrx_word' id='word_1_197' title='bbox 1101 3070 1274 3139; x_wconf 82' lang='lat' dir='ltr'>jussit,</span> 
     </span>
     <span class='ocr_line' id='line_1_29' title="bbox 249 3148 1280 3221; baseline -0.005 -18"><span class='ocrx_word' id='word_1_198' title='bbox 249 3164 382 3221; x_wconf 78' lang='lat' dir='ltr'>capta</span> <span class='ocrx_word' id='word_1_199' title='bbox 407 3154 580 3203; x_wconf 80' lang='lat' dir='ltr'>statim</span> <span class='ocrx_word' id='word_1_200' title='bbox 604 3170 738 3201; x_wconf 84' lang='lat' dir='ltr'>arma</span> <span class='ocrx_word' id='word_1_201' title='bbox 761 3154 862 3201; x_wconf 83' lang='lat' dir='ltr'>sine</span> <span class='ocrx_word' id='word_1_202' title='bbox 886 3170 1014 3202; x_wconf 86' lang='lat' dir='ltr'>more</span> <span class='ocrx_word' id='word_1_203' title='bbox 1039 3161 1092 3200; x_wconf 83' lang='lat' dir='ltr'>et</span> <span class='ocrx_word' id='word_1_204' title='bbox 1111 3148 1280 3199; x_wconf 83' lang='lat' dir='ltr'>ordine</span> 
     </span>
     <span class='ocr_line' id='line_1_30' title="bbox 251 3228 1292 3298; baseline -0.001 -18"><span class='ocrx_word' id='word_1_205' title='bbox 251 3232 423 3283; x_wconf 78' lang='lat' dir='ltr'>militioe</span> <span class='ocrx_word' id='word_1_206' title='bbox 434 3271 452 3295; x_wconf 86' lang='lat'>‚</span> <span class='ocrx_word' id='word_1_207' title='bbox 497 3242 590 3283; x_wconf 82' lang='lat' dir='ltr'>etc.</span> <span class='ocrx_word' id='word_1_208' title='bbox 651 3230 918 3282; x_wconf 65' lang='lat' dir='ltr'>Caeterum</span> <span class='ocrx_word' id='word_1_209' title='bbox 962 3228 1020 3280; x_wconf 89' lang='lat' dir='ltr'>id</span> <span class='ocrx_word' id='word_1_210' title='bbox 1071 3244 1292 3298; x_wconf 24' lang='lat' dir='ltr'>semper,</span> 
     </span>
     <span class='ocr_line' id='line_1_31' title="bbox 249 3305 1280 3364; baseline -0.002 -4"><span class='ocrx_word' id='word_1_211' title='bbox 249 3326 348 3363; x_wconf 80' lang='lat' dir='ltr'>non</span> <span class='ocrx_word' id='word_1_212' title='bbox 371 3312 578 3364; x_wconf 87' lang='lat' dir='ltr'>factum</span> <span class='ocrx_word' id='word_1_213' title='bbox 597 3308 839 3362; x_wconf 84' lang='lat' dir='ltr'>videtur:</span> <span class='ocrx_word' id='word_1_214' title='bbox 863 3328 990 3361; x_wconf 83' lang='lat' dir='ltr'>nam</span> <span class='ocrx_word' id='word_1_215' title='bbox 1014 3306 1162 3360; x_wconf 85' lang='lat' dir='ltr'>haud</span> <span class='ocrx_word' id='word_1_216' title='bbox 1184 3305 1280 3359; x_wconf 88' lang='lat' dir='ltr'>du·</span> 
     </span>
     <span class='ocr_line' id='line_1_32' title="bbox 247 3385 1278 3463; baseline -0.003 -22"><span class='ocrx_word' id='word_1_217' title='bbox 247 3388 328 3443; x_wconf 80' lang='lat' dir='ltr'>bie</span> <span class='ocrx_word' id='word_1_218' title='bbox 348 3391 639 3463; x_wconf 83' lang='lat' dir='ltr'>repentino</span> <span class='ocrx_word' id='word_1_219' title='bbox 663 3408 785 3441; x_wconf 88' lang='lat' dir='ltr'>casu</span> <span class='ocrx_word' id='word_1_220' title='bbox 809 3390 1032 3441; x_wconf 83' lang='lat' dir='ltr'>noxium</span> <span class='ocrx_word' id='word_1_221' title='bbox 1062 3385 1278 3458; x_wconf 84' lang='lat' dir='ltr'>quando</span> 
     </span>
     <span class='ocr_line' id='line_1_33' title="bbox 248 3468 1280 3540; baseline -0.002 -19"><span class='ocrx_word' id='word_1_222' title='bbox 248 3470 483 3524; x_wconf 84' lang='lat' dir='ltr'>celeriter</span> <span class='ocrx_word' id='word_1_223' title='bbox 503 3489 650 3522; x_wconf 84' lang='lat' dir='ltr'>arma</span> <span class='ocrx_word' id='word_1_224' title='bbox 667 3468 940 3540; x_wconf 86' lang='lat' dir='ltr'>capienda.</span> <span class='ocrx_word' id='word_1_225' title='bbox 962 3468 1150 3537; x_wconf 82' lang='lat' dir='ltr'>Itaque</span> <span class='ocrx_word' id='word_1_226' title='bbox 1171 3484 1280 3519; x_wconf 87' lang='lat' dir='ltr'>cre—</span> 
     </span>
     <span class='ocr_line' id='line_1_34' title="bbox 248 3546 1279 3621; baseline -0.004 -20"><span class='ocrx_word' id='word_1_227' title='bbox 248 3546 314 3601; x_wconf 81' lang='lat' dir='ltr'>do</span> <span class='ocrx_word' id='word_1_228' title='bbox 333 3570 424 3604; x_wconf 77' lang='lat' dir='ltr'>sua</span> <span class='ocrx_word' id='word_1_229' title='bbox 441 3568 716 3621; x_wconf 87' lang='lat' dir='ltr'>quemque</span> <span class='ocrx_word' id='word_1_230' title='bbox 738 3547 861 3601; x_wconf 89' lang='lat' dir='ltr'>sede</span> <span class='ocrx_word' id='word_1_231' title='bbox 882 3548 1110 3600; x_wconf 87' lang='lat' dir='ltr'>militem</span> <span class='ocrx_word' id='word_1_232' title='bbox 1135 3564 1279 3598; x_wconf 77' lang='lat' dir='ltr'>arma</span> 
     </span>
     <span class='ocr_line' id='line_1_35' title="bbox 247 3626 1280 3699; baseline -0.002 -18"><span class='ocrx_word' id='word_1_233' title='bbox 247 3628 626 3685; x_wconf 81' lang='lat' dir='ltr'>recondidisse.</span> <span class='ocrx_word' id='word_1_234' title='bbox 667 3629 798 3699; x_wconf 87' lang='lat' dir='ltr'>Tegi</span> <span class='ocrx_word' id='word_1_235' title='bbox 841 3648 972 3681; x_wconf 82' lang='lat' dir='ltr'>vero</span> <span class='ocrx_word' id='word_1_236' title='bbox 1017 3628 1178 3679; x_wconf 85' lang='lat' dir='ltr'>etiam</span> <span class='ocrx_word' id='word_1_237' title='bbox 1223 3626 1280 3680; x_wconf 89' lang='lat' dir='ltr'>in</span> 
     </span>
     <span class='ocr_line' id='line_1_36' title="bbox 247 3706 1283 3777; baseline -0.002 -18"><span class='ocrx_word' id='word_1_238' title='bbox 247 3708 434 3763; x_wconf 85' lang='lat' dir='ltr'>itinere</span> <span class='ocrx_word' id='word_1_239' title='bbox 457 3710 659 3773; x_wconf 77' lang='lat' dir='ltr'>solent3</span> <span class='ocrx_word' id='word_1_240' title='bbox 691 3707 836 3761; x_wconf 88' lang='lat' dir='ltr'>unde</span> <span class='ocrx_word' id='word_1_241' title='bbox 863 3710 1037 3762; x_wconf 61' lang='lat' dir='ltr'>Caesar</span> <span class='ocrx_word' id='word_1_242' title='bbox 1061 3706 1176 3777; x_wconf 87' lang='lat' dir='ltr'>ipse</span> <span class='ocrx_word' id='word_1_243' title='bbox 1209 3706 1283 3758; x_wconf 83' lang='lat' dir='ltr'>ait</span> 
     </span>
     <span class='ocr_line' id='line_1_37' title="bbox 247 3786 1282 3858; baseline -0.003 -18"><span class='ocrx_word' id='word_1_244' title='bbox 247 3786 382 3842; x_wconf 86' lang='lat' dir='ltr'>libro</span> <span class='ocrx_word' id='word_1_245' title='bbox 398 3808 467 3854; x_wconf 84' lang='lat'>11,</span> <span class='ocrx_word' id='word_1_246' title='bbox 486 3791 549 3841; x_wconf 89' lang='grc' dir='ltr'>Β.</span> <span class='ocrx_word' id='word_1_247' title='bbox 577 3789 662 3845; x_wconf 87' lang='lat' dir='ltr'>G..</span> <span class='ocrx_word' id='word_1_248' title='bbox 685 3806 734 3841; x_wconf 88' lang='lat' dir='ltr'>c.</span> <span class='ocrx_word' id='word_1_249' title='bbox 759 3808 788 3841; x_wconf 64' lang='grc' dir='ltr'>α</span> <span class='ocrx_word' id='word_1_250' title='bbox 801 3806 850 3841; x_wconf 89' lang='lat'>1:</span> <span class='ocrx_word' id='word_1_251' title='bbox 877 3790 1124 3858; x_wconf 75' lang='lat' dir='ltr'>Temporis</span> <span class='ocrx_word' id='word_1_252' title='bbox 1145 3798 1282 3837; x_wconf 78' lang='lat' dir='ltr'>tanta</span> 
     </span>
     <span class='ocr_line' id='line_1_38' title="bbox 240 3864 1281 3939; baseline -0.006 -17"><span class='ocrx_word' id='word_1_253' title='bbox 240 3870 342 3934; x_wconf 75' lang='lat' dir='ltr'>suit</span> <span class='ocrx_word' id='word_1_254' title='bbox 360 3872 634 3939; x_wconf 70' lang='lat' dir='ltr'>exiguitas,</span> <span class='ocrx_word' id='word_1_255' title='bbox 659 3881 749 3920; x_wconf 86' lang='lat' dir='ltr'>etc.</span> <span class='ocrx_word' id='word_1_256' title='bbox 765 3908 778 3921; x_wconf 92' lang='lat'>.</span> <span class='ocrx_word' id='word_1_257' title='bbox 793 3908 806 3921; x_wconf 92' lang='lat'>.</span> <span class='ocrx_word' id='word_1_258' title='bbox 825 3866 930 3921; x_wconf 85' lang='lat' dir='ltr'>Sed</span> <span class='ocrx_word' id='word_1_259' title='bbox 962 3864 1281 3938; x_wconf 77' lang='lat' dir='ltr'>supersedeo</span> 
     </span>
     <span class='ocr_line' id='line_1_39' title="bbox 248 3945 1284 4019; baseline -0.003 -19"><span class='ocrx_word' id='word_1_260' title='bbox 248 3966 358 4001; x_wconf 83' lang='lat' dir='ltr'>rem</span> <span class='ocrx_word' id='word_1_261' title='bbox 387 3951 590 4003; x_wconf 83' lang='lat' dir='ltr'>claram</span> <span class='ocrx_word' id='word_1_262' title='bbox 631 3948 890 4019; x_wconf 83' lang='lat' dir='ltr'>probare:</span> <span class='ocrx_word' id='word_1_263' title='bbox 915 3948 1005 4001; x_wconf 85' lang='lat' dir='ltr'>alii</span> <span class='ocrx_word' id='word_1_264' title='bbox 1041 3945 1284 4015; x_wconf 76' lang='lat' dir='ltr'>exempla</span> 
     </span>
     <span class='ocr_line' id='line_1_40' title="bbox 247 4030 770 4100; baseline -0.002 -19"><span class='ocrx_word' id='word_1_265' title='bbox 247 4030 591 4100; x_wconf 79' lang='lat' dir='ltr'>collegerunt.</span> <span class='ocrx_word' id='word_1_266' title='bbox 612 4030 770 4080; x_wconf 87' lang='lat' dir='ltr'>Voss.</span> 
     </span>
    </p>

    <p class='ocr_par' dir='ltr' id='par_1_5' title="bbox 327 4106 1288 4177">
     <span class='ocr_line' id='line_1_41' title="bbox 327 4106 1288 4177; baseline -0.004 -14"><span class='ocrx_word' id='word_1_267' title='bbox 327 4110 380 4163; x_wconf 84' lang='lat'>3.</span> <span class='ocrx_word' id='word_1_268' title='bbox 419 4110 594 4160; x_wconf 79' lang='lat' dir='ltr'>Portis</span> <span class='ocrx_word' id='word_1_269' title='bbox 633 4128 684 4160; x_wconf 84' lang='lat' dir='ltr'>se</span> <span class='ocrx_word' id='word_1_270' title='bbox 711 4110 856 4173; x_wconf 85' lang='lat' dir='ltr'>foras</span> <span class='ocrx_word' id='word_1_271' title='bbox 895 4116 1159 4177; x_wconf 60' lang='lat' dir='ltr'>aucupant.</span> <span class='ocrx_word' id='word_1_272' title='bbox 1187 4106 1288 4159; x_wconf 89' lang='lat' dir='ltr'>Lo-</span> 
     </span>
    </p>
   </div>
   <div class='ocr_carea' id='block_1_4' title="bbox 1363 2029 2403 3061">
    <p class='ocr_par' dir='ltr' id='par_1_6' title="bbox 1363 2029 2397 2184">
     <span class='ocr_line' id='line_1_42' title="bbox 1363 2029 2397 2097; baseline -0.002 -12"><span class='ocrx_word' id='word_1_273' title='bbox 1363 2033 1509 2086; x_wconf 83' lang='lat' dir='ltr'>cutio</span> <span class='ocrx_word' id='word_1_274' title='bbox 1544 2051 1693 2097; x_wconf 85' lang='lat' dir='ltr'>rara,</span> <span class='ocrx_word' id='word_1_275' title='bbox 1720 2029 1813 2084; x_wconf 87' lang='lat' dir='ltr'>sed</span> <span class='ocrx_word' id='word_1_276' title='bbox 1848 2031 2057 2084; x_wconf 82' lang='lat' dir='ltr'>firmata</span> <span class='ocrx_word' id='word_1_277' title='bbox 2087 2033 2397 2085; x_wconf 84' lang='lat' dir='ltr'>auctoritate</span> 
     </span>
     <span class='ocr_line' id='line_1_43' title="bbox 1363 2111 2156 2184; baseline -0.003 -19"><span class='ocrx_word' id='word_1_278' title='bbox 1363 2113 1557 2184; x_wconf 85' lang='lat' dir='ltr'>Virgil.</span> <span class='ocrx_word' id='word_1_279' title='bbox 1582 2111 1780 2183; x_wconf 85' lang='lat' dir='ltr'>Georg.</span> <span class='ocrx_word' id='word_1_280' title='bbox 1804 2113 1842 2164; x_wconf 89' lang='lat' dir='ltr'>l.</span> <span class='ocrx_word' id='word_1_281' title='bbox 1861 2130 1913 2176; x_wconf 88' lang='lat'>1,</span> <span class='ocrx_word' id='word_1_282' title='bbox 1925 2131 1977 2164; x_wconf 82' lang='lat' dir='ltr'>v.</span> <span class='ocrx_word' id='word_1_283' title='bbox 2006 2111 2118 2176; x_wconf 78' lang='grc'>445</span> <span class='ocrx_word' id='word_1_284' title='bbox 2143 2130 2156 2162; x_wconf 92' lang='lat'>:</span> 
     </span>
    </p>

    <p class='ocr_par' dir='ltr' id='par_1_7' title="bbox 1364 2196 2290 2324">
     <span class='ocr_line' id='line_1_44' title="bbox 1365 2196 2290 2240; baseline -0.002 -1"><span class='ocrx_word' id='word_1_285' title='bbox 1365 2200 1530 2240; x_wconf 74' lang='lat' dir='ltr'>Auitub</span> <span class='ocrx_word' id='word_1_286' title='bbox 1548 2199 1862 2238; x_wconf 72' lang='grc' dir='ltr'>ιοιΒῙιιοιιιᾱοιι</span> <span class='ocrx_word' id='word_1_287' title='bbox 1926 2207 2033 2236; x_wconf 71' lang='lat' dir='ltr'>mm</span> <span class='ocrx_word' id='word_1_288' title='bbox 2049 2196 2290 2237; x_wconf 67' lang='lat' dir='ltr'>nubilum</span> 
     </span>
     <span class='ocr_line' id='line_1_45' title="bbox 1364 2213 1918 2324; baseline -0.006 -14"><span class='ocrx_word' id='word_1_289' title='bbox 1364 2271 1563 2310; x_wconf 70' lang='lat' dir='ltr'>Diva-sie</span> <span class='ocrx_word' id='word_1_290' title='bbox 1566 2284 1705 2324; x_wconf 75' lang='lat' dir='ltr'>memp</span> <span class='ocrx_word' id='word_1_291' title='bbox 1684 2280 1791 2308; x_wconf 80' lang='lat' dir='ltr'>erut</span> <span class='ocrx_word' id='word_1_292' title='bbox 1792 2213 1918 2308; x_wconf 51' lang='lat' dir='ltr'>ediis..</span> 
     </span>
    </p>

    <p class='ocr_par' dir='ltr' id='par_1_8' title="bbox 1363 2347 2397 2498">
     <span class='ocr_line' id='line_1_46' title="bbox 1365 2347 2397 2422; baseline -0.003 -18"><span class='ocrx_word' id='word_1_293' title='bbox 1365 2350 1494 2404; x_wconf 85' lang='lat' dir='ltr'>vid.</span> <span class='ocrx_word' id='word_1_294' title='bbox 1540 2370 1755 2422; x_wconf 88' lang='lat' dir='ltr'>quoque</span> <span class='ocrx_word' id='word_1_295' title='bbox 1782 2350 2053 2403; x_wconf 81' lang='lat' dir='ltr'>Drakenb.</span> <span class='ocrx_word' id='word_1_296' title='bbox 2096 2347 2165 2401; x_wconf 81' lang='lat' dir='ltr'>ad</span> <span class='ocrx_word' id='word_1_297' title='bbox 2207 2349 2397 2402; x_wconf 86' lang='lat' dir='ltr'>Silium</span> 
     </span>
     <span class='ocr_line' id='line_1_47' title="bbox 1363 2433 1727 2498; baseline -0.003 -14"><span class='ocrx_word' id='word_1_298' title='bbox 1363 2450 1479 2495; x_wconf 82' lang='lat'>111,</span> <span class='ocrx_word' id='word_1_299' title='bbox 1507 2449 1560 2484; x_wconf 79' lang='lat' dir='ltr'>v.</span> <span class='ocrx_word' id='word_1_300' title='bbox 1594 2433 1727 2498; x_wconf 80' lang='grc'><strong>439.</strong></span> 
     </span>
    </p>

    <p class='ocr_par' dir='ltr' id='par_1_9' title="bbox 1363 2509 2403 3061">
     <span class='ocr_line' id='line_1_48' title="bbox 1449 2509 2398 2579; baseline -0.002 -15"><span class='ocrx_word' id='word_1_301' title='bbox 1449 2518 1502 2575; x_wconf 75' lang='grc'><strong>4.</strong></span> <span class='ocrx_word' id='word_1_302' title='bbox 1529 2512 1801 2564; x_wconf 82' lang='lat' dir='ltr'>Flammam</span> <span class='ocrx_word' id='word_1_303' title='bbox 1819 2513 2132 2579; x_wconf 77' lang='lat' dir='ltr'>conciperent.</span> <span class='ocrx_word' id='word_1_304' title='bbox 2153 2509 2315 2561; x_wconf 85' lang='lat' dir='ltr'>Recte</span> <span class='ocrx_word' id='word_1_305' title='bbox 2334 2528 2398 2563; x_wconf 85' lang='lat' dir='ltr'>ex</span> 
     </span>
     <span class='ocr_line' id='line_1_49' title="bbox 1363 2586 2400 2659; baseline -0.003 -14"><span class='ocrx_word' id='word_1_306' title='bbox 1363 2592 1563 2645; x_wconf 88' lang='lat' dir='ltr'>nostris</span> <span class='ocrx_word' id='word_1_307' title='bbox 1578 2589 1735 2645; x_wconf 84' lang='lat' dir='ltr'>codd.</span> <span class='ocrx_word' id='word_1_308' title='bbox 1752 2586 1772 2651; x_wconf 98' lang='lat'>(</span> <span class='ocrx_word' id='word_1_309' title='bbox 1791 2590 1941 2659; x_wconf 83' lang='lat'>5768</span> <span class='ocrx_word' id='word_1_310' title='bbox 1956 2608 1985 2641; x_wconf 84' lang='lat' dir='ltr'>a</span> <span class='ocrx_word' id='word_1_311' title='bbox 1996 2590 2171 2659; x_wconf 84' lang='lat' dir='ltr'>prima</span> <span class='ocrx_word' id='word_1_312' title='bbox 2183 2607 2346 2641; x_wconf 85' lang='lat' dir='ltr'>manu</span> <span class='ocrx_word' id='word_1_313' title='bbox 2360 2586 2400 2651; x_wconf 87' lang='lat'>).</span> 
     </span>
     <span class='ocr_line' id='line_1_50' title="bbox 1366 2667 2399 2723; baseline 0 0"><span class='ocrx_word' id='word_1_314' title='bbox 1366 2674 1436 2723; x_wconf 89' lang='lat' dir='ltr'>At</span> <span class='ocrx_word' id='word_1_315' title='bbox 1458 2670 1721 2723; x_wconf 85' lang='lat' dir='ltr'>editiones</span> <span class='ocrx_word' id='word_1_316' title='bbox 1742 2680 1871 2721; x_wconf 81' lang='lat' dir='ltr'>vett.</span> <span class='ocrx_word' id='word_1_317' title='bbox 1898 2668 2171 2720; x_wconf 79' lang='lat' dir='ltr'>nonnullae</span> <span class='ocrx_word' id='word_1_318' title='bbox 2193 2681 2247 2720; x_wconf 84' lang='lat' dir='ltr'>et</span> <span class='ocrx_word' id='word_1_319' title='bbox 2276 2667 2399 2723; x_wconf 86' lang='lat' dir='ltr'>cod.</span> 
     </span>
     <span class='ocr_line' id='line_1_51' title="bbox 1366 2748 2403 2821; baseline -0.004 -18"><span class='ocrx_word' id='word_1_320' title='bbox 1366 2753 1431 2803; x_wconf 89' lang='lat' dir='ltr'>R.</span> <span class='ocrx_word' id='word_1_321' title='bbox 1452 2751 1609 2821; x_wconf 86' lang='lat' dir='ltr'>Angl.</span> <span class='ocrx_word' id='word_1_322' title='bbox 1628 2753 1915 2819; x_wconf 52' lang='lat' dir='ltr'>acciveren&amp;</span> <span class='ocrx_word' id='word_1_323' title='bbox 1937 2768 2031 2801; x_wconf 87' lang='lat' dir='ltr'>ms.</span> <span class='ocrx_word' id='word_1_324' title='bbox 2051 2748 2277 2801; x_wconf 88' lang='lat' dir='ltr'>Eliensis</span> <span class='ocrx_word' id='word_1_325' title='bbox 2298 2768 2403 2799; x_wconf 85' lang='lat' dir='ltr'>cor-</span> 
     </span>
     <span class='ocr_line' id='line_1_52' title="bbox 1367 2825 2402 2901; baseline 0 -20"><span class='ocrx_word' id='word_1_326' title='bbox 1367 2835 1602 2901; x_wconf 68' lang='lat' dir='ltr'>rzperent,·</span> <span class='ocrx_word' id='word_1_327' title='bbox 1620 2848 1781 2900; x_wconf 87' lang='lat' dir='ltr'>quam</span> <span class='ocrx_word' id='word_1_328' title='bbox 1802 2828 2085 2881; x_wconf 81' lang='lat' dir='ltr'>lectionem</span> <span class='ocrx_word' id='word_1_329' title='bbox 2102 2825 2256 2880; x_wconf 79' lang='lat' dir='ltr'>valde</span> <span class='ocrx_word' id='word_1_330' title='bbox 2278 2846 2402 2899; x_wconf 83' lang='lat' dir='ltr'>pro-</span> 
     </span>
     <span class='ocr_line' id='line_1_53' title="bbox 1366 2909 2402 2979; baseline -0.003 -15"><span class='ocrx_word' id='word_1_331' title='bbox 1366 2912 1527 2963; x_wconf 83' lang='lat' dir='ltr'>babat</span> <span class='ocrx_word' id='word_1_332' title='bbox 1581 2909 1825 2963; x_wconf 83' lang='lat' dir='ltr'>Clarkius</span> <span class='ocrx_word' id='word_1_333' title='bbox 1878 2910 2163 2979; x_wconf 80' lang='lat' dir='ltr'>genuinam</span> <span class='ocrx_word' id='word_1_334' title='bbox 2223 2909 2402 2961; x_wconf 84' lang='lat' dir='ltr'>existi·</span> 
     </span>
     <span class='ocr_line' id='line_1_54' title="bbox 1364 2988 2401 3061; baseline -0.001 -18"><span class='ocrx_word' id='word_1_335' title='bbox 1364 3010 1515 3043; x_wconf 84' lang='lat' dir='ltr'>mans</span> <span class='ocrx_word' id='word_1_336' title='bbox 1532 3028 1547 3056; x_wconf 93' lang='lat'>‚</span> <span class='ocrx_word' id='word_1_337' title='bbox 1580 2991 1851 3061; x_wconf 82' lang='lat' dir='ltr'>fretusque</span> <span class='ocrx_word' id='word_1_338' title='bbox 1888 2988 2007 3040; x_wconf 88' lang='lat' dir='ltr'>loco</span> <span class='ocrx_word' id='word_1_339' title='bbox 2043 2989 2401 3060; x_wconf 83' lang='lat' dir='ltr'>metamorph.</span> 
     </span>
    </p>
   </div>
   <div class='ocr_carea' id='block_1_5' title="bbox 1364 3071 2398 3207">
    <p class='ocr_par' dir='ltr' id='par_1_10' title="bbox 1364 3071 2398 3207">
     <span class='ocr_line' id='line_1_55' title="bbox 1364 3071 1674 3124; baseline 0 -1"><span class='ocrx_word' id='word_1_340' title='bbox 1364 3071 1402 3124; x_wconf 92' lang='lat' dir='ltr'>l.</span> <span class='ocrx_word' id='word_1_341' title='bbox 1427 3088 1473 3123; x_wconf 89' lang='lat'>11</span> <span class='ocrx_word' id='word_1_342' title='bbox 1533 3090 1561 3123; x_wconf 77' lang='lat'>2</span> <span class='ocrx_word' id='word_1_343' title='bbox 1574 3088 1674 3123; x_wconf 86' lang='lat'>10:</span> 
     </span>
     <span class='ocr_line' id='line_1_56' title="bbox 1365 3110 2398 3207; baseline -0.001 -14"><span class='ocrx_word' id='word_1_344' title='bbox 1365 3110 1594 3207; x_wconf 49' lang='lat' dir='ltr'>Corripitur</span> <span class='ocrx_word' id='word_1_345' title='bbox 1610 3152 1780 3192; x_wconf 71' lang='lat' dir='ltr'>flammis</span> <span class='ocrx_word' id='word_1_346' title='bbox 1792 3180 1803 3199; x_wconf 87' lang='lat'>,</span> <span class='ocrx_word' id='word_1_347' title='bbox 1821 3162 1865 3190; x_wconf 84' lang='lat' dir='ltr'>ut</span> <span class='ocrx_word' id='word_1_348' title='bbox 1879 3164 2049 3205; x_wconf 64' lang='lat' dir='ltr'>quoque</span> <span class='ocrx_word' id='word_1_349' title='bbox 2062 3151 2249 3193; x_wconf 67' lang='lat' dir='ltr'>althaim</span> <span class='ocrx_word' id='word_1_350' title='bbox 2265 3152 2398 3192; x_wconf 67' lang='lat' dir='ltr'>unus.</span> 
     </span>
    </p>
   </div>
   <div class='ocr_carea' id='block_1_6' title="bbox 1364 3224 2401 3616">
    <p class='ocr_par' dir='ltr' id='par_1_11' title="bbox 1364 3224 2401 3616">
     <span class='ocr_line' id='line_1_57' title="bbox 1446 3224 2393 3297; baseline -0.002 -18"><span class='ocrx_word' id='word_1_351' title='bbox 1446 3230 1517 3279; x_wconf 81' lang='lat' dir='ltr'>At</span> <span class='ocrx_word' id='word_1_352' title='bbox 1543 3227 1709 3279; x_wconf 85' lang='lat' dir='ltr'>latine</span> <span class='ocrx_word' id='word_1_353' title='bbox 1738 3224 1939 3279; x_wconf 85' lang='lat' dir='ltr'>dicitur</span> <span class='ocrx_word' id='word_1_354' title='bbox 1948 3226 2157 3297; x_wconf 77' lang='lat' dir='ltr'>fhmma</span> <span class='ocrx_word' id='word_1_355' title='bbox 2190 3231 2393 3297; x_wconf 78' lang='lat' dir='ltr'>corripi,</span> 
     </span>
     <span class='ocr_line' id='line_1_58' title="bbox 1365 3306 2401 3377; baseline -0.002 -17"><span class='ocrx_word' id='word_1_356' title='bbox 1365 3308 1589 3360; x_wconf 86' lang='lat' dir='ltr'>minime</span> <span class='ocrx_word' id='word_1_357' title='bbox 1614 3308 1869 3377; x_wconf 84' lang='lat' dir='ltr'>flammam</span> <span class='ocrx_word' id='word_1_358' title='bbox 1896 3310 2146 3375; x_wconf 79' lang='lat' dir='ltr'>corripere.</span> <span class='ocrx_word' id='word_1_359' title='bbox 2180 3306 2401 3377; x_wconf 83' lang='lat' dir='ltr'>Optime</span> 
     </span>
     <span class='ocr_line' id='line_1_59' title="bbox 1365 3383 2398 3459; baseline -0.002 -19"><span class='ocrx_word' id='word_1_360' title='bbox 1365 3388 1530 3459; x_wconf 86' lang='lat' dir='ltr'>igitur</span> <span class='ocrx_word' id='word_1_361' title='bbox 1579 3387 1865 3457; x_wconf 77' lang='lat' dir='ltr'>vulgatam</span> <span class='ocrx_word' id='word_1_362' title='bbox 1924 3383 2163 3438; x_wconf 82' lang='lat' dir='ltr'>defendit</span> <span class='ocrx_word' id='word_1_363' title='bbox 2220 3386 2398 3438; x_wconf 79' lang='lat' dir='ltr'>Davis.</span> 
     </span>
     <span class='ocr_line' id='line_1_60' title="bbox 1364 3464 2399 3537; baseline -0.002 -18"><span class='ocrx_word' id='word_1_364' title='bbox 1364 3468 1511 3537; x_wconf 84' lang='lat' dir='ltr'>Ignis</span> <span class='ocrx_word' id='word_1_365' title='bbox 1526 3471 1759 3537; x_wconf 83' lang='lat' dir='ltr'>corripere</span> <span class='ocrx_word' id='word_1_366' title='bbox 1776 3464 1973 3517; x_wconf 90' lang='lat' dir='ltr'>dicitur</span> <span class='ocrx_word' id='word_1_367' title='bbox 1986 3468 2256 3525; x_wconf 81' lang='lat' dir='ltr'>materiam,</span> <span class='ocrx_word' id='word_1_368' title='bbox 2280 3482 2399 3534; x_wconf 73' lang='lat' dir='ltr'>quae</span> 
     </span>
     <span class='ocr_line' id='line_1_61' title="bbox 1367 3541 2398 3616; baseline -0.002 -17"><span class='ocrx_word' id='word_1_369' title='bbox 1367 3559 1555 3599; x_wconf 84' lang='lat' dir='ltr'>contra</span> <span class='ocrx_word' id='word_1_370' title='bbox 1580 3550 1787 3616; x_wconf 85' lang='lat' dir='ltr'>concipit</span> <span class='ocrx_word' id='word_1_371' title='bbox 1796 3544 2079 3597; x_wconf 86' lang='lat' dir='ltr'>flammam.</span> <span class='ocrx_word' id='word_1_372' title='bbox 2096 3541 2257 3596; x_wconf 82' lang='lat' dir='ltr'>Ovid.</span> <span class='ocrx_word' id='word_1_373' title='bbox 2283 3545 2398 3597; x_wconf 90' lang='lat' dir='ltr'>Me·-</span> 
     </span>
    </p>
   </div>
   <div class='ocr_carea' id='block_1_7' title="bbox 1367 3624 2303 3765">
    <p class='ocr_par' dir='ltr' id='par_1_12' title="bbox 1367 3624 2303 3765">
     <span class='ocr_line' id='line_1_62' title="bbox 1367 3624 1906 3689; baseline -0.011 -9"><span class='ocrx_word' id='word_1_374' title='bbox 1367 3638 1494 3680; x_wconf 75' lang='lat' dir='ltr'>tam.</span> <span class='ocrx_word' id='word_1_375' title='bbox 1515 3626 1553 3679; x_wconf 89' lang='lat' dir='ltr'>l.</span> <span class='ocrx_word' id='word_1_376' title='bbox 1578 3644 1633 3689; x_wconf 90' lang='lat'>1,</span> <span class='ocrx_word' id='word_1_377' title='bbox 1662 3644 1714 3677; x_wconf 79' lang='lat' dir='ltr'>v.</span> <span class='ocrx_word' id='word_1_378' title='bbox 1756 3624 1906 3687; x_wconf 77' lang='lat'>254:</span> 
     </span>
     <span class='ocr_line' id='line_1_63' title="bbox 1377 3710 2303 3765; baseline -0.004 -10"><span class='ocrx_word' id='word_1_379' title='bbox 1377 3742 1388 3755; x_wconf 85' lang='lat'>.</span> <span class='ocrx_word' id='word_1_380' title='bbox 1403 3744 1414 3755; x_wconf 94' lang='lat'>.</span> <span class='ocrx_word' id='word_1_381' title='bbox 1431 3744 1440 3753; x_wconf 92' lang='lat'>.</span> <span class='ocrx_word' id='word_1_382' title='bbox 1457 3744 1468 3755; x_wconf 91' lang='lat'>.</span> <span class='ocrx_word' id='word_1_383' title='bbox 1485 3744 1494 3753; x_wconf 89' lang='lat'>.</span> <span class='ocrx_word' id='word_1_384' title='bbox 1515 3715 1577 3754; x_wconf 80' lang='lat' dir='ltr'>Ne</span> <span class='ocrx_word' id='word_1_385' title='bbox 1594 3714 1697 3753; x_wconf 73' lang='lat' dir='ltr'>fone</span> <span class='ocrx_word' id='word_1_386' title='bbox 1713 3724 1821 3751; x_wconf 70' lang='lat' dir='ltr'>sacer</span> <span class='ocrx_word' id='word_1_387' title='bbox 1838 3720 1898 3749; x_wconf 83' lang='lat' dir='ltr'>tot</span> <span class='ocrx_word' id='word_1_388' title='bbox 1916 3710 1965 3749; x_wconf 70' lang='lat' dir='ltr'>ab</span> <span class='ocrx_word' id='word_1_389' title='bbox 1986 3711 2143 3765; x_wconf 73' lang='lat' dir='ltr'>ignibus</span> <span class='ocrx_word' id='word_1_390' title='bbox 2161 3710 2303 3751; x_wconf 76' lang='lat' dir='ltr'>AEthex·</span> 
     </span>
    </p>
   </div>
   <div class='ocr_carea' id='block_1_8' title="bbox 1369 3784 1901 3839">
    <p class='ocr_par' dir='ltr' id='par_1_13' title="bbox 1369 3784 1901 3839">
     <span class='ocr_line' id='line_1_64' title="bbox 1369 3784 1901 3839; baseline -0.011 -12"><span class='ocrx_word' id='word_1_391' title='bbox 1369 3786 1608 3839; x_wconf 80' lang='lat' dir='ltr'>Conciperet</span> <span class='ocrx_word' id='word_1_392' title='bbox 1626 3784 1821 3823; x_wconf 69' lang='lat' dir='ltr'>flamm-⁵.</span> <span class='ocrx_word' id='word_1_393' title='bbox 1838 3810 1847 3821; x_wconf 91' lang='lat'>.</span> <span class='ocrx_word' id='word_1_394' title='bbox 1864 3810 1873 3821; x_wconf 90' lang='lat'>.</span> <span class='ocrx_word' id='word_1_395' title='bbox 1890 3810 1901 3822; x_wconf 96' lang='lat'>.</span> 
     </span>
    </p>
   </div>
   <div class='ocr_carea' id='block_1_9' title="bbox 1369 3862 2395 4008">
    <p class='ocr_par' dir='ltr' id='par_1_14' title="bbox 1369 3862 2395 4008">
     <span class='ocr_line' id='line_1_65' title="bbox 1369 3862 2395 3935; baseline -0.001 -15"><span class='ocrx_word' id='word_1_396' title='bbox 1369 3867 1523 3921; x_wconf 88' lang='lat' dir='ltr'>Idem</span> <span class='ocrx_word' id='word_1_397' title='bbox 1554 3866 1681 3918; x_wconf 74' lang='lat' dir='ltr'>alibi</span> <span class='ocrx_word' id='word_1_398' title='bbox 1709 3864 1930 3935; x_wconf 76' lang='lat' dir='ltr'>pessim3</span> <span class='ocrx_word' id='word_1_399' title='bbox 1955 3876 2010 3916; x_wconf 87' lang='lat' dir='ltr'>et</span> <span class='ocrx_word' id='word_1_400' title='bbox 2032 3862 2215 3919; x_wconf 87' lang='lat' dir='ltr'>Senec.</span> <span class='ocrx_word' id='word_1_401' title='bbox 2238 3865 2395 3921; x_wconf 85' lang='lat' dir='ltr'>Herc.</span> 
     </span>
     <span class='ocr_line' id='line_1_66' title="bbox 1375 3946 1729 4008; baseline -0.008 -9"><span class='ocrx_word' id='word_1_402' title='bbox 1375 3948 1501 3999; x_wconf 89' lang='lat' dir='ltr'>OEt.</span> <span class='ocrx_word' id='word_1_403' title='bbox 1545 3965 1566 3997; x_wconf 89' lang='lat'>1</span> <span class='ocrx_word' id='word_1_404' title='bbox 1579 3946 1692 4008; x_wconf 76' lang='grc'>484</span> <span class='ocrx_word' id='word_1_405' title='bbox 1714 3982 1729 4008; x_wconf 93' lang='grc'><strong>,</strong></span> 
     </span>
    </p>
   </div>
   <div class='ocr_carea' id='block_1_10' title="bbox 1511 4028 2073 4153">
    <p class='ocr_par' dir='ltr' id='par_1_15' title="bbox 1511 4028 2073 4153">
     <span class='ocr_line' id='line_1_67' title="bbox 1518 4028 2073 4069; baseline 0 0"><span class='ocrx_word' id='word_1_406' title='bbox 1518 4056 1634 4069; x_wconf 93' lang='grc'><strong>.....</strong></span> <span class='ocrx_word' id='word_1_407' title='bbox 1654 4030 1707 4068; x_wconf 79' lang='lat' dir='ltr'>Et</span> <span class='ocrx_word' id='word_1_408' title='bbox 1728 4028 1909 4069; x_wconf 77' lang='lat' dir='ltr'>OEtaeum</span> <span class='ocrx_word' id='word_1_409' title='bbox 1934 4044 2073 4069; x_wconf 77' lang='lat' dir='ltr'>nemus</span> 
     </span>
     <span class='ocr_line' id='line_1_68' title="bbox 1511 4100 2029 4153; baseline -0.004 -10"><span class='ocrx_word' id='word_1_410' title='bbox 1511 4102 1703 4153; x_wconf 62' lang='lat' dir='ltr'>Suscipiunt</span> <span class='ocrx_word' id='word_1_411' title='bbox 1722 4100 1821 4153; x_wconf 72' lang='lat' dir='ltr'>ignis</span> <span class='ocrx_word' id='word_1_412' title='bbox 1831 4127 2029 4141; x_wconf 91' lang='grc'><strong>........</strong></span> 
     </span>
    </p>
   </div>
  </div>
 </body>
</html>
