3025 5025
648 463 793 536 188

985 467 1064 536 C.
1117 466 1404 534 JULII
1460 464 1933 537 CAESARIS
1989 465 2532 534 COMMENT.

640 623 781 694 quo
813 622 936 693 per
987 596 1167 694 leges
1210 599 1271 668 ei
1328 598 1672 668 consulem
1735 598 1880 668 fieri
1926 597 2172 669 liceret.
2215 599 2334 666 His
2376 597 2582 664 rebus
2629 619 2786 664 con-

639 705 862 793 fectiS,
888 730 1096 798 quum
1137 704 1301 774 fides
1328 720 1472 775 tota
1510 703 1708 774 Italia
1743 719 1914 774 esset
1947 689 2354 800 angustior³,
2390 726 2610 797 neque
2638 727 2786 770 cre·-

638 810 794 881 ditae
829 811 1128 907 pecuniae
1166 811 1614 901 solverentur,
1639 813 2011 900 constituit,
2038 827 2116 880 ut
2142 811 2373 878 arbitri
2412 810 2786 879 darentur·

636 943 763 1012 per
820 943 935 986 eos
998 907 1237 988 fierent
1296 921 1760 988 aestimationes
1831 919 2322 1015 possessionum
2386 931 2454 986 et
2503 940 2734 984 rerum
2771 968 2790 1000 ,

640 1025 893 1118 quanti·
931 1049 1211 1119 quaeque
1271 1023 1535 1095 illarum
1598 1037 1752 1096 ante
1807 1023 2058 1096 bellum
2103 1024 2384 1093 fuissent
2403 1036 2666 1116 ‚atque
2701 1046 2793 1089 eae

584 1160 589 1170 ·
641 1131 1081 1201 creditoribus
1124 1131 1648 1202 transderentur.
1689 1137 1838 1202 Hoc
1873 1147 1942 1202 et
1977 1132 2063 1201 ad
2105 1133 2416 1200 timorem
2461 1153 2799 1198 novarum

641 1352 762 1386 mus
790 1352 819 1385 a
848 1334 1026 1405 primo
1052 1335 1348 1388 consulatu.
1374 1335 1513 1388 Nam
1530 1335 1675 1404 Lim,

641 1413 738 1466 lib.
756 1431 929 1481 v11,c.
963 1421 1033 1479 42
1061 1432 1075 1466 ε
1104 1414 1243 1468 Aliis
1265 1415 1530 1486 plebiscitis
1557 1435 1673 1468 cau·

646 1506 759 1556 tum,
778 1513 837 1546 ne
850 1498 954 1566 quis
966 1495 1177 1546 eumdem
1190 1500 1527 1566 magistratum
1545 1499 1676 1547 intra

644 1575 803 1626 decem
820 1593 971 1626 annos
996 1587 1212 1645 caperet,
1237 1594 1329 1627 neu
1350 1575 1469 1628 duos
1498 1579 1676 1646 magis-

648 1667 803 1706 tratus
840 1674 935 1706 uno
983 1673 1112 1707 anno
1158 1667 1359 1725 gereret.
1398 1653 1465 1708 Id
1496 1668 1676 1709 tamen

643 1733 812 1788 moris
831 1753 943 1787 non
968 1753 1177 1806 semper
1202 1735 1363 1791 fuisse
1389 1748 1677 1802 servatum,

645 1826 793 1886 patet
829 1834 891 1867 ex
925 1813 1071 1868 fastis
1107 1815 1474 1868 consularibus
1490 1853 1507 1882 ,
1539 1835 1678 1888 prae·

645 1894 833 1948 sertim
874 1913 938 1948 ex
970 1893 1233 1966 Scipionis
1263 1895 1505 1948 Africani
1535 1909 1588 1949 et
1613 1897 1676 1950 C.

647 1974 811 2026 Marii
839 1975 1229 2028 consulatibus:
1256 1974 1365 2028 vid.
1393 1975 1512 2029 Liv.
1547 1976 1675 2048 epit.

648 2055 688 2108 l.
722 2072 831 2108 LVI.
861 2053 966 2107 Sed
993 2055 1133 2108 hanc
1159 2057 1330 2126 legem
1357 2056 1421 2108 L.
1451 2055 1597 2127 Sylla
1615 2057 1678 2110 C.

648 2134 826 2187 Mario
840 2134 1078 2188 infensus
1092 2173 1109 2201 ,
1126 2136 1220 2207 qui
1236 2135 1427 2206 septies
1442 2155 1551 2189 coe.
1568 2137 1685 2189 fue-

649 2227 734 2268 rat
751 2250 769 2279 ‚
794 2215 1095 2281 revocavit,
1111 2228 1165 2270 et
1188 2214 1370 2268 denuo
1396 2217 1682 2270 sanxit.—

650 2295 726 2347 Εἰ
742 2296 979 2346 consulem
991 2294 1112 2365 fieri
1130 2296 1307 2348 liceret.
1330 2297 1440 2362 Ita,
1457 2297 1495 2349 l.
1517 2313 1600 2362 vt,
1617 2297 1678 2349 B.

653 2374 747 2439 G.,
764 2393 813 2427 c.
842 2375 938 2440 35,
956 2375 1125 2448 quibus
1146 2375 1260 2428 licet
1274 2395 1374 2428 esse
1382 2377 1682 2444 fortunatis·

651 2457 807 2517 simis,
836 2455 935 2508 ubi
958 2468 1136 2511 tamen
1156 2456 1383 2511 varietas
1406 2457 1582 2529 aliq-ua
1604 2458 1686 2509 in-

654 2548 749 2589 est.
770 2531 917 2597 (vide
930 2547 1043 2590 not.
1056 2536 1113 2591 in
1125 2536 1183 2590 h.
1202 2536 1241 2589 l.
1257 2534 1377 2601 )Sic
1394 2550 1573 2591 autem
1591 2556 1688 2609 op·

652 2616 777 2668 timi
796 2616 993 2688 passim
1014 2617 1326 2690 scriptores,
1346 2616 1494 2671 unde
1514 2617 1683 2671 Hein-

653 2696 737 2749 sio
780 2697 1021 2768 placebat
1063 2716 1327 2769 reponere
1366 2700 1564 2750 consuli.
1592 2698 1685 2751 Nil

654 2787 833 2829 tamen
860 2788 1047 2830 contra
1076 2775 1235 2829 codd.
1261 2791 1469 2831 mutare
1492 2778 1681 2831 ausim.

741 2856 793 2909 3.
822 2857 985 2925 Quum
997 2855 1131 2925 fides
1156 2868 1259 2908 tota
1277 2857 1431 2909 Italia
1448 2871 1573 2911 esset
1594 2878 1686 2909 an-

652 2940 861 3005 gustior.
879 2935 993 2990 Cic.
1004 2937 1041 2989 1.
1062 2954 1105 3002 1,
1112 2934 1181 2989 de
1194 2935 1377 3003 offic„
1392 2956 1477 3011 c.7
1494 2957 1582 2991 :ex
1595 2958 1688 3011 quo

657 3015 935 3075 credamus,
958 3018 1073 3087 quia
1080 3014 1190 3087 fiat
1218 3017 1350 3088 quod
1372 3019 1553 3071 dietum
1583 3030 1680 3082 est,

658 3096 953 3167 appellatam
973 3094 1247 3165 essefidem.
1264 3098 1344 3149 Eo
1356 3112 1535 3152 autem
1545 3098 1687 3164 loco,

660 3172 731 3227 de
756 3194 869 3247 quo
893 3175 1127 3246 agimus,
1140 3175 1271 3246 fidas
1300 3178 1377 3233 sie
1403 3180 1470 3231 ab
1496 3178 1687 3231 eodem

658 3255 832 3309 Cicer.
861 3251 1143 3322 definitur,
1164 3276 1267 3329 pro
1292 3259 1407 3329 lege
1434 3258 1657 3311 Manilia
1671 3296 1688 3323 ,

660 3354 709 3391 c.
746 3355 779 3406 7
804 3354 820 3389 :
851 3336 983 3390 Nam
1022 3348 1119 3389 tum
1158 3358 1302 3410 quum
1349 3342 1399 3390 in
1441 3338 1574 3391 Asia
1616 3358 1690 3391 res

664 3434 867 3486 magnas
908 3418 1137 3488 permulti
1178 3424 1469 3480 amira-unt,
1519 3420 1690 3471 scimus

662 3497 859 3559 Romae,
887 3499 1121 3551 solutione
1144 3498 1393 3569 impedita,
1398 3496 1554 3567 fidem
1575 3516 1692 3550 oon-

660 3576 857 3630 cidc‘sso‘
885 3571 1112 3648 (gallice
1151 3579 1195 3630 le
1230 3579 1383 3630 cre'dit
1395 3575 1433 3642 ).
1472 3578 1690 3632 Sueton.

664 3657 887 3729 vespas.
912 3676 960 3711 c.
991 3666 1024 3724 4
1039 3696 1056 3724 ,
1079 3656 1211 3710 dicit
1230 3656 1394 3711 fldem
1422 3658 1586 3711 fuisse
1617 3658 1692 3710 Ia-

668 3736 980 3804 &factatam
994 3738 1187 3802 Plauts,
1204 3738 1373 3807 Pers„
1386 3749 1486 3792 act.
1502 3756 1600 3803 111,
1619 3758 1692 3793 sc.

671 3835 719 3879 1,
733 3836 787 3870 v.
810 3837 900 3886 20,
915 3818 1203 3878 sublestam5
1228 3818 1399 3871 Tacit.
1416 3860 1431 3885 ,
1460 3817 1695 3887 Historj,

666 3896 762 3950 lib.
794 3914 819 3949 1
842 3935 860 3962 ,
882 3916 931 3951 c.
964 3899 1035 3953 88
1052 3935 1065 3955 ‚
1086 3898 1351 3969 afflictam;
1370 3898 1461 3951 hic
1485 3917 1598 3951 non
1626 3900 1697 3949 la·

669 3974 975 4043 &factatam
992 3976 1435 4031 sednolummodo
1444 3982 1695 4048 angustio·

672 4074 769 4107 rem
776 4058 969 4122 factam
994 4057 1225 4111 affirmat
1250 4057 1445 4112 Caesar.
1464 4088 1547 4102 —-·
1563 4058 1698 4111 Con·

670 4140 851 4201 stituit,
872 4148 929 4191 ut
938 4137 1113 4191 arbitri
1124 4138 1369 4193 damner.
1388 4139 1499 4205 Qui
1519 4151 1697 4193 tamen

1761 1347 1904 1388 sorte
1927 1333 2315 1405 deligerentur,
2339 1343 2402 1384 ut
2433 1331 2506 1383 ait
2533 1329 2676 1395 Dio,
2700 1329 2792 1381 lib.

1761 1433 1872 1468 xm.
1898 1415 2130 1487 Appian.
2155 1431 2318 1476 vem,
2345 1413 2406 1464 B.
2441 1411 2562 1465 civ,
2587 1409 2688 1462 lib.
2720 1427 2794 1472 11,

1761 1514 1817 1566 p.
1841 1493 1915 1565 75
1925 1514 1994 1560 a
2022 1492 2248 1547 scribit
2232 1493 2297 1545 iis
2327 1490 2542 1542 arbitrie
2572 1489 2682 1542 hoc
2709 1486 2796 1540 da-

1765 1587 1882 1628 tum
1925 1574 2086 1627 fuisse
2133 1572 2410 1643 negotium
2425 1608 2444 1637 ,
2465 1582 2528 1624 ut
2569 1569 2796 1622 aetima-

1763 1667 1886 1708 rent
1943 1653 2342 1727 possessiones,
2395 1649 2796 1720 creditoresque

1765 1746 2015 1806 cogerent
2055 1753 2142 1786 eas
2177 1733 2234 1784 in
2265 1731 2586 1785 solutionem
2625 1727 2794 1782 debiti

1766 1814 2022 1885 accipere.
2041 1814 2125 1866 Ita
2141 1824 2317 1865 autem
2333 1809 2582 1864 Sueton.
2567 1829 2627 1861 ιιι
2646 1809 2777 1863 cos.
2765 1848 2800 1876 .,

1765 1913 1815 1949 c.
1847 1900 1954 1958 42·
1940 1934 1955 1947 .
1981 1895 2210 1946 Decrevit
2235 1892 2450 1953 tandem,
2475 1902 2534 1942 ut
2561 1889 2798 1941 debitores

1767 1974 2079 2028 creditoribus
2099 1973 2432 2045 satisfacetum
2443 2007 2460 2028 ‚
2472 1989 2566 2040 per
2589 1973 2800 2022 ‹estima-

1770 2058 1942 2106 tionem
1966 2057 2312 2126 possessionum
2328 2091 2344 2114 ,
2383 2054 2557 2124 quanti
2588 2069 2799 2122 quasque

1767 2147 1880 2186 ante
1924 2135 2062 2187 civile
2097 2133 2271 2184 bellam
2298 2141 2685 2202 comparassent,
2717 2130 2799 2180 de-

1768 2214 1912 2266 ducto
1934 2233 2128 2266 summa·
2153 2217 2263 2264 oeris
2286 2211 2461 2272 alieni,
2486 2213 2532 2261 si
2551 2209 2676 2282 quid
2687 2229 2799 2262 usu·

1771 2313 1842 2346 ναι
1872 2297 2060 2346 nomim-
2093 2303 2390 2345 numeratum
2436 2303 2526 2341 aut
2553 2293 2800 2361 perscrip-

1771 2376 2069 2442 tum-finisset.
2091 2367 2182 2433 (id
2201 2385 2278 2426 est
2289 2411 2306 2438 ,
2319 2369 2551 2423 deducto
2568 2389 2636 2421 eo
2653 2368 2799 2441 quod

1769 2473 1944 2509 usurae
1966 2453 2188 2507 nomine
2216 2463 2558 2504 numeratum
2583 2450 2800 2517 fuisset,

1771 2554 1933 2589 usura
1961 2534 2200 2607 primum
2231 2532 2470 2586 unciaria
2497 2530 2762 2603 permissa
2781 2569 2798 2596 ,

1771 2613 1968 2669 deinde
1987 2612 2389 2678 semiunciaria,
2414 2624 2690 2683 postremo
2712 2630 2800 2664 ve·

1771 2698 1884 2750 tita.
1896 2693 2016 2760 )-—
2031 2696 2222 2765 Quanti
2241 2710 2440 2765 quaeque
2461 2692 2688 2752 illarum,
2714 2702 2800 2743 etc.

1771 2778 1910 2829 Nam
1942 2776 1987 2829 si
2017 2774 2254 2855 pretium
2283 2790 2514 2845 praesens
2541 2771 2800 2823 constitu-

1773 2870 1892 2910 tum
1926 2868 2093 2921 esset,
2121 2874 2182 2908 ea
2221 2865 2335 2907 erat
2373 2864 2505 2904 tunc
2545 2850 2802 2921 temporis

1771 2936 2012 3009 pecunia
2025 2935 2226 3007 inopia,
2239 2947 2302 2986 ut
2317 2931 2590 3003 debitores
2605 2950 2674 2983 aa
2688 2931 2804 2983 alie-

1772 3036 1904 3071 num
1923 3017 2126 3071 solvere
2143 3034 2254 3066 non
2271 3012 2570 3086 potuissent
2586 3049 2604 3075 ,
2622 3011 2802 3063 etiam·

1775 3097 1820 3150 si
1835 3098 1962 3169 ipsoe
1976 3114 2164 3149 eorum
2175 3093 2530 3167 possessiones
2544 3093 2646 3152 suh
2657 3092 2804 3143 hasta

1775 3177 2058 3230 venissent.
2091 3178 2260 3246 Erg0,
2281 3192 2383 3245 pro
2409 3170 2535 3225 data
2566 3172 2635 3223 ab
2667 3171 2805 3223 arbi-

1777 3258 1871 3310 tris
1893 3276 2075 3309 rerum
2101 3268 2153 3309 et
2173 3254 2566 3327 possessionum
2593 3252 2806 3303 aestima·

1780 3338 1962 3402 tione,
1991 3326 2203 3389 debitor
2233 3352 2336 3387 aere
2367 3333 2540 3385 alieno
2569 3332 2804 3385 solveba-

1779 3429 1886 3471 tur.
1916 3409 2049 3478 Dio,
2084 3416 2179 3469 lib.
2207 3434 2332 3481 xm,
2365 3412 2518 3465 addit
2547 3412 2804 3465 Caesarem

1778 3496 1946 3568 legem
1972 3496 2082 3549 hoo
2105 3510 2346 3567 tempore
2379 3494 2586 3559 tulisse,
2605 3512 2676 3545 ne
2694 3489 2804 3563 quis

1779 3578 1838 3629 in
1862 3596 1993 3629 auro
2011 3577 2097 3630 vel
2115 3586 2332 3647 argento
2349 3572 2679 3644 possideret,
2693 3572 2804 3642 plus

1779 3674 1942 3728 quam
1966 3661 2034 3710 60
2047 3655 2373 3720 sestertium,
2394 3654 2702 3724 ἀπηγόρευσε
2721 3668 2804 3720 μη-

1781 3732 1907 3789 δένα
1919 3740 2086 3790 πλεῖον
2099 3733 2510 3801 πεντακισχιλίων
2528 3731 2614 3784 καὶ
2635 3731 2803 3803 μυρίων

1782 3813 2021 3889 δραχμῶν
2045 3818 2092 3869 ἐν
2123 3816 2332 3887 ἀργυρίῳ
2357 3814 2390 3870 ἢ
2419 3812 2506 3866 καὶ
2532 3812 2715 3882 χρυσίῳ
2735 3828 2806 3861 κε-

1785 3903 1993 3955 κτῆσθαι
2014 3913 2028 3947 :
2049 3894 2196 3968 quod
2206 3891 2770 3962 confirmatTac.A.nn.
2787 3924 2805 3953 ,

1781 3978 1821 4032 1.
1842 3996 1983 4043 v1,o.
2008 3980 2100 4043 16,
2119 3994 2288 4049 quum
2307 3972 2469 4026 dicit:
2493 3972 2806 4041 Iegemfuisso

1785 4058 2036 4110 dictatoris
2051 4056 2278 4119 Coesaris,
2295 4074 2391 4127 qua
2403 4051 2615 4105 demodo
2625 4050 2809 4104 creden·

1785 4139 1853 4203 di,
1861 4136 2234 4214 possidendique
2251 4140 2380 4190 intra
2387 4134 2589 4190 ltaliam
2605 4140 2808 4188 eantur·
