3025 5025
1002 450 1580 525 AFRICANo.
2218 451 2368 549 495

222 567 517 665 legiones
558 573 846 651 invicem
880 574 969 645 ad
1005 590 1383 645 extremum
1420 596 1672 668 agmen·
1708 571 2050 645 evocabat.
2093 576 2200 644 Ita
2240 579 2377 647 vim

212 675 515 759 ,hostium
532 734 553 769 ‚
596 679 857 774 placide
900 680 1265 775 leniterque
1308 680 1680 776 procedens
1699 714 1742 768 ,·
1775 686 1898 773 pei·
1943 679 2378 777 legionarium

215 781 501 862 ‚militem
544 787 965 862 commodius
1004 788 1395 859 sustinebat.
1448 788 1730 859 Interim
1761 787 2082 881 ‘equitum
2129 791 2377 859 Numi-

217 888 461 961 darum
488 896 697 987 copiae
730 894 968 965 dextra
996 896 1391 988 sinistraque
1415 919 1538 989 per
1567 892 1768 963 colles
1805 911 2213 992 praecurrere
2229 948 2248 983 ‚
2276 922 2380 966 co-

215 1020 532 1092 ronaeque
548 1001 619 1067 in
636 1000 913 1072 modum
936 1002 1208 1097 cingere
1230 999 1654 1071 multitudine
1673 1022 1793 1070 sua
1805 1001 2086 1069 Caesaris
2115 1004 2379 1096 copias;

214 1127 377 1197 pars
422 1129 665 1199 agmen
718 1122 1091 1179 extremum
1138 1109 1413 1202 insequi.
1456 1108 1742 1178 Caesaris
1798 1120 2023 1175 autem
2065 1132 2205 1176 non
2238 1132 2382 1179 am-

214 1209 395 1307 plius
427 1225 563 1295 tres
598 1227 717 1284 aut
750 1228 1039 1309 quatuor
1080 1212 1322 1289 milites
1357 1214 1655 1283 veterani
1691 1214 1746 1283 si
1771 1238 1841 1283 se
1866 1216 2380 1307 convertissent,

219 1330 288 1385 et
321 1314 459 1411 pila
485 1320 738 1391 viribus
774 1334 1095 1403 contorta.
1118 1323 1190 1390 in
1217 1320 1546 1393 Numidas
1588 1319 1866 1391 infestos
1915 1321 2380 1415 conjecissent,

218 1420 507 1517 amplius
542 1428 616 1497 II
649 1425 934 1501 millium
950 1444 1267 1497 numero·
1284 1426 1371 1497 ad
1400 1436 1618 1497 unum
1658 1440 1851 1521 terga
1887 1428 2238 1497 vertebant
2257 1480 2277 1515 ‚
2301 1454 2378 1499 ae

219 1554 456 1599 rursus
498 1530 587 1601 ad
626 1534 837 1603 aciem
872 1536 1123 1629 ‚passim
1136 1586 1159 1621 ‚
1191 1534 1541 1604 conversis
1581 1534 1766 1626 equis
1781 1584 1800 1619 ‚
1841 1558 1914 1601 se
1951 1532 2381 1628 colligebant,

220 1650 427 1730 atque
458 1638 531 1713 in
566 1641 783 1732 spatio
822 1640 1407 1735 consequebantur
1426 1693 1446 1728 ‚
1498 1652 1567 1709 et
1601 1638 1825 1733 jacula
1873 1640 1946 1707 in
1984 1639 2382 1735 legionarios

222 1742 689 1834 conjiciebant.
728 1750 837 1816 Ita
874 1750 1157 1835 Caesar,
1173 1746 1404 1817 modo‘
1436 1745 1895 1841 procedendo,
1939 1746 2144 1815 modo
2180 1751 2384 1817 resis-

222 1848 470 1937 tende,
506 1850 759 1935 tardius
792 1855 1047 1923 itinere
1062 1852 1410 1941 confecto·
1420 1854 1656 1925 noctis
1694 1852 1864 1921 hora
1900 1853 2116 1947 prima
2150 1879 2382 1924 omnes

222 1980 387 2034 suos
440 1955 529 2039 ad
576 1982 787 2041 ,tinum
840 1962 911 2032 in
952 1946 1233 2031 nastris³
1238 2004 1245 2009 -
1300 1958 1712 2046 incolume3‚
1735 1960 2006 2031 sauciis
2039 1963 2110 2029 X
2153 1960 2344 2031 factis
2363 2014 2384 2047 ‚

112 2133 133 2143 „
224 2062 511 2133 reduxit.
534 2054 875 2153 Ismenus
892 2120 915 2153 ,
934 2068 1209 2139 circiter
1222 2068 1425 2137 CCC
1418 2067 1720 2154 amissiS‚
1737 2064 1966 2135 multis
1993 2066 2385 2159 vulneratiS,

226 2192 311 2239 ac
356 2168 628 2240 defessis
670 2172 980 2245 instando
1028 2173 1378 2261 omnibu3‚
1420 2172 1507 2243 ad
1550 2196 1706 2241 suos
1741 2196 1814 2240 se
1853 2175 2124 2267 recepit.
2165 2176 2389 2270 Scipio

223 2274 497 2346 interim
550 2276 843 2398 legiones
906 2278 1269 2397 productas
1324 2304 1479 2349 cum
1537 2276 1908 2371 elephantis
1937 2330 1958 2365 ‚
2005 2304 2174 2372 quos
2231 2296 2388 2351 ante

226 2395 451 2450 castra
494 2382 563 2450 in
602 2387 743 2455 acie
776 2386 1049 2455 terroris
1098 2387 1309 2479 gratia
1342 2388 1411 2455 in
1444 2398 1810 2477 conspectu
1854 2385 2138 2453 Caesaris
2181 2385 2384 2455 collo-

86 2506 195 2656 ἶ
226 2502 537 2577 caverat,
574 2491 883 2562 reducit
864 2517 935 2564 in
976 2505 1213 2562 castra.
1285 2534 1294 2542 α

340 2597 594 2666 LXXI.
638 2601 866 2670 Caesar
906 2613 1155 2668 contra
1179 2595 1503 2692 ejusmodi
1541 2574 1836 2676 hostium
1880 2620 2125 2691 genera
2159 2601 2386 2693 copias

230 2725 428 2789 suam,
452 2727 591 2773 non
616 2720 693 2774 ut
720 2708 1087 2810 imperator
1112 2707 1495 2800 exercitum
1502 2716 1895 2802 veteranum
1929 2705 2388 2800 victoremque

229 2809 539 2909 maximis
577 2809 775 2884 rebus
826 2813 1061 2908 gestiS‚
1097 2811 1233 2910 sed
1255 2825 1333 2881 ut
1358 2786 1616 2882 lanista
1656 2809 1948 2878 tirones¹
1993 2809 2390 2904 gladiatores

229 3006 408 3078 jubet.
446 2961 663 3058 Etiain'
646 3023 705 3056 m
724 3004 830 3057 hoc
862 3003 1065 3076 capite,
1096 3003 1273 3060 omni-
1360 2999 1664 3053 diatoriam.
1665 3002 1759 3053 De
1769 2999 2004 3054 militum
2017 3002 2393 3058 exercitatione

234 3089 425 3156 uoq-ue·
448 3083 561 3137 hac.
574 3085 909 3152 narratione,
930 3102 1047 3156 cap
1032 3069 1221 3153 6827
1214 3100 1273 3148 ι,

236 3162 565 3219 Guischard.
609 3165 715 3216 sihi
750 3165 895 3218 visus
940 3176 1019 3216 est
1054 3181 1275 3218 manum

237 3245 699 3315 interpolatricem
750 3243 1009 3297 decoxisse
1057 3261 1073 3295 ε
1118 3253 1277 3313 negat

238 3325 394 3378 enim
408 3363 425 3389 ‚
446 3323 560 3376 haec
582 3325 655 3376 ita
668 3362 685 3390 ,
710 3336 772 3376 ut
798 3324 994 3394 scripta
1017 3333 1175 3388 sunt,
1208 3323 1276 3376 ab

236 3404 469 3460 homine
500 3403 747 3457 militaris
767 3403 848 3457 rei
882 3403 1058 3474 perito
1084 3403 1277 3468 scribi,

240 3505 306 3540 ac
324 3503 401 3538 ne
410 3477 529 3538 (ieri
546 3481 766 3556 quidem
784 3485 871 3537 sic
883 3483 1123 3555 potuisse
1128 3481 1275 3536 ‚vidi

242 3567 508 3622 Minois-a
538 3566 704 3626 mabit„
726 3565 835 3617 vol.
858 3563 1113 3636 afflagin.
1136 3566 1277 3628 2623

242 3648 313 3702 T.
356 3665 409 3698 3.
442 3664 561 3717 pag.
580 3646 725 3700 ’.363
750 3644 829 3698 Μ.

334 3727 389 3780 3.
432 3726 497 3777 In
528 3729 713 3778 casm.
748 3723 835 3777 Sic
860 3719 1017 3776 codd.
1064 3719 1280 3775 Rectius

246 3809 437 3862 fobet·
416 3825 471 3858 ιιι
499 3817 689 3866 castra,
720 3817 780 3856 ut
806 3801 1024 3856 edidere
1054 3803 1279 3854 Vascos.

246 3903 305 3944 et
331 3885 519 3957 Steph.

332 3967 469 4020 Cu».
496 3965 695 4017 LXXI.
722 3981 770 4016 1.
802 3961 873 4016 Ut
890 3961 1070 4014 lanista
1091 3964 1280 4012 tirones.

244 4046 489 4102 taniam
510 4057 663 4098 erant
680 4043 775 4116 qui
796 4041 1061 4106 docebant
1086 4039 1283 4113 gladia-

246 4139 401 4198 tores
430 4121 703 4178 bsmendo
728 4121 956 4177 rudibus
978 4133 1145 4175 artem
1173 4121 1283 4193 gla-

1360 3081 1475 3152 lege
1500 3081 1788 3152 vegetium
1802 3119 1819 3146 ,
1849 3099 2011 3151 quam
2035 3087 2140 3135 nec'
2160 3101 2216 3136 se
2244 3082 2391 3137 indi-

1359 3179 1521 3232 guam
1541 3161 1716 3214 Gaessr
1728 3159 2004 3232 judicavit.
2024 3161 2250 3216 Tirones
2269 3164 2392 3236 qui-

1362 3240 1489 3293 dem
1517 3238 1764 3314 quotidie
1787 3253 1840 3293 et
1860 3251 2016 3294 mane
2045 3253 2098 3294 et
2117 3261 2146 3294 a
2167 3243 2399 3296 meridie

1330 3367 1335 3372 .
1362 3321 1614 3374 omnibus
1645 3334 1914 3373 armorum
1939 3321 2220 3392 generibus
2241 3342 2391 3377 exer-

1361 3403 1622 3456 cebantur
1639 3401 1897 3466 ‚veterani
1904 3419 2033 3454 vero
2047 3402 2227 3455 semel.
2237 3401 2392 3455 Idem

1362 3481 1588 3552 Augusti
1617 3487 1776 3552 atque
1804 3479 2028 3532 Adriani
2055 3480 2392 3534 constitutio·

1364 3562 1524 3614 nibus
1557 3561 1629 3613 ait
1645 3572 1862 3612 cautum
1879 3598 1894 3625 ‚
1919 3572 1982 3612 ut
2009 3571 2092 3613 ter
2119 3562 2179 3613 ‘in
2210 3579 2393 3614 mense

1364 3653 1476 3693 tam
1504 3641 1709 3710 equites
1739 3656 1900 3710 quam
1923 3639 2128 3710 pedites
2155 3641 2393 3694 ambula·

1367 3733 1479 3774 tum
1499 3718 1884 3772 educerentur.
1917 3719 2036 3771 Hoc
2061 3721 2206 3773 enim
2226 3722 2392 3774 verbo

1369 3819 1544 3872 genus
1564 3799 1726 3870 hujus
1751 3799 2138 3852 exercitationis
2169 3801 2400 3872 appella

1370 3891 1475 3933 tur.
1486 3879 1540 3931 X
1549 3878 1716 3931 millia
1728 3895 1976 3950 passuum
1989 3889 2218 3934 armatus
2226 3877 2398 3952 gradu

1370 3960 1466 4012 illo
1488 3958 1706 4010 militari
1725 3977 1886 4029 quem
1914 3957 2145 4012 diximus
2171 3961 2282 4013 ibat
2308 3981 2393 4015 re-

1372 4038 1660 4115 (libatque,
1688 4036 1781 4090 sed
1803 4057 2052 4109 magnam
2077 4035 2283 4112 partem
2305 4041 2395 4094 iti-

1373 4119 1518 4174 neris
1569 4118 1813 4190 pleniore
1857 4118 2026 4189 gradu
2052 4155 2069 4186 ‚
2111 4121 2396 4176 maximam·
