3025 5025
589 440 740 582 2'46
903 497 981 564 C.
1036 494 1320 564 JULII
1376 491 1841 562 CAESARIS
1894 491 2444 562 COMMENT.

585 630 888 722 regiones
931 626 1210 696 aberant
1256 624 1521 719 longius
1542 678 1561 712 ‚
1597 623 1761 694 locis
1798 623 1997 692 certis
2054 624 2297 692 horrea
2350 623 2701 692 constituit
2723 675 2744 709 ‚

582 749 1024 827 vecturasque
1061 732 1378 802 frumenti
1412 731 1711 800 finitimis
1736 730 2128 799 civitatibus
2168 729 2555 824 descripsit3
2578 731 2745 798 item

577 842 778 910 Lisso
822 840 1287 933 Parthinisque
1307 891 1327 926 ‚
1363 853 1432 906 et
1467 837 1779 906 omnibus
1812 835 2132 923 castellis,
2170 836 2347 930 quod
2383 850 2559 906 esset
2599 835 2745 904 fru-

584 949 830 1030 menti,
875 946 1179 1039 conquiri
1222 945 1450 1037 jussitz·
1477 945 1559 1012 Id
1603 958 1748 1012 erat
1790 944 2255 1037 perexiguum,
2287 935 2493 1036 quum
2530 943 2745 1036 ipsius

583 1053 728 1146 agri
758 1067 1030 1139 natura,
1071 1051 1252 1146 quod
1299 1066 1455 1120 sunt
1489 1049 1639 1120 loca
1675 1059 2013 1178 aspera‘ft
2048 1063 2437 1136 montuosa,
2468 1073 2549 1117 ac
2588 1047 2745 1142 ple·-

585 1183 868 1252 rumque
893 1172 1176 1226 utuntur
1202 1157 1542 1226 frumento
1568 1153 1985 1251 importatoss
1970 1170 2146 1224 ·tum
2170 1155 2355 1248 quod
2379 1155 2749 1249 Pompeius

581 1265 726 1333 haec
755 1264 1170 1358 providerat,
1199 1278 1266 1332 et
1294 1262 1747 1358 superioribus
1773 1262 2010 1331 diebus
2036 1262 2276 1357 praedae
2303 1261 2453 1330 loco
2483 1262 2750 1330 Parthi-

584 1395 707 1440 nos
737 1371 1098 1457 habuerat,
1132 1369 1677 1463 frumentumque
1706 1394 1905 1438 omne
1941 1370 2419 1462 conquisitum,
2442 1367 2753 1462 spoliatis

582 1477 976 1570 effossisque
1017 1501 1252 1544 eorum
1295 1477 1638 1564 domibuS‚
1680 1501 1800 1569 per
1836 1477 2089 1568 equites
2132 1489 2611 1569 comportarat.

688 1585 942 1652 XLIII.
1001 1583 1266 1671 Quibus
1304 1583 1504 1652 rebus
1550 1584 1831 1676 cognitis
1850 1635 1871 1668 ,
1912 1584 2137 1650 Caesar
2170 1581 2519 1650 consilium
2562 1583 2748 1676 capit

583 1714 664 1757 ex
703 1687 838 1757 'loci
880 1703 1139 1757 natura.
1183 1691 1396 1758 Erant
1435 1689 1615 1757 enim
1655 1691 1907 1758 circum
1960 1703 2179 1758 castra
2223 1689 2535 1781 Pompeii
2581 1713 2749 1782 per-

585 1793 778 1862 multi
840 1795 998 1863 editi
1043 1809 1242 1888 atque
1299 1798 1518 1891 asperi
1571 1794 1773 1866 colles
1820 1821 1836 1863 ε
1896 1795 2023 1865 hos
2078 1796 2367 1888 primum
2416 1794 2749 1888 praesidiis

581 1902 826 1989 tenuit,
870 1899 1270 1996 castellaque
1309 1902 1403 1970 ibi
1438 1900 1861 1971 communit¹.
1894 1901 2092 1984 Inde,
2129 1917 2207 1970 ut
2244 1900 2375 1970 loci
2418 1902 2749 1995 cujusque

583 2021 824 2074 natura
845 2006 1132 2095 ferebat,
1145 2033 1229 2076 ex
1245 2007 1519 2078 castello
1538 2011 1607 2076 in
1627 2006 1969 2078 castellum
1990 2008 2313 2102 perducta
2335 2009 2749 2095 munitione,

583 2110 1086 2182 circumvallare
1129 2117 1523 2208 Pompeium
1584 2113 1900 2184 instituit²
1926 2141 1939 2182 :

581 2323 768 2375 batum
797 2363 814 2391 ,
856 2325 1015 2378 fascia
1060 2325 1372 2380 redimitum
1386 2365 1403 2394 ,
1436 2347 1466 2380 e
1513 2346 1619 2399 qua

584 2416 807 2473 surgunt
825 2406 918 2456 alae
939 2403 1058 2458 duae
1079 2425 1092 2458 :
1117 2407 1173 2458 in
1195 2409 1400 2478 postico
1423 2408 1616 2473 latere,

585 2482 653 2553 Q.
690 2485 807 2537 Titi.
851 2485 1076 2556 Pegasus
1104 2505 1263 2559 supra
1291 2487 1475 2542 basim.
1505 2489 1617 2541 Alae

583 2575 760 2615 autem
779 2565 1095 2620 tribuuntur
1113 2568 1285 2637 poetis
1296 2605 1313 2632 ,
1333 2569 1404 2620 ob
1423 2569 1617 2621 celeres

581 2660 766 2695 eorum
787 2646 1147 2715 cogitationes.
1175 2647 1240 2698 In
1272 2649 1617 2718 sequentibus

580 2724 850 2788 nummis,
889 2725 1146 2795 Pegasus,
1187 2738 1248 2777 ut
1301 2746 1480 2797 supra.
1536 2730 1617 2781 De

582 2816 767 2855 nostro
795 2803 1003 2856 nullum
1026 2817 1168 2857 extat
1185 2820 1613 2861 monumentum.

582 2882 866 2935 Invenitur
884 2884 945 2935 L.
976 2884 1182 2949 Titius,
1213 2886 1280 2937 ab
1311 2886 1523 2951 Hirtio,
1546 2886 1617 2940 de

581 2960 645 3013 Β.
699 2962 848 3014 Alex.
892 2981 938 3015 c.
989 2962 1093 3032 57,
1133 2964 1438 3020 nominatus
1486 2968 1611 3021 trib.

583 3040 738 3092 milit.
777 3041 1000 3112 legionis
1030 3045 1615 3116 vernaculae.—-Lega-

584 3132 698 3171 tum.
725 3120 806 3172 Ita
835 3120 992 3175 codd.
1032 3141 1238 3182 omnes,
1264 3137 1325 3177 ut
1353 3127 1615 3179 referatur

583 3197 652 3251 ad
694 3200 754 3252 P.
787 3200 1106 3255 Canuleium
1126 3239 1140 3261 ‚
1175 3205 1363 3257 solum.
1399 3206 1613 3259 Oberli-

581 3296 715 3343 nus,
747 3298 840 3332 sua
871 3283 1214 3348 auctoritate,
1249 3285 1448 3354 legatos.

669 3378 696 3410 2
707 3399 718 3410 .
733 3358 1016 3431 Importato.
1034 3364 1198 3417 Recte
1213 3364 1288 3417 sic
1303 3363 1422 3418 cod.
1433 3374 1614 3419 noster

588 3437 739 3507 5764
769 3453 823 3492 et
848 3441 936 3493 alii
967 3459 980 3495 :
1011 3444 1258 3496 nonnulli
1274 3482 1291 3509 ‚
1318 3448 1605 3513 importata,

575 3518 806 3585 vitiose3
833 3520 980 3573 unde
999 3520 1356 3594 Oudendorp.
1384 3526 1613 3595 conjecit

583 3600 926 3667 importatitio,
956 3614 1016 3653 ut
1034 3620 1194 3673 supra
1217 3604 1278 3656 B.
1307 3602 1448 3657 Gall.
1469 3605 1506 3656 l.
1534 3624 1611 3670 ιν,

581 3694 627 3729 c.
668 3696 720 3741 ²3
753 3692 805 3731 et
834 3679 1004 3746 infra,
1037 3682 1101 3733 B.
1131 3683 1194 3733 A.
1229 3701 1276 3735 c.
1311 3702 1403 3736 20.

660 3757 792 3809 Cu.
806 3760 1006 3812 XLIII.
1031 3779 1079 3813 1.
1097 3760 1313 3813 Castella
1336 3767 1608 3817 communit.

579 3836 810 3889 Restitui
838 3858 901 3890 ex
933 3837 1224 3894 codicibus.
1248 3842 1380 3909 Alii,
1407 3864 1613 3895 commu·

524 3981 538 3992 ·
579 3919 697 3978 niit,
741 3930 801 3969 ut
849 3918 988 3972 ratio
1035 3931 1338 3991 temporum
1386 3936 1607 3979 constet.

579 3994 703 4049 Non
733 4015 946 4051 necesse
973 4011 1077 4053 est:
1098 4018 1223 4061 narn
1252 4014 1611 4074 praeterquam

578 4074 724 4145 quod
751 4076 978 4131 mu‘tatio
1001 4093 1305 4152 temporum
1335 4083 1393 4135 in
1423 4082 1610 4136 eadem

571 4154 798 4225 periodo
859 4158 1002 4230 apud
1057 4174 1300 4215 nostrum
1356 4162 1609 4234 frequens

1987 2115 2133 2184 haec
2176 2128 2485 2208 spectans
2504 2167 2525 2198 ,
2560 2113 2749 2208 quod

1706 2341 1817 2392 est,
1846 2339 1905 2380 ut
1930 2329 2040 2400 jam
2078 2326 2291 2399 pridem
2318 2324 2559 2378 vidimus
2574 2364 2591 2391 ,
2622 2345 2749 2378 oom-

1706 2411 1861 2459 munit
1887 2427 1989 2479 pro
2022 2410 2315 2468 communiit,
2352 2405 2409 2457 in
2435 2407 2747 2477 praeteritO,

1705 2487 1833 2540 ferri
1869 2499 2070 2560 potest,
2102 2500 2306 2539 veteres
2330 2485 2476 2538 enim
2501 2483 2562 2538 id
2600 2503 2746 2539 ama-

1703 2564 1868 2629 runt(
1887 2572 1929 2619 it
1950 2586 2053 2639 pro
2080 2564 2206 2631 iit),
2230 2567 2311 2620 uti
2350 2584 2415 2619 ex
2455 2568 2635 2637 poetis
2679 2568 2745 2619 li·

1704 2659 1870 2719 quet:
1896 2647 2115 2718 quidam
2160 2648 2476 2698 communivit.
2510 2647 2593 2699 De
2633 2666 2747 2699 cas·

1703 2728 1841 2779 tellis
1869 2726 1980 2780 vid.
2014 2729 2076 2780 Β.
2100 2726 2238 2779 Gall.
2265 2726 2376 2778 VH
2395 2762 2413 2789 ,
2438 2729 2536 2793 69.

1789 2827 1839 2859 τι.
1876 2808 2121 2859 Pet-ducta
2152 2809 2435 2865 munitione,
2457 2806 2747 2876 Pompeium

1702 2888 2061 2939 circumvallare
2130 2889 2352 2938 instituit.
2416 2885 2544 2937 Non
2612 2884 2747 2940 dicit

1702 2979 1889 3019 auctor
1918 2980 2053 3038 quot
2080 2966 2247 3019 millia
2274 2983 2529 3037 passuum
2566 2966 2745 3018 Cassa·-

1700 3046 1775 3099 ris
1814 3046 2045 3100 munitio
2077 3047 2315 3117 amplexa
2346 3044 2430 3097 siti
2459 3046 2535 3097 At
2564 3046 2745 3117 capite

1701 3127 1971 3196 sequenti,
2019 3146 2185 3198 quum
2239 3124 2527 3195 Pompeius
2580 3125 2745 3178 aliam

1700 3204 1825 3258 huic
1858 3205 2131 3259 adversam
2174 3205 2534 3257 munitionem
2584 3205 2745 3257 insti-

1700 3287 1887 3351 tuerit,
1908 3304 2034 3340 xxtv
2058 3285 2281 3339 castellis
2296 3276 2655 3351 constantem,
2674 3305 2743 3339 xv

1700 3365 1834 3419 mill.
1875 3385 2010 3438 pass.
2045 3367 2429 3437 amplexantem
2442 3402 2459 3429 ,
2490 3362 2673 3416 inde'
2650 3384 2743 3435 Ju-

1697 3444 1867 3498 dicari
1892 3458 2071 3517 potest
2094 3445 2446 3499 Caesarianam
2474 3444 2741 3497 munitio·

1696 3545 1823 3579 nem
1876 3526 2200 3596 Pompeiana
2250 3525 2425 3577 multo
2476 3526 2743 3595 majorem

1698 3606 1874 3657 fuisse.
1895 3604 2056 3658 Unde
2078 3606 2168 3658 hic
2198 3601 2562 3657 emendandus
2584 3605 2743 3657 locus

1698 3685 1885 3756 capitis
1909 3688 1982 3740 63
1998 3723 2013 3751 ,
2038 3685 2133 3738 uhi
2155 3683 2224 3738 de
2254 3684 2555 3736 munitione
2586 3698 2739 3737 exte-

1697 3766 1840 3817 riore
1859 3766 2083 3837 loquens
2098 3804 2113 3831 ,
2137 3763 2269 3817 dicit
2286 3804 2300 3832 ,
2322 3784 2419 3835 qua
2444 3764 2601 3815 millia
2618 3784 2740 3834 pas-

1696 3865 1833 3897 suum
1850 3864 1991 3897 xvut
2010 3849 2063 3897 in
2078 3849 2281 3896 circuitu
2300 3856 2409 3895 erat
2424 3844 2701 3913 complexus
2716 3863 2737 3895 .·

1696 3942 1822 3977 nam
1847 3925 1890 3977 si
1915 3925 2106 3977 XVIII
2144 3924 2311 3977 millia
2339 3942 2478 3994 passi.
2521 3934 2735 3976 tantum

1696 4005 1755 4057 in
1783 4005 2012 4058 circuitu
2040 4005 2270 4057 exterior
2292 4002 2589 4057 Caesariana
2616 4022 2739 4054 mu-

1694 4085 1833 4138 nitio
1863 4085 2102 4157 amplexa
2132 4085 2346 4149 fuisset,
2368 4102 2480 4135 non
2510 4102 2638 4137 sane
2662 4102 2735 4133 xv

1693 4165 1931 4219 millibus
1971 4164 2202 4219 munitio
2244 4163 2565 4235 Pompeiana
2600 4180 2735 4215 con-
