3025 5025
644 477 802 574 ‚510
1452 481 1595 548 DE
1649 481 2010 550 BELLO

642 616 914 688 rentur,
942 601 1091 670 ideo
1125 601 1307 695 quod
1350 601 1532 672 fama
1572 603 1656 674 de
1699 605 1982 674 victoria
2017 603 2300 676 Caesaris
2337 610 2788 699 praecucurris·

646 723 777 793 set3
821 710 889 777 vi
936 707 1185 803 oppido
1231 710 1467 803 potiti,
1515 713 1588 778 in
1632 711 1856 782 medio
1901 711 2052 780 foro
2102 709 2298 807 lignis
2333 720 2790 802 -coacervatis,

641 815 1085 909 omnibusque
1139 817 1339 886 rebus
1394 822 1628 888 eorum
1691 819 2026 912 congestis
2047 871 2066 904 ,
2117 820 2342 914 ignem
2401 820 2791 914 subjiciunt,

640 937 842 1016 atque
865 922 1007 1016 ejus
1042 923 1273 1018 oppidi
1308 922 1560 995 incolas
1597 923 1919 1019 cujusque
1956 927 2218 1020 generis
2245 928 2596 1020 aetatisque
2623 930 2790 998 vivos

642 1031 1172 1123 constrictosque
1206 1030 1275 1098 in
1304 1030 1646 1100 flammam
1675 1032 2082 1126 conjiciunt,
2109 1047 2309 1127 atque
2338 1035 2429 1104 ita
2463 1028 2791 1106 acerbissi-

642 1163 755 1206 mo
770 1135 1075 1206 afficiunt
1093 1135 1456 1232 supplicio:
1478 1137 1719 1208 deinde
1746 1141 2052 1233 protinus
2082 1140 2356 1210 Uticam
2384 1143 2790 1235 perveniunt.

642 1245 1003 1338 Superiore
1046 1259 1349 1338 tempore
1392 1247 1487 1314 M.
1529 1247 1740 1333 Cato,
1784 1246 1964 1340 quod
2008 1248 2078 1316 in
2120 1244 2594 1317 Uticensibus²
2644 1273 2792 1341 pro-

639 1365 791 1445 pter
835 1349 1239 1420 beneficium
1276 1349 1441 1446 legis
1482 1354 1522 1422 J
1525 1349 1673 1420 uliae
1713 1375 1950 1446 parum
1995 1354 2126 1424 suis
2170 1353 2470 1447 partibus
2515 1354 2789 1448 praesidii

639 1481 783 1526 esse
824 1459 1318 1528 existimaverat
1344 1509 1365 1546 ‚
1411 1457 1674 1552 plebem
1715 1461 2040 1532 inermem
2075 1459 2328 1554 oppido
2362 1461 2698 1553 ejecerat3
2735 1477 2793 1532 et

636 1579 791 1632 ante
842 1579 1111 1658 portam
1153 1564 1471 1634 Bellicam
1514 1567 1749 1638 castris
1800 1567 2110 1660 fossaque
2155 1565 2436 1661 parvula
2477 1567 2795 1638 duntaxat

636 1668 1004 1758 munieratj
1027 1673 1249 1766 ibique
1275 1671 1590 1743 custodiis
1617 1672 2043 1742 circumdatis
2063 1725 2084 1760 ,
2109 1673 2412 1745 habitare
2441 1690 2791 1771 coegerat:

638 1792 945 1847 senatum
982 1794 1207 1848 autem
1242 1777 1479 1873 oppidi
1521 1779 1822 1870 custodia
1859 1780 2146 1851 tenebat.
2195 1783 2453 1850 Eorum
2497 1796 2718 1852 castra
2751 1783 2792 1852 ii

636 1886 891 1978 equites
928 1884 1146 1956 adorti
1190 1871 1612 1980 expugnare³
1651 1901 2035 1982 coeperunt,
2069 1887 2222 1956 ideo
2252 1887 2435 1981 quod
2475 1913 2596 1958 eos
2639 1911 2792 1982 par-

634 1991 813 2061 tibus
848 1995 1131 2062 Caesaris
1168 1991 1409 2062 favisse
1462 1993 1765 2062 sciebant
1784 2047 1804 2080 ‚
1841 2007 1950 2076 ut,
1989 1995 2082 2064 eis
2119 1993 2488 2064 interfectis
2507 2047 2527 2082 ‚
2565 2019 2792 2064 eorum

634 2099 927 2192 pernicie
976 2099 1279 2170 dolorem
1340 2125 1538 2170 suum
1583 2099 2080 2172 ulciscerentur.
2127 2101 2482 2170 Uticenses
2509 2154 2530 2186 ‚
2573 2103 2790 2170 animo

638 2203 865 2274 addito
904 2229 987 2274 ex
1032 2207 1311 2276 Caesaris
1356 2207 1636 2276 victoria
1653 2261 1674 2293 ‚
1715 2205 2042 2301 lapidibus
2086 2207 2502 2300 fustibusque
2545 2209 2790 2302 equites

636 2310 1044 2406 repulerunt.
1082 2316 1320 2407 Itaque
1360 2326 1798 2408 posteaquam
1835 2328 2054 2386 castra
2089 2339 2224 2382 non
2264 2328 2634 2408 potuerant
2670 2339 2787 2408 po·-

632 2421 779 2504 tiri,
815 2422 1087 2491 Uticam
1124 2445 1193 2492 se
1222 2421 1293 2490 in
1322 2419 1648 2515 oppidum
1683 2421 2145 2516 conjecerunt,
2171 2435 2374 2516 atque
2412 2421 2506 2489 ibi
2549 2420 2788 2494 multos

634 2529 991 2603 Uticenses
1022 2528 1538 2612 interfecerunt,
1569 2527 1936 2623 domosque
1975 2550 2209 2597 eorum
2241 2542 2790 2623 expugnaverunt

634 2659 713 2703 ac
756 2633 1195 2729 diripuerunt.
1237 2634 1503 2723 Quibus
1543 2660 1752 2728 quum
1795 2637 1966 2704 Cato
2009 2634 2412 2729 persuadere
2453 2634 2643 2705 nulla
2685 2659 2788 2703 ra-

635 2742 813 2811 tione
858 2744 1083 2835 quiret
1101 2730 1148 2829 ⁴,
1191 2756 1267 2809 ut
1308 2765 1536 2811 secum
1586 2742 1912 2837 oppidum
1964 2740 2402 2815 defenderent
2422 2794 2442 2828 ,
2485 2757 2556 2811 et
2619 2742 2787 2811 caede
2871 2816 2880 2825 ,

633 2849 1008 2943 rapinisque
1033 2847 1462 2932 desisterent3
1495 2864 1562 2917 et
1589 2848 1749 2943 quid
1781 2847 1906 2918 sibi
1928 2846 2176 2917 vellent
2205 2850 2445 2935 sciret3
2483 2848 2785 2919 sedandae

633 2979 869 3024 eorum
908 2957 1429 3049 importunitatis
1472 2957 1690 3049 gratia
1733 2953 2006 3049 singulis
2052 2957 2166 3024 HS
2215 2955 2273 3022 C
2315 2953 2559 3024 divisit.
2606 2956 2786 3025 Idem

720 3158 771 3193 2.
818 3137 971 3208 Quod
1002 3137 1303 3190 Uticensibus
1403 3156 1582 3207 parum
1618 3139 1668 3187 in

631 3223 729 3271 suis
755 3218 998 3289 partibus.
1040 3220 1169 3289 Leg.
1206 3218 1340 3291 quod
1364 3221 1415 3269 in
1450 3216 1566 3269 Utic

627 3318 803 3369 parum
832 3303 933 3349 suis
954 3299 1195 3369 partibus.
1232 3298 1385 3351 Hanc
1420 3295 1667 3350 admoni-

632 3380 843 3433 tionem
854 3378 1047 3431 Faerni
1068 3378 1296 3450 protulit
1318 3376 1666 3442 Ciacconius3

634 3460 881 3515 Clarkius
918 3471 974 3511 et
1014 3456 1270 3511 Oudend.
1304 3458 1573 3529 probant3
1615 3468 1668 3509 et

632 3540 873 3613 loquitur
894 3540 1008 3611 ipsa
1027 3558 1133 3593 ree.
1154 3540 1233 3593 M.
1255 3540 1321 3591 In
1342 3557 1404 3590 re
1422 3550 1535 3590 tam
1561 3554 1670 3589 ma·

631 3624 823 3675 nifesta
838 3619 973 3694 quid
987 3621 1177 3673 attinet
1203 3637 1441 3672 errorem
1456 3635 1668 3671 servare

632 3704 891 3757 intactum
908 3700 931 3753 Ρ
948 3700 1269 3773 transposita
1285 3698 1667 3771 praepositione

631 3785 785 3837 ulcus
804 3781 1003 3837 sanavi.
1020 3781 1168 3853 Lips.
1188 3784 1298 3852 jam
1312 3790 1542 3832 notarat.
1559 3777 1664 3831 On.

630 3896 712 3909 --
739 3864 951 3936 Propter·
987 3861 1139 3929 benef.
1180 3863 1273 3931 leg.
1308 3860 1461 3911 Julioe
1494 3856 1568 3911 de
1595 3857 1663 3910 li·

630 3946 839 3997 bertate
898 3943 1205 3999 civitatibus
1262 3940 1668 4013 provinciarum

634 4037 787 4079 antea
824 4023 1007 4078 liberis
1044 4019 1425 4076 conservanda.
1460 4021 1574 4073 Cic.
1609 4019 1665 4071 in

632 4104 811 4167 Pison.
837 4144 855 4175 ,
874 4123 921 4159 c.
964 4106 1033 4157 16
1060 4121 1075 4156 z
1108 4104 1240 4173 Lege
1271 4101 1485 4155 Coesaris·
1496 4103 1670 4172 justis-

631 4188 755 4237 ,sima
785 4197 929 4256 atque
958 4187 1137 4253 optima
1158 4184 1329 4254 populi
1354 4182 1493 4241 liberi
1517 4183 1668 4251 plane

1755 3148 1808 3187 et
1824 3156 1941 3187 vem
1961 3148 2103 3189 erant
2131 3135 2286 3190 liberi.
2317 3135 2406 3189 Sic
2433 3149 2560 3208 post
2589 3137 2786 3191 Rheni-

1755 3234 1950 3269 eanum
1968 3216 2246 3269 ‘Ce’llarius
2261 3216 2368 3269 hoc
2393 3217 2516 3270 loco
2545 3219 2783 3289 explicat.

1755 3294 2050 3368 Spei-abant
2077 3296 2242 3368 igitur
2255 3334 2274 3361 ‚
2321 3309 2385 3349 ut
2412 3298 2690 3352 Fabricius
2723 3295 2784 3350 ad

1757 3378 1920 3431 Dion.
1947 3378 2092 3430 Cass.
2111 3416 2127 3442 ,
2148 3392 2290 3429 nm
2305 3415 2324 3443 ,
2350 3396 2372 3429 1
2386 3396 2442 3446 o,
2460 3376 2596 3432 dicit
2611 3416 2630 3443 ,
2647 3398 2702 3432 se
2729 3378 2788 3430 li·

1753 3458 2018 3510 bertatem
2053 3457 2166 3527 lege
2213 3457 2436 3511 Caesaris
2469 3470 2782 3513 servaturos.

1754 3537 1834 3591 Μ.
1873 3568 1944 3586 -.-
1975 3536 2375 3590 Existimant-at.
2405 3538 2516 3591 Alii
2541 3542 2784 3591 mbram·

1754 3630 1830 3669 ret
1854 3618 1942 3670 vel
1971 3617 2293 3671 existimabat.

1837 3698 1891 3751 3.
1929 3698 2246 3769 Expugnare.
2271 3698 2462 3751 Potius
2487 3716 2777 3770 oppugnant.

1752 3778 1948 3831 Jumn.
1965 3809 2046 3821 --
2065 3778 2500 3849 Castra-..perid
2524 3778 2666 3843 Alii,
2681 3796 2782 3829 cas-

1755 3864 1859 3910 tris.
1894 3860 2200 3931 Utrumque
2225 3870 2432 3911 rectum
2463 3872 2560 3913 est.

1837 3946 1892 4003 4.
1913 3939 2076 4008 Quum
2097 3938 2303 3991 Cata...
2323 3943 2496 4011 quin-t.
2525 3936 2778 4004 Quodam

1755 4018 1824 4072 de
1847 4019 1934 4071 his
1961 4032 2085 4071 sunt
2117 4019 2173 4071 in
2197 4019 2496 4086 Plutarch„
2523 4020 2710 4073 Geton.
2731 4038 2776 4072 c.

1757 4100 1828 4153 52
1847 4138 1864 4167 ,
1891 4099 1986 4153 63.
2013 4100 2184 4154 M.--
2201 4098 2314 4151 HS.
2353 4098 2414 4153 C.
2453 4101 2583 4153 Non
2615 4111 2692 4151 est
2720 4099 2776 4150 in

1755 4180 1988 4253 antiquis
2019 4180 2174 4234 libris
2200 4178 2326 4241 HS;
2351 4180 2446 4233 vix
2489 4194 2664 4235 tunm
2697 4179 2776 4231 in·
