3025 5025
684 466 837 553 314
1001 466 1077 536 c,
1133 468 1419 535 JULII
1475 430 1941 534 cAEsAms
1998 466 2549 535 COMMENT.

681 626 823 671 sam
865 624 1096 668 versus
1128 624 1197 667 se
1225 601 1526 693 recipere
1564 612 1928 691 coeperunt.
1976 599 2135 686 Qua
2170 623 2285 691 spe
2320 589 2825 689 animadversa⁶‚

681 711 907 777 Caesar
951 709 1176 800 copias
1219 730 1368 774 suas
1405 705 1657 792 divisit,
1686 706 2079 799 partemque
2123 704 2461 799 legionum
2498 707 2567 773 in
2602 709 2825 777 castris

681 815 978 907 Pompeii
1039 838 1382 881 remanere
1419 812 1615 905 jussit
1639 864 1657 899 ,
1698 826 1959 905 partem
1994 813 2065 897 in
2110 836 2230 881 sua
2285 826 2504 881 castra
2544 815 2825 902 remisit3

683 938 972 1013 quatuor
1007 929 1250 989 ‘secum
1307 918 1599 1013 legiones
1670 919 1857 987 duxit
1875 972 1895 1007 ‚
1948 918 2535 1012 commodioreque
2604 921 2825 987 itinere

681 1028 1098 1120 Pompeianis
1135 1050 1492 1094 occurrere
1518 1027 1755 1119 coepit,
1782 1040 1851 1093 et
1873 1050 2264 1119 progressus
2290 1021 2494 1093 millia
2522 1012 2824 1119 passuum

683 1158 830 1218 seit,
869 1137 1080 1201 aciem
1118 1134 1444 1201 instruxit.
1494 1134 1651 1221 Qua
1686 1156 1759 1199 re
1805 1131 2295 1220 animadversa,
2340 1134 2723 1225 Pompeiani
2761 1133 2823 1199 in

682 1240 973 1333 quodam
1003 1254 1232 1307 monte
1250 1241 1695 1308 constiterunt
1722 1265 1737 1306 :
1762 1239 1945 1307 hunc
1972 1252 2272 1306 montem
2300 1238 2554 1306 flumen
2573 1238 2822 1307 sublue-

681 1347 815 1414 bat.
858 1350 1112 1434 Caesar,
1148 1345 1386 1414 milites
1429 1346 1817 1414 cohortatus
1834 1400 1852 1434 ,
1888 1348 2010 1414 etsi
2052 1347 2253 1413 totius
2290 1344 2419 1413 diei
2472 1346 2826 1414 continenti

682 1452 912 1522 labore
955 1466 1147 1545 erant
1191 1452 1513 1539 confecti,
1548 1476 1813 1545 noxque
1845 1453 1985 1545 jam
2023 1452 2327 1538 suberat,
2349 1454 2819 1545 tamen-muni-

604 1594 608 1603 ·
683 1562 863 1627 tione
895 1560 1144 1628 flumen
1173 1584 1213 1626 a
1247 1573 1474 1627 monte
1511 1558 1811 1645 seclusit,
1839 1583 1925 1627 ne
1958 1573 2162 1627 noctu
2186 1561 2420 1652 aquari
2453 1560 2823 1653 Pompeiani

681 1680 972 1760 possent.
1009 1667 1165 1753 Quo
1187 1666 1326 1759 jam
1359 1665 1660 1759 perfeeto
1688 1690 1921 1759 opere,
1959 1664 2051 1732 illi
2084 1665 2165 1732 de
2198 1651 2592 1753 deditione⁵‚
2624 1666 2822 1733 missis

683 1849 883 1903 dieitur
922 1851 1088 1901 relicto
1139 1862 1309 1902 monte.
1353 1850 1624 1903 Puteanus
1668 1862 1721 1903 et
1813 1869 1974 1921 quam
1998 1849 2376 1903 dilucidiorem
2400 1850 2746 1905 efficeremus.
2774 1849 2822 1901 Si

683 1930 958 1984 Manutius
981 1928 1198 1981 demum
1220 1934 1372 1991 viris,
1397 1934 1530 2003 equis
1552 1951 1571 1983 .·
1593 1930 1727 1982 infe-

682 2011 857 2063 liciter
897 2028 1052 2074 sane,
1085 2022 1138 2061 et
1167 2010 1258 2063 vix
1289 2010 1532 2062 latinum.
1573 2010 1718 2075 Qua-

682 2102 906 2161 propter
937 2090 1156 2142 lectioni
1184 2101 1238 2141 et
1265 2090 1606 2161 explicationi
1637 2110 1722 2143 su-

681 2189 780 2241 pra
805 2182 1109 2221 memoratae
1133 2169 1394 2222 adhaereo,

768 2257 820 2313 4.
850 2250 964 2317 Qua
983 2270 1063 2319 spe
1089 2250 1433 2302 animadversa.
1461 2250 1718 2316 Restitui,

685 2349 750 2381 ex
781 2328 940 2382 codd.
975 2330 1169 2383 nostris
1189 2368 1206 2395 ,
1238 2331 1559 2396 quibuscum
1590 2349 1718 2383 con-

683 2410 921 2462 sentiunt
949 2409 1187 2473 Norvic.‚
1215 2411 1420 2474 Erant„
1449 2422 1501 2461 et
1532 2428 1718 2463 omnes

683 2490 795 2542 fere
815 2489 904 2542 alii
923 2488 1081 2543 codd.
1108 2491 1224 2558 Qua
1247 2511 1330 2560 spe
1355 2490 1719 2554 animadversa,

684 2569 742 2623 id
776 2583 879 2635 est,
913 2591 1008 2642 qua
1039 2591 1120 2641 spe
1151 2571 1605 2641 Pompeianorum
1642 2591 1713 2624 sc.

682 2651 798 2702 fore
849 2663 908 2702 ut
947 2651 1212 2703 Larissam
1273 2663 1679 2722 assequerentur
1699 2690 1716 2716 ‚

684 2714 1020 2781 aanadversa
1034 2771 1048 2796 ,
1064 2731 1236 2782 Coesar
1247 2769 1262 2791 ,
1281 2742 1370 2784 etc.
1391 2731 1504 2784 Pet.
1528 2731 1715 2784 Victo-

685 2811 799 2864 rius
821 2849 837 2870 ‚
867 2813 998 2862 Var.
1025 2810 1274 2874 lect..,lib.
1294 2829 1370 2875 1x.,
1389 2829 1434 2862 c.
1463 2817 1551 2874 24,
1576 2811 1715 2864 hanc
1749 2849 1754 2853 -

683 2890 970 2942 lectionem
989 2890 1367 2962 elegantiorem
1385 2889 1612 2943 dicebat.
1629 2891 1718 2942 Illi

685 2970 888 3041 quippe
914 2967 1130 3022 videtur
1153 2989 1262 3022 esse
1291 2972 1540 3024 ἀντίθετον
1566 2990 1719 3042 supe-

680 3049 842 3101 rioris
885 3051 1033 3102 vocis
1077 3049 1251 3119 diffisi,
1287 3051 1443 3122 eique
1487 3051 1654 3102 verbo
1686 3070 1716 3104 a

683 3131 954 3181 contrario
993 3129 1332 3200 respondere.
1367 3131 1437 3183 Et
1465 3129 1525 3182 id
1556 3132 1721 3184 nimis

683 3221 946 3280 argutum,
1005 3208 1424 3281 Oudendorpius
1491 3209 1713 3281 Judicat.

683 3289 915 3360 Vulgata
956 3302 1010 3342 et
1055 3287 1177 3342 edd.
1213 3309 1348 3361 :qua
1394 3311 1444 3340 re
1493 3291 1715 3358 animad-

681 3389 842 3422 versa.

769 3450 818 3502 5.
850 3449 940 3500 Illi
969 3451 1030 3502 de
1072 3450 1326 3501 deditione.
1361 3450 1430 3500 Et
1468 3449 1559 3500 hic
1590 3449 1714 3502 finis

682 3530 982 3601 imponitur
1011 3530 1366 3582 illustrissimo
1411 3529 1551 3581 inter
1597 3550 1714 3581 om-

683 3610 772 3662 nia
804 3611 989 3681 praelio
1021 3604 1358 3672 Pharsali00‚
1380 3608 1448 3661 de
1479 3629 1587 3679 quo
1618 3629 1714 3680 pe-

683 3688 875 3761 pendit
887 3691 1126 3743 universi
1152 3703 1417 3742 terrarum
1449 3691 1595 3742 orbis
1619 3691 1715 3741 im-

680 3772 892 3841 perium
923 3771 1042 3822 ·uni
1093 3770 1211 3822 viro
1269 3769 1711 3824 submittendum.

680 3851 766 3901 Ab
800 3851 950 3902 omni
979 3850 1351 3902 observatione
1376 3863 1535 3922 atque
1564 3870 1713 3903 com-

681 3931 945 3982 mentario
1018 3930 1398 3983 abstinebimus
1436 3949 1449 3984 ε
1483 3915 1713 4001 uanique

684 4008 817 4062 adeo
844 4010 1126 4081 perspicua
1151 4024 1246 4075 est,
1261 4025 1314 4063 et
1337 4013 1587 4064 omnibus
1608 4031 1713 4062 nu-

683 4090 842 4142 meris
871 4090 1109 4141 absoluta
1137 4089 1356 4144 Caesaris
1376 4091 1638 4156 narratio,
1652 4103 1714 4142 ut

679 4187 793 4221 eam
862 4170 1040 4222 verbis
1102 4171 1426 4226 elevaremus
1458 4211 1475 4238 ‚
1534 4172 1715 4242 potius

1810 1932 1955 1983 enim
1977 1942 2037 1982 ut
2053 1931 2635 2002 specimentClassicum
2655 1930 2709 1982 in
2724 1942 2822 1981 arte

1810 2010 2062 2075 militari,
2091 2010 2393 2063 Pharsalica
2418 2028 2601 2081 pugna
2639 2009 2819 2063 exerci-

1809 2103 1962 2143 tuum
1990 2088 2219 2143 ducihus
2248 2090 2603 2161 proponenda
2636 2089 2820 2155 est,ni·

1806 2170 2123 2235 hilominuS‚
2137 2170 2304 2223 veluti
2327 2170 2567 2241 perfecta
2584 2167 2820 2223 narrandi

1807 2270 1996 2301 norma
2013 2288 2029 2313 ‚
2061 2250 2410 2321 scriptoribus
2440 2252 2689 2303 omnibus
2720 2250 2820 2301 haec

1808 2330 2314 2382 commentariorum
2331 2331 2365 2380 J
2369 2330 2465 2382 ulii
2483 2331 2699 2383 Caesaris
2712 2347 2821 2400 pars

1806 2407 2083 2461 offerenda
2132 2410 2355 2461 omnino
2400 2410 2561 2462 nobis
2605 2408 2817 2462 videtur.

1808 2488 2099 2556 Caeterum,
2120 2490 2193 2543 ait
2212 2490 2401 2542 Morus
2414 2529 2431 2556 ,
2446 2488 2515 2542 de
2538 2490 2637 2543 hac
2658 2506 2820 2561 pugna

1805 2567 2105 2623 Pharsalica
2131 2570 2444 2624 conferendi
2468 2583 2594 2623 sunt
2614 2573 2765 2641 App„
2780 2568 2816 2619 l.

1805 2665 1871 2714 11,
1886 2651 2063 2721 75-82
2084 2669 2101 2716 3
2120 2651 2263 2703 Plut.
2281 2651 2337 2702 in
2363 2651 2585 2703 Caesaris
2602 2663 2653 2703 et
2676 2651 2817 2701 Pom-

1804 2731 1915 2800 peii
1942 2731 2065 2782 vitis
2082 2771 2095 2794 ,
2112 2729 2235 2782 ideo
2258 2731 2383 2802 quia
2407 2731 2667 2783 nonnulla
2686 2725 2820 2781 addi-

1806 2807 2003 2863 derunt
2018 2831 2045 2862 a
2063 2810 2269 2863 Caesare
2288 2812 2481 2862 omissa
2496 2849 2513 2873 ‚
2528 2823 2589 2862 ut
2604 2809 2669 2862 de
2681 2810 2820 2861 Pom-

1805 2889 1929 2960 peio
1946 2891 2180 2960 fugiente
2199 2891 2356 2944 :item
2372 2889 2705 2961 de‘lacrymis
2722 2889 2819 2941 Cae-

1806 2971 1909 3022 sari
1939 2983 1993 3022 et
2020 2971 2277 3040 Pompeio
2306 2983 2360 3022 et
2387 2970 2649 3022 militibus
2677 2969 2818 3020 obor-

1805 3050 1873 3101 tis
1904 3046 2074 3112 (vide
2116 3069 2233 3122 quae
2264 3049 2333 3102 de
2360 3047 2462 3102 ‘his
2498 3050 2815 3109 notavimus,

1806 3147 1852 3181 c.
1883 3148 1978 3198 91,
2004 3150 2059 3182 n.
2096 3129 2193 3196 2);
2220 3129 2289 3182 de
2321 3131 2556 3187 Caesare,
2588 3129 2682 3200 qui
2709 3146 2815 3180 suos

1801 3213 2027 3280 jusserat
2057 3209 2294 3263 hostium
2325 3229 2383 3263 os
2417 3223 2470 3262 et
2513 3211 2700 3262 faciem
2728 3225 2814 3278 po-

1806 3289 2071 3341 tissimum
2108 3291 2407 3342 vulnerare.
2448 3290 2555 3342 Dio·
2591 3289 2814 3350 Cassius,

1804 3369 1899 3422 lib.
1924 3389 2015 3422 xm
2032 3408 2049 3435 ,
2086 3371 2155 3423 58
2188 3384 2240 3423 et
2263 3390 2430 3442 seqq.,
2460 3370 2561 3422 etsi
2587 3368 2813 3441 praelium

1804 3469 1915 3501 non
1941 3464 2181 3502 accurate
2202 3449 2505 3521 descripsit,
2529 3462 2702 3501 tamen
2716 3463 2812 3498 non

1804 3531 1919 3582 sine
1945 3549 2103 3582 sensu
2126 3543 2179 3583 et
2205 3528 2411 3600 judicio
2442 3527 2512 3582 de
2536 3549 2600 3582 eo
2625 3530 2813 3581 locutus

1806 3623 1901 3662 est.
1926 3611 2203 3665 Lucanum
2229 3629 2398 3680 quum
2425 3628 2611 3662 omnes
2634 3607 2812 3668 norint,

1805 3691 2083 3743 nominare
2122 3709 2233 3742 non
2279 3709 2415 3760 opus
2458 3702 2538 3742 est
2567 3709 2580 3743 :
2603 3688 2813 3760 pertinet

1802 3783 1980 3822 autem
2004 3771 2112 3822 huc
2134 3771 2385 3822 carminis
2411 3771 2495 3822 sui
2516 3769 2653 3822 liber
2674 3765 2811 3837 septi-

1802 3870 1938 3902 mus,
1964 3850 2184 3903 Caesaris
2215 3851 2273 3902 in
2304 3848 2678 3904 conservandis
2704 3843 2813 3899 civi-

1802 3932 1903 3983 bus
1912 3931 2316 3995 humanitatem,
2331 3943 2383 3982 et
2402 3931 2460 3982 in
2474 3921 2809 3982 condonando

1802 4009 2191 4081 indulgentiam
2205 4049 2222 4076 ,
2254 4029 2440 4062 omnes
2496 4010 2654 4082 hujus
2700 4003 2809 4060 belli

1801 4091 2085 4162 scriptores
2100 4129 2118 4156 ,
2139 4103 2256 4144 tum
2277 4102 2331 4142 et
2354 4091 2546 4143 Cicero
2564 4107 2697 4162 saepe
2711 4101 2807 4138 ma·

1793 4169 2001 4242 gnificis
2012 4171 2189 4226 verbis
2209 4169 2598 4225 collaudatum.
