3025 5025
793 431 1614 504 ALEXANDRINo.
2141 434 2287 534 367

208 589 330 634 cum
365 569 632 687 Graecis,
667 566 1172 661 comparandus.
1205 567 1332 634 Hic
1360 564 1448 634 ob
1475 564 1887 636 notissimam
1923 567 2298 660 scientiam,

205 687 366 766 atquc
398 676 595 744 animi
630 671 1190 767 magnitudinem,
1227 671 1519 743 delectus
1560 686 1663 740 est
1698 671 1783 740 ab
1820 673 2103 745 Rhodiis
2117 729 2137 762 ,
2181 679 2296 772 qui

201 779 510 899 imperium
542 779 764 850 classis
791 779 1138 849 obtineret.
1178 780 1342 868 Qui,
1372 779 1491 848 ubi
1534 779 1814 849 Caesaris
1842 781 2140 850 animum
2179 783 2293 851 ad·-
2364 861 2371 866 ,

201 887 398 975 vertit,
446 916 479 952 α
511 887 776 957 Videris
827 886 1038 974 mihi,
1085 887 1347 978 inquit,
1381 887 1671 972 Caesar,
1729 889 1982 973 vereri,
2035 889 2091 957 si
2148 888 2295 960 haec

199 991 338 1060 vada
375 993 600 1088 primis
634 991 1330 1078 ιιανὼιιεῖιιιιιεινθιιε
1343 1045 1364 1080 ,
1399 1017 1486 1062 nc
1522 994 1705 1087 prius
1744 992 2060 1062 dimicare
2096 1019 2291 1088 coga-

197 1097 267 1166 ris
285 1151 302 1186 ,
333 1124 524 1193 quam
566 1099 892 1195 reliquam
928 1097 1204 1170 classem
1249 1101 1460 1194 possis
1501 1097 1851 1193 explicare.
1894 1099 2107 1170 Nobis
2150 1124 2292 1172 rem

194 1209 524 1276 committe:
557 1233 682 1276 nos
719 1205 1018 1301 praelium
1061 1206 1528 1276 sustinebimus
1572 1197 1598 1294 (
1627 1230 1844 1299 neque
1880 1221 2073 1276 tuum
2116 1208 2321 1300 judi··

193 1310 336 1379 cium
373 1313 670 1383 fallemus
691 1307 720 1404 )
739 1367 758 1401 ,
801 1312 961 1382 dum
1005 1310 1238 1406 reliqui
1287 1312 1792 1406 subsequantur.
1837 1316 1980 1381 Hos
2024 1314 2291 1407 quidem

191 1414 396 1488 diutius
435 1423 507 1488 in
545 1435 780 1489 nostro
816 1434 1179 1514 conspectu
1217 1416 1519 1513 gloriari,
1554 1442 1801 1512 magno
1841 1418 2033 1488 nobis
2070 1433 2138 1488 et
2176 1420 2288 1489 de·-

191 1519 375 1594 decori
403 1541 470 1596 et
495 1525 716 1596 dolori
743 1541 860 1596 est.
895 1556 930 1592 »
973 1528 1199 1595 Caesar
1235 1522 1422 1594 illum
1464 1523 1886 1613 adhortatus,
1917 1539 2115 1619 atque
2146 1551 2289 1596 om·

189 1629 348 1700 nibus
373 1631 676 1702 laudibus
706 1646 1129 1728 prosecutus,
1157 1630 1274 1699 dat
1298 1632 1563 1725 signum
1597 1655 1858 1724 pugnae.
1898 1633 2290 1726 Progressas

188 1731 330 1805 ultra
351 1740 598 1809 vadum
620 1742 722 1809 IV
746 1738 1044 1809 Rhodias
1069 1759 1272 1806 naves
1301 1738 1798 1807 circumsistunt
1822 1736 2289 1829 Alexandrini,

187 1854 348 1936 atque
387 1847 456 1914 in
494 1871 613 1916 eas
649 1848 972 1940 impetum
1017 1843 1288 1913 faciunt.
1335 1844 1680 1914 Sustinent
1722 1841 1855 1932 illi,
1894 1859 2095 1939 atque
2145 1861 2289 1916 arte

187 1945 565 2062 sollertiaque
599 1978 670 2022 se
710 1951 1084 2046 explicant:
1130 1975 1211 2020 ac
1251 1965 1510 2020 tantum
1569 1950 1873 2020 doctrina
1908 1953 2169 2045 potuit,
2214 1967 2291 2021 ut

184 2052 238 2120 in
265 2055 493 2190 dispari
523 2084 814 2128 numero
841 2057 1029 2127 nulla
1057 2073 1436 2127 transversa
1469 2057 1653 2126 hosti
1680 2055 2111 2148 objiceretur,
2138 2057 2288 2127 nul·-

184 2155 280 2230 lius
303 2151 488 2234 remi³
528 2167 1074 2260 deterget-entur,
1111 2163 1229 2234 sed
1259 2188 1523 2258 semper
1546 2164 1967 2233 venientibus
1994 2164 2287 2234 adversae

183 2288 593 2342 occurrerent.
638 2274 930 2340 Interim
947 2285 1104 2340 sunt
1135 2269 1404 2364 reliquae
1428 2270 1817 2339 subsecutae.
1850 2273 2027 2338 Tum
2058 2295 2289 2340 neces·

185 2376 322 2444 sario
343 2377 704 2449 discessum
733 2379 818 2448 ab
850 2366 1028 2446 arte⁴
1050 2390 1182 2466 cst,
1205 2391 1484 2472 propter
1518 2377 1861 2471 angustias
1890 2375 2055 2464 loci,
2086 2391 2286 2470 atque

183 2503 345 2553 omne
368 2501 706 2557 certamen
725 2487 794 2554 in
813 2487 1064 2555 virtute.
1083 2485 1400 2554 constitit.
1425 2485 1663 2578 Neque
1682 2507 1847 2552 vero
1870 2481 2285 2553 Alexandn'ae

182 2584 282 2656 fuit
315 2596 691 2713 quisquam,
727 2608 845 2662 aut
880 2606 1264 2661 nostrorum
1301 2604 1418 2659 aut
1457 2588 1978 2708 oppidanorum,
2008 2591 2124 2683 qui
2170 2605 2286 2659 aut

182 2692 232 2758 in
253 2720 463 2793 opere,
481 2715 599 2769 aut
617 2702 686 2767 in
704 2700 1205 2802 oppugnatione
1231 2710 1633 2791 occupatum
1653 2696 1948 2763 animum
1974 2694 2282 2784 haberet,

179 2803 310 2891 quin
346 2804 658 2877 altissima
701 2820 876 2875 tecta
929 2820 1224 2899 peteret,
1268 2818 1466 2899 atque
1512 2828 1595 2870 ex
1647 2802 1831 2869 omni
1876 2788 2282 2896 prospectu⁵

179 2900 366 2979 locum
399 2911 782 3007 spectaculo
819 2926 1120 3006 caperet,
1161 2910 1605 3006 precibusque
1630 2922 1700 2977 et
1730 2922 1891 2977 voto
1930 2909 2283 2978 victoriam

179 3014 285 3087 ,suis
319 3018 396 3086 ab
434 3022 582 3089 Diis
617 3018 1101 3089 immortalibus
1144 3030 1548 3111 exposceret.

261 3124 432 3193 XVI.
479 3127 760 3197 Minime
797 3140 1019 3193 autem
1050 3149 1173 3219 par
1202 3138 1345 3193 erat
1372 3121 1580 3217 praelii
1618 3135 1973 3191 certamen.
2020 3120 2285 3193 Nostris

175 3226 324 3297 enim
352 3256 624 3325 prorsus
650 3230 668 3255 ¹
707 3256 924 3325 neque
963 3245 1146 3300 terra
1184 3254 1400 3323 neque
1441 3230 1611 3298 mari
1647 3227 1973 3321 effugium
2002 3226 2287 3297 dabatur

242 3465 285 3500 ιι.
309 3448 480 3503 Primis
501 3450 718 3505 navibus.
747 3450 890 3501 Bene
909 3449 1010 3513 sic,
1039 3468 1166 3501 nam
1253 3466 1358 3518 que
1379 3444 1598 3499 demum
1613 3447 1733 3498 loco
1755 3457 1892 3517 stare
1910 3457 1963 3497 et
1975 3446 2285 3517 prospicere

173 3528 377 3597 sequitur
389 3532 619 3603 reliquam
631 3529 846 3582 classem.
864 3527 994 3581 vid.
1024 3528 1166 3581 Gro·
1251 3539 1444 3602 posset.
1465 3526 1543 3579 M.
1559 3525 1767 3578 ——Suis
1784 3524 1847 3576 ab
1864 3524 1973 3577 diis.
1994 3526 2137 3577 Bene
2155 3531 2277 3589 suis,

172 3621 275 3659 nov.
301 3608 424 3665 obs.
467 3630 488 3663 1
523 3651 538 3679 ,
573 3628 626 3681 7.
667 3610 775 3663 Alii
799 3648 816 3675 ,
855 3628 953 3661 nec
997 3608 1164 3673 male,
1253 3620 1314 3659 ut
1351 3605 1745 3676 distinguantur
1772 3623 1801 3655 a
1832 3602 1934 3656 diis
1972 3617 2283 3658 caeterarum

165 3690 320 3750 primus
341 3691 552 3743 navibus.
581 3689 684 3742 ΟΒ.
1251 3686 1509 3756 gentium.
1564 3686 1806 3737 Fortasse
1857 3683 2149 3754 simplicius
2165 3723 2181 3749 ,
2221 3700 2285 3739 ut

239 3766 285 3819 3.
319 3771 514 3823 Nullius
547 3772 679 3823 remi.
720 3767 894 3821 Codd.
947 3764 1165 3841 quidam
1254 3764 1494 3817 eruditus
1520 3765 1604 3816 vir
1636 3765 1843 3814 Deoaux
1866 3762 2248 3834 interpretatur
2264 3784 2281 3817 ε

170 3844 378 3921 Mdlaeque
399 3870 414 3903 :
453 3852 668 3921 antique
701 3849 973 3903 usitatum.
1253 3850 1351 3896 suis
1365 3865 1387 3907 ;
1403 3844 1517 3896 scil.
1534 3882 1553 3909 ‚
1576 3862 1677 3915 pro
1703 3846 1801 3893 suis
1823 3842 2065 3912 partibus
2080 3882 2097 3905 ,
2121 3847 2283 3897 vel-to·

236 3932 283 3988 4.
310 3930 356 3981 T
352 3950 440 3981 unc
463 3930 715 3981 discessum
740 3940 814 3981 est
834 3927 896 3979 ab
916 3938 1035 3977 arte.
1061 3926 1166 3977 Re·
1256 3928 1376 3977 riam
1395 3923 1458 3974 ab
1480 3926 1596 3975 Diis
1624 3921 1967 3973 immortalibus
1993 3937 2279 3994 exposceret.

169 4006 434 4069 gendarum
463 4024 576 4063 arte
602 4010 814 4063 nautica
841 4006 1075 4061 navium.
1337 4004 1465 4056 Cu.
1481 4004 1637 4055 XVI.
1661 4021 1707 4055 1.
1722 4001 1917 4054 Nostris
1932 4006 2055 4054 enim
2062 4024 2281 4074 prorsus.

240 4086 282 4139 5.
319 4090 404 4141 Ex
433 4094 562 4141 omni
579 4100 853 4161 prospectu.
894 4087 1168 4153 Quocum·
1257 4084 1389 4137 Fere
1408 4103 1593 4135 omnes
1610 4082 1736 4135 libri
1753 4101 1854 4153 pro
1863 4101 2064 4152 prorsus
2084 4085 2283 4139 habent
