3025 5025
543 441 679 513 DE
734 444 1080 512 BELLO
1136 444 1514 513 CIVILI.
1574 447 1763 515 LIB.
1819 448 1970 516 III.
2184 448 2332 521 285

223 588 388 644 cutus
428 576 755 669 equitatus
813 576 1207 645 novissimos
1255 574 1482 670 praelio
1544 576 1899 649 detinebat.
1959 581 2133 650 Huic
2180 608 2334 655 suos

221 685 414 751 Caesar
439 684 690 776 equites
719 683 1064 776 opposuit,
1095 682 1567 776 expeditosque
1598 686 2065 780 antesignanos
2090 689 2333 759 admis-

219 791 332 857 cuit
385 790 550 877 CD3
597 790 712 882 qui
763 802 1024 857 tantum
1091 788 1526 883 profecerunt
1546 843 1566 876 ‚
1604 804 1679 859 ut
1701 844 1721 879 ‚
1776 796 2064 885 equestri
2105 795 2333 889 praelio

219 896 573 983 commisso,
610 894 941 989 pellerent
975 919 1242 983 omneS‚
1275 894 1787 991 compluresque
1845 899 2298 971 interficerent
2316 956 2336 991 ‚

217 1001 316 1094 ipsi
354 1000 714 1071 incolumes
751 1027 822 1069 se
858 1000 944 1068 ad
989 1026 1228 1097 agmen
1262 1004 1652 1096 reciperent.

305 1110 611 1179 LXXVI.
669 1108 998 1178 Confecto
1029 1108 1212 1201 justo
1252 1108 1486 1177 itinere
1522 1110 1663 1203 ejus
1706 1108 1895 1195 diei¹‚
1938 1111 2120 1207 quod
2169 1138 2333 1207 pro·-

217 1229 499 1306 posuerat
529 1216 784 1302 Caesar,
803 1214 1324 1307 transductoque
1353 1216 1648 1285 exercitu
1673 1216 1926 1286 flumen
1955 1221 2302 1289 Genusum
2317 1274 2338 1304 ‚

217 1322 520 1389 veteribus
587 1322 723 1389 suis
768 1323 839 1388 in
892 1322 1124 1391 castris
1187 1334 1422 1390 contra
1489 1323 1931 1418 Asparagium
1992 1326 2294 1395 consedit
2315 1380 2336 1414 ‚

217 1425 554 1522 militesque
587 1452 822 1497 omnes
859 1428 1037 1496 intra
1059 1425 1310 1496 vallum
1348 1442 1722 1497 castrorum
1759 1432 2121 1521 continuit,
2150 1434 2335 1526 equi·

216 1546 528 1628 tammque
548 1588 568 1623 ‚
626 1558 747 1627 per
805 1557 1072 1603 causam
1138 1533 1500 1628 pabulandi
1560 1537 1873 1605 emissum
1905 1588 1925 1624 ‚
1985 1538 2335 1619 confestim

214 1637 554 1710 decumana
584 1654 781 1732 porta
807 1642 877 1708 in
908 1655 1123 1710 castra
1161 1664 1230 1709 se
1260 1641 1557 1735 recipere
1583 1642 1797 1735 jussit.
1835 1642 2043 1711 Simili
2078 1645 2334 1713 ratione

215 1746 568 1842 Pompeius,
591 1747 899 1815 confecto
936 1747 1230 1841 ejusdem
1268 1747 1394 1815 diei
1425 1749 1692 1835 itinere,
1727 1748 1797 1816 in
1829 1750 1963 1818 suis
1998 1752 2335 1821 veteribus

213 1855 412 1922 castris
448 1853 536 1922 ad
571 1854 1012 1948 Asparagium
1047 1852 1383 1923 consedit:
1424 1853 1695 1947 ejusque
1731 1853 2000 1943 militeS‚
2029 1857 2210 1950 quod
2246 1858 2333 1928 ab

213 1982 420 2052 opere,
455 1962 733 2054 integris
769 1960 1285 2048 munitionibus,
1326 1960 1688 2049 vacabant,
1726 1960 1837 2030 alii
1879 1961 2174 2056 lignandi
2215 1989 2332 2058 pa-

211 2062 584 2161 bulandique
653 2090 851 2135 causa
909 2064 1172 2160 longius
1232 2066 1833 2161 progrediebantur
1864 2094 1885 2156 3
1942 2067 2097 2156 alii,
2148 2071 2332 2164 quod

213 2171 403 2243 subito
445 2172 796 2243 consilium
832 2173 1262 2267 profectionis
1297 2188 1615 2267 ceperant
1633 2226 1654 2260 ,
1697 2197 1940 2268 magna
1982 2190 2171 2270 parte
2207 2179 2331 2245 im·

275 2403 391 2457 Cn.
411 2404 665 2456 LXXVI.
689 2422 738 2456 1.
759 2404 904 2455 Justo
921 2406 1087 2455 itinere
1105 2376 1207 2473 eju-5
1293 2420 1547 2474 passuum
1586 2402 1765 2466 abesse
1794 2403 1989 2474 potuit.
2030 2405 2171 2457 Mihi
2206 2407 2327 2477 qui·

209 2479 304 2536 diei.
333 2482 414 2537 sic
459 2483 767 2546 Guischard,
797 2482 946 2536 Me'm.
983 2486 1208 2556 critiques
1295 2480 1419 2534 dem
1434 2521 1451 2549 ,
1473 2479 1602 2535 inde
1616 2522 1634 2549 ‚
1661 2483 1787 2555 quia
1814 2482 2031 2537 additur
2046 2525 2063 2552 ‚
2085 2486 2217 2558 quod
2235 2490 2328 2538 iter

209 2573 249 2611 et
283 2563 581 2637 historiques,
614 2563 680 2616 T.
703 2565 758 2630 Ι,
798 2583 854 2635 p.
889 2582 987 2616 ιο)
1008 2604 1024 2631 ,
1059 2582 1204 2635 seqq.
1287 2575 1607 2634 proposuerat
1626 2563 1824 2624 Caesar,
1847 2564 2073 2635 intelligi
2091 2563 2324 2632 videtur,

209 2643 377 2697 refutat
395 2663 513 2710 eos,
543 2644 638 2715 qui
665 2663 696 2696 e
717 2644 975 2714 Vegeti0,
1000 2643 1037 2696 l.
1069 2661 1119 2708 1,
1152 2663 1208 2712 9,
1293 2661 1406 2694 non
1448 2643 1611 2696 fuisse
1646 2642 1862 2695 finitum
1898 2655 1952 2696 et
1986 2657 2194 2697 certum
2223 2647 2328 2699 viae

208 2722 539 2789 ooncludunt‚
573 2724 767 2794 viginti
806 2723 1044 2777 millibus
1085 2742 1208 2794 pas-

209 2820 344 2856 suum
360 2842 376 2870 ,
405 2818 497 2858 aut
525 2796 758 2874 vingin'ti
785 2817 1017 2873 quatuor
1045 2802 1208 2856 milli-

207 2881 315 2949 bus,
349 2885 644 2938 absolutum
697 2902 807 2936 esse
851 2887 1055 2954 justum
1097 2881 1209 2936 diei

209 2961 309 3015 iter.
352 2963 598 3018 Ostendit
633 2963 823 3034 igitur,
850 2965 1056 3035 justum
1099 2961 1209 3016 diei

209 3039 324 3108 iter,
347 3063 451 3098 esse
490 3045 616 3097 satis
655 3062 911 3114 magnum
947 3044 1047 3097 viae
1087 3061 1207 3115 spa·

208 3121 460 3196 tium,pro
483 3124 655 3195 spatio
682 3122 821 3189 diei,
845 3124 983 3186 sive,
1005 3135 1066 3176 ut
1085 3142 1208 3176 ver-

207 3197 276 3254 his
315 3206 417 3275 ejus
439 3217 561 3258 utar
594 3222 608 3256 :
641 3204 980 3273 l'expression,
1003 3205 1208 3275 justum

206 3277 318 3350 iter,
347 3303 458 3340 nous
487 3285 566 3335 dit
587 3283 909 3353 simplement‚
935 3303 1025 3356 que
1057 3281 1211 3336 Ce'sar

199 3359 258 3426 fit
267 3381 347 3414 une
359 3363 506 3416 bonne
502 3367 720 3434 jour-ne'e,
736 3383 825 3414 une
838 3363 988 3415 bonne
1000 3364 1203 3424 marche,

206 3449 344 3512 san-sy
355 3445 567 3496 attae-lter
579 3443 722 3496 l'ide'e
735 3443 795 3494 de
811 3445 1009 3516 quelque
1021 3444 1208 3495 distan-

208 3538 264 3572 ce.
275 3523 599 3594 Argumentis
612 3523 802 3589 utitur,
814 3537 930 3576 tum
945 3524 1079 3590 aliis,
1090 3535 1210 3578 tum

207 3597 315 3666 hoc,
326 3603 462 3674 quod
468 3606 538 3658 >ab
552 3622 617 3656 eo
629 3604 768 3669 loco,
776 3605 872 3656 ubi
887 3603 1078 3678 Caesar,
1085 3622 1211 3656 con-

209 3678 329 3734 fecto
353 3684 538 3738 itinere
553 3685 700 3756 justo
715 3721 732 3749 ,
748 3683 990 3756 consedit
1003 3723 1020 3747 ‚
1047 3685 1208 3752 Pom-

207 3761 363 3828 peiani
406 3764 464 3816 in
509 3761 701 3817 eodem
744 3765 865 3820 loco
907 3776 1175 3817 versantes
1189 3801 1208 3840 3

209 3849 366 3894 tamen
388 3844 442 3895 in
456 3857 636 3898 vetera
653 3858 820 3897 castra
833 3883 848 3911 ‚
871 3856 926 3896 ut
945 3847 996 3895 in
1015 3847 1204 3904 vicina,

205 3916 476 3978 redierunt.
493 3922 656 3976 Unde
673 3925 763 3976 hic
776 3925 952 3988 locus,
969 3924 1067 3978 ubi
1086 3941 1212 3977 cou-

206 3997 435 4056 sederunt
451 4045 466 4072 ,
501 4024 531 4056 a
559 4005 826 4057 veteribus
853 4005 1068 4070 castris,
1095 4023 1210 4056 non

209 4076 407 4148 viginti,
431 4096 522 4137 aut
543 4097 774 4155 quatuor
790 4096 845 4136 et
867 4084 1061 4156 viginti
1078 4083 1210 4138 mill.

1294 2722 1552 2794 spatium;
1574 2721 1668 2774 sed
1686 2724 1744 2775 in
1764 2723 1985 2776 arbitrio
2008 2725 2253 2790 Caesaris,
2272 2737 2327 2778 et

1293 2813 1599 2873 temporum
1635 2804 1942 2856 necessitate
1980 2804 2140 2856 fuisse
2177 2806 2325 2875 posi-

1294 2894 1409 2935 tum
1428 2922 1443 2951 ,
1466 2901 1577 2953 quo
1607 2902 1778 2954 usque
1809 2884 1971 2936 vellet
2000 2881 2327 2956 deberetque

1295 2964 1472 3016 Caesar
1509 2963 1605 3014 illo
1648 2961 1738 3015 die
1776 2962 2048 3035 progredi.
2091 2964 2324 3018 Omnem

1292 3062 1410 3095 rem
1461 3041 1681 3095 conficit
1734 3063 1992 3096 numerus
2036 3063 2287 3115 passuum
2305 3085 2323 3115 ,

1293 3123 1389 3194 qui
1405 3123 1577 3194 capite
1593 3124 1698 3175 hoc
1714 3136 1953 3177 extremo
1975 3123 2221 3196 traditur.
2242 3127 2319 3179 M.

1293 3235 1376 3247 —-
1419 3205 1561 3255 Intra
1600 3203 1788 3255 vallum
1836 3203 2131 3258 Castrorum.
2176 3204 2321 3261 Edit.

1294 3283 1476 3354 Steph.
1509 3285 1573 3335 A.
1609 3285 1677 3336 D.
1715 3303 1737 3336 1
1752 3283 1863 3349 544
1882 3323 1897 3351 ,
1917 3285 2131 3338 exhibet
2157 3304 2170 3339 :
2192 3291 2322 3338 intra

1293 3375 1559 3415 castrorum
1580 3367 1907 3427 munitionem,
1934 3383 2053 3436 quae
2073 3365 2233 3418 lectio
2254 3367 2321 3418 ab

1294 3442 1637 3496 emendatore
1660 3444 1900 3515 profecta
1922 3443 2135 3497 videtur
2154 3464 2171 3511 ;
2196 3464 2323 3498 nam

1295 3541 1479 3576 omnes
1521 3522 1681 3577 codd.
1721 3536 2100 3596 repraesentant
2136 3542 2149 3577 ε
2194 3529 2325 3587 intra

1293 3604 1481 3655 vallum
1510 3617 1791 3675 castrorum.
1818 3603 1963 3656 Vide
1990 3603 2217 3656 similem
2240 3606 2321 3657 lo-

1296 3702 1420 3736 cum
1447 3703 1633 3755 supra,
1662 3685 1723 3736 B.
1752 3683 1843 3747 G„
1867 3682 1906 3735 l.
1935 3700 2033 3748 111,
2060 3702 2107 3735 c.
2132 3702 2229 3754 17:
2253 3686 2327 3737 Ut

1284 3765 1394 3832 jam
1417 3764 1488 3814 ad
1508 3763 1697 3814 vallum
1719 3775 1981 3814 castrorum
2005 3763 2161 3814 hostes
2182 3785 2320 3816 acce-

1295 3841 1406 3894 dere
1437 3843 1684 3896 auderent.
1731 3843 1917 3910 Nihilo
1950 3843 2128 3896 minus
2168 3845 2321 3899 Leid-

1295 3942 1378 3994 pr.
1423 3935 1477 3974 et
1520 3923 1705 3994 Scalig.
1754 3921 1911 3976 codd.
1955 3924 2156 3976 habent
2194 3929 2325 3999 inu-q

1300 4015 1447 4054 castr·
1498 4007 1665 4056 munit.
1708 4003 1774 4054 In
1810 4016 1996 4055 nostro
2036 4005 2101 4056 R.
2141 4004 2289 4077 5764
2309 4046 2325 4074 ,

1300 4101 1406 4140 vox
1431 4083 1621 4136 ‘vallum
1633 4121 1649 4146 ,
1676 4084 1761 4138 vel
1786 4087 2088 4138 munitionem
2117 4099 2282 4140 vacat.
