3025 5025
690 465 841 539 380
1485 470 1623 539 DE
1679 468 2043 538 BELLO

685 599 1002 669 accidisse
1029 624 1166 669 rex.
1199 604 1306 670 Ita
1327 626 1517 695 paene
1554 602 1677 671 sub
1714 603 1891 671 idem
1927 617 2193 697 tempus
2208 654 2227 689 ,
2256 616 2327 670 et
2357 624 2477 670 rex
2506 599 2591 669 ad
2614 604 2816 697 oppri-

687 706 1007 775 mendum
1061 708 1500 779 Mithridaten
1538 709 1991 804 proficiscitur
2005 762 2025 795 ‚
2053 723 2123 777 et
2150 712 2375 778 Caesar
2402 707 2491 776 ad
2520 710 2818 803 recipien-

685 812 868 881 dum.
909 813 1248 883 Celeriore
1293 816 1585 886 fluminis
1618 816 1755 886 Nili
1792 818 2219 911 navigatione
2253 840 2373 885 rex
2404 830 2509 884 est
2552 840 2733 903 usus,
2762 818 2819 884 in

685 943 821 1012 quo
849 920 1197 1015 magnain'
1239 936 1306 991 et
1337 938 1639 1017 paratam
1682 922 1957 992 classem
1998 923 2305 991 habebat.
2346 924 2576 991 Caesar
2608 923 2820 991 eodem

683 1027 918 1095 itinere
959 1030 1056 1097 uti
1101 1028 1316 1097 noluit
1339 1082 1357 1112 ‚
1399 1056 1486 1098 ne
1526 1030 1811 1099 navibus
1856 1032 1923 1097 in
1968 1028 2241 1099 flumine
2284 1028 2676 1098 dimicaret:
2722 1028 2823 1098 sed

686 1133 1174 1204 circumvectus
1215 1158 1308 1204 eo.
1343 1139 1547 1222 mari,
1568 1130 1773 1231 'quod
1818 1137 2059 1205 Africae
2112 1138 2319 1231 partis
2374 1161 2517 1205 esse
2568 1137 2823 1223 dicitur,

687 1240 883 1308 sicuti
939 1266 1142 1335 supra
1193 1242 1837 1331 demonstravimUS,
1888 1246 2073 1339 prius
2127 1259 2353 1312 tamen
2410 1244 2589 1337 regis
2640 1244 2821 1337 copiis

685 1350 984 1416 occurrit
1009 1400 1028 1435 ‚
1079 1372 1283 1443 quam
1337 1352 1392 1419 is
1451 1350 1891 1420 Mithridaten
1936 1350 2209 1445 aggredi
2249 1365 2477 1446 posset
2495 1404 2515 1435 ,
2556 1374 2821 1443 eumque

683 1452 771 1520 ad
801 1476 872 1521 se
891 1457 1218 1525 victorem
1249 1457 1573 1525 incolumi
1604 1459 1903 1526 exercitu
1932 1459 2200 1552 recepit.
2236 1455 2659 1527 consederat
2690 1481 2820 1525 cum

686 1562 894 1654 copiis
939 1586 1058 1630 rex
1092 1562 1244 1632 loco
1279 1580 1523 1633 natura
1562 1568 1860 1652 munito,
1896 1564 2078 1659 quod
2122 1579 2265 1633 erat
2308 1566 2451 1659 ipse
2486 1563 2821 1649 excelsior,

684 1664 958 1759 planitie
981 1654 1005 1694 ³
1043 1694 1126 1737 ex
1161 1671 1474 1740 omnibus
1515 1672 1819 1765 partibus
1864 1673 2162 1766 subjecta
2180 1726 2199 1760 ‚
2242 1672 2457 1741 tribus
2503 1685 2725 1739 autem
2756 1694 2822 1738 ex

686 1771 1004 1843 lateribus
1057 1778 1260 1845 variis
1321 1802 1564 1873 genere
1635 1779 2117 1848 munitionibus
2176 1779 2546 1872 tegebatur.
2613 1780 2822 1847 Unum

685 1877 858 1948 latus
895 1896 1040 1950 erat
1080 1883 1416 1977 adjectum
1453 1885 1715 1953 flumini
1751 1885 1939 1972 Nilo;
1968 1884 2253 1953 alterum
2290 1886 2656 1955 editissimo
2692 1884 2821 1954 loeo

685 1984 960 2055 ductum
977 2041 996 2074 ‚
1037 2004 1114 2056 ut
1150 2004 1409 2083 partem
1441 2008 1817 2063 castrorum
1854 1979 2262 2079 obtineret⁶;
2294 1993 2569 2063 tertium
2606 1990 2821 2086 palude

683 2092 1098 2187 cingebatur.

791 2202 1049 2269 XXIX.
1097 2206 1286 2272 Inter
1325 2221 1549 2275 castra
1590 2206 1764 2301 regis
1806 2220 1874 2274 et
1914 2208 2197 2276 Caesaris
2250 2208 2377 2274 iter
2429 2206 2680 2275 flumen
2730 2206 2817 2272 in-

685 2306 1069 2376 tercedebat
1131 2326 1489 2405 angustum
1518 2366 1537 2399 ‚
1589 2311 1920 2382 altissimis
1994 2315 2155 2408 ripis
2178 2367 2197 2400 ‚
2250 2312 2434 2407 quod
2484 2316 2556 2380 in
2614 2312 2818 2383 Nilum

683 2412 1036 2500 influebat3
1059 2416 1292 2485 aberat
1321 2433 1547 2487 autem
1576 2419 1663 2486 ab
1690 2421 1863 2514 regis
1888 2422 2119 2489 castris
2146 2419 2352 2488 millia
2378 2443 2695 2515 passuum
2720 2420 2819 2487 cir

686 2521 853 2588 citer
883 2537 1156 2616 septem.
1187 2527 1332 2592 Rex
1369 2551 1578 2620 quum
1614 2526 1747 2595 hoc
1770 2529 2005 2595 itinere
2030 2529 2259 2596 venire
2288 2529 2627 2596 Caesarem
2656 2551 2817 2596 com·

683 2629 996 2720 perisset,
1027 2632 1392 2723 equitatum
1432 2657 1703 2702 omnem
1740 2634 2216 2728 expeditosque
2260 2633 2557 2704 delectos
2592 2633 2818 2730 pedites

694 2852 1035 2908 Mithridates
1054 2856 1120 2908 iis
1147 2857 1276 2927 ipsis
1293 2858 1486 2910 litteris
1502 2896 1518 2923 ,
1534 2858 1729 2930 quihus
1816 2859 1975 2929 Regis
1992 2872 2141 2912 erant
2156 2859 2213 2911 in
2230 2860 2350 2912 loco
2368 2860 2672 2924 excelsiore,
2690 2861 2817 2930 cujus

695 2933 972 2988 victoriam
991 2937 1187 2988 Caesari
1199 2937 1499 3002 nunciavit,
1513 2957 1733 3008 magno·
1815 2938 1953 2992 latus
1972 2938 2191 3011 aliquod
2214 2938 2437 2993 ductum·
2462 2937 2819 3013 enula-ocur·

693 3031 826 3083 pere
869 3015 920 3066 ei
960 3014 1200 3068 laudavit
1242 3029 1297 3069 et
1334 3017 1731 3083 commendavit
1816 3020 1984 3084 rebat,
1996 3011 2404 3086 extendebatur)
2418 3018 2820 3074 editissimum

693 3093 1058 3165 Antipatrum.
1082 3096 1212 3150 vid.
1229 3098 1434 3151 Usserii
1461 3099 1695 3152 Annales
1714 3138 1732 3168 ‚
1818 3093 1911 3159 (in
1942 3118 2153 3152 summo
2200 3101 2475 3153 cacumine
2493 3139 2511 3166 ,
2556 3119 2655 3172 per
2686 3117 2819 3154 sum·

691 3191 748 3243 p.
781 3179 920 3246 471,
945 3184 1057 3246 47²
1082 3215 1099 3241 ‚
1131 3175 1198 3229 ad
1224 3178 1517 3248 an..3957.
1548 3179 1627 3230 M.
1817 3197 1965 3231 mum
1990 3198 2243 3233 cacumen
2274 3180 2419 3232 illius
2448 3179 2821 3234 excelsiorislo·

783 3272 835 3307 a.
855 3256 918 3307 In
941 3276 1038 3329 quo
1059 3277 1303 3328 magnam.
1327 3257 1543 3310 Habent
1564 3257 1727 3311 codd.
1816 3256 1931 3326 ci),
1962 3272 2025 3312 ut
2064 3259 2198 3312 adeo
2224 3273 2441 3332 caperet
2480 3274 2691 3332 partem
2730 3277 2821 3312 cns-

697 3336 750 3383 in
787 3353 884 3403 qua
903 3356 922 3388 .·
943 3350 998 3388 et
1027 3337 1148 3408 quis
1165 3356 1284 3388 non
1316 3338 1431 3391 sine
1461 3337 1621 3391 codd.
1654 3341 1731 3392 sic
1818 3352 2061 3406 trorum,
2080 3354 2145 3393 ut
2172 3340 2247 3418 ibi
2268 3359 2379 3394 esse
2402 3354 2585 3412 posset
2600 3357 2823 3413 psa-scus-

695 3415 964 3486 corrigat?
981 3417 1214 3482 Tamen,
1233 3430 1286 3469 et
1305 3418 1410 3470 hoc
1435 3418 1629 3471 vitium
1654 3431 1733 3471 est
1818 3431 2045 3474 trorum.
2066 3421 2137 3474 Et
2158 3439 2274 3491 cap.
2298 3422 2373 3474 30
2388 3458 2403 3485 ,
2432 3422 2462 3473 3
2475 3439 2498 3474 1
2525 3434 2823 3488 ,casn-orum

697 3507 963 3550 servatum
989 3509 1149 3568 atque
1175 3494 1311 3550 adeo
1335 3496 1631 3551 defensum.
1652 3499 1729 3552 M.
1816 3517 1941 3570 pars
1976 3501 2257 3571 aliquoties
2287 3498 2499 3553 'dicitur
2542 3502 2599 3553 in
2638 3515 2822 3554 summo

695 3572 844 3628 Bene
869 3589 1055 3629 monet
1077 3577 1296 3643 Morus3
1325 3592 1378 3631 et
1409 3580 1543 3632 varii
1566 3577 1729 3632 codd.
1817 3579 1937 3633 loco
1966 3580 2146 3634 fuisse.
2166 3580 2409 3634 Fortasse
2428 3581 2521 3634 hic
2538 3593 2623 3634 est
2640 3594 2823 3640 sensum

696 3651 828 3708 dant
849 3655 996 3709 istud
1009 3677 1120 3729 quo.
1137 3659 1390 3729 Reposui.
1415 3659 1520 3712 On.
1538 3649 1733 3712 Noster
1818 3659 1911 3712 sed
1938 3661 2066 3712 nolo
2096 3659 2399 3714 defendere.
2433 3660 2743 3714 Adscribam
2766 3657 2823 3709 sl·

693 3731 816 3789 cod.
859 3736 1040 3806 5764,
1069 3741 1118 3789 in
1149 3757 1274 3811 qua,
1299 3752 1362 3791 ut
1387 3738 1733 3794 referendum
1818 3750 1988 3792 teram
2004 3740 2287 3793 lectionem
2302 3740 2377 3806 ‚si
2396 3741 2523 3812 quis
2546 3760 2607 3796 ea
2628 3755 2821 3792 monea-

687 3813 760 3865 sit
777 3814 844 3869 ad
863 3817 1274 3888 navigationem.
1291 3819 1356 3871 In
1375 3820 1547 3873 altero
1560 3819 1728 3873 dcem.
1818 3831 1911 3872 tur
1956 3818 2025 3873 ad
2068 3820 2415 3892 quarendum
2440 3840 2457 3874 ε
2486 3823 2577 3874 alt.
2612 3821 2689 3873 ed.
2730 3819 2819 3868 hm

691 3925 772 3936 --
789 3897 952 3967 Supra
975 3898 1367 3953 demonstratum.
1383 3901 1519 3972 Cap.
1540 3918 1563 3953 1
1577 3906 1629 3965 4.
1651 3901 1731 3954 Μ.
1818 3900 2013 3952 ductum
2030 3905 2081 3953 in
2094 3914 2239 3972 parte
2264 3913 2409 3954 caver.
2428 3900 2685 3954 obtinebat.
2704 3899 2817 3950 1³01-

778 3977 832 4030 3.
855 3977 1090 4032 Planitie.
1119 3979 1310 4051 Scalig.
1341 3999 1372 4032 e
1395 3979 1518 4033 cod.
1544 3979 1733 4034 Ursini
1818 3993 1954 4034 tasse
1974 3993 2161 4034 auctos·
2170 3982 2671 4054 potuissetscdbeoe
2687 3999 2699 4032 :
2718 3977 2817 4028 ab·

679 4053 909 4122 planitia.
1820 4079 1924 4112 mm
1947 4061 2206 4114 editissimo
2222 4063 2331 4114 loco
2359 4074 2515 4115 tutam
2528 4073 2711 4134 partem
2728 4073 2819 4108 σω-

769 4143 820 4200 4.
877 4137 1105 4191 Alterum
1238 4140 1486 4192 obtinent.
1542 4141 1726 4195 Castra
1820 4154 2001 4194 mrum
2024 4142 2284 4197 obtinebat.
2309 4143 2383 4196 Μ.
