3025 5025
639 414 742 511 96
960 417 1037 484 c.
1091 383 1373 484 J'ULn
1429 415 1891 487 cAEsAMs
1944 413 2494 492 COMMENT.

635 571 716 616 ac
758 544 1188 630 difficillimae3
1233 569 1392 616 saxa
1426 545 1650 615 multis
1704 544 1866 616 locis
1903 561 2245 642 praerupta
2286 549 2414 616 iter
2462 547 2781 642 impedie-

636 653 836 738 bant3
882 666 960 721 ut
1009 677 1198 722 arma
1197 677 1371 790 per
1421 677 1661 722 manus
1712 654 2083 723 necessario
2142 652 2601 740 traderentur,
2662 655 2783 722 mi-

635 758 966 854 litesque
947 760 1184 828 inermi
1197 746 1707 853 “sublevatique
1743 758 1852 829 alii
1888 759 1971 828 ab
2002 757 2143 828 aliis
2170 783 2485 855 magnam
2522 753 2784 854 partem

633 867 888 936 itineris
927 865 1352 936 conficerent.
1394 864 1526 934 Sed
1569 863 1753 936 hunc
1794 866 2093 935 laborem
2144 867 2495 936 recusabat
2544 890 2746 934 nemo
2767 920 2786 953 ‚

634 971 818 1066 quod
856 998 1008 1042 eum
1056 974 1359 1042 omnium
1409 971 1718 1042 laborum
1760 971 1964 1042 finem
2005 972 2150 1044 fore
2192 973 2700 1061 existimabant,
2734 974 2789 1041 si

609 1075 900 1148 ⁴'hostem
926 1080 1128 1150 Ibero
1163 1077 1640 1168 intercludere,
1668 1094 1739 1148 et
1766 1079 2103 1149 frumento
2138 1080 2497 1177 prohibere
2530 1081 2785 1174 potuis-

637 1201 801 1254 sent.
1007 1203 1012 1208 ’
1642 1191 1661 1212 ’

744 1294 995 1360 LXIX.
1029 1293 1128 1362 Ac
1163 1293 1382 1388 primo
1410 1293 1755 1362 Afraniani
1799 1292 2071 1383 milites,
2099 1294 2352 1363 visendi
2388 1319 2619 1384 causa,
2656 1292 2790 1364 laeti

635 1424 718 1468 ex
749 1401 982 1469 castris
1021 1399 1542 1493 procurrebant,
1580 1399 2203 1530 contumeliosisque
2240 1399 2518 1471 vocibus
2548 1425 2789 1496 prose-

635 1503 1055 1604 quebantur,
1085 1531 1252 1575 «nos
1292 1509 1647 1576 necessarii
1680 1508 1895 1577 victus
1932 1507 2187 1627 inopia¹
2216 1521 2485 1577 coactos
2524 1507 2790 1604 fugere,

633 1626 835 1707 atque
880 1612 966 1680 ad
1011 1610 1301 1681 Ilerdam
1338 1614 1585 1682 reverti
1607 1611 1711 1682 ².»
1755 1617 1921 1682 Erat
1964 1617 2143 1682 enim
2184 1616 2309 1683 iter
2358 1639 2397 1683 a
2440 1617 2788 1710 proposito

635 1718 1006 1805 diversum,
1051 1721 1588 1814 contrariamque
1634 1722 1703 1788 in
1738 1745 1863 1814 par
1864 1735 1999 1789 tem
2036 1722 2118 1788 iri
2153 1721 2519 1790 videbatur.
2558 1723 2789 1792 Duces

613 1849 800 1912 vero
843 1850 1078 1894 eorum
1111 1851 1306 1894 suum
1345 1825 1698 1895 consilium
1744 1825 2049 1896 laudibus
2100 1827 2436 1916 ferebant,
2490 1828 2673 1922 quod
2718 1854 2789 1898 se

637 1933 870 2001 castris
899 1933 1292 2001 tenuissent:
1314 1916 1733 2027 multumque
1752 1957 1983 2002 eorum
2006 1934 2388 2030 opinionem
2403 1934 2789 2026 adjuvabat,

635 2037 817 2130 quod
856 2039 994 2107 sine
1030 2039 1349 2132 jumentis
1381 2039 2003 2136 impedimentisque
2034 2041 2117 2108 ad
2149 2041 2275 2109 iter
2302 2041 2640 2135 profectos
2675 2043 2787 2110 vi-

637 2143 916 2233 debant,
952 2159 1058 2233 ut,
1083 2171 1223 2234 non
1252 2171 1447 2240 posse
1485 2146 1731 2216 diutius
1768 2147 2063 2242 inopiam
2098 2148 2458 2235 sustinere,
2488 2147 2787 2217 confide-

635 2265 804 2318 rent.
859 2251 1022 2340 Sed,
1073 2251 1191 2320 ubi
1233 2251 1581 2346 paullatim
1627 2256 1999 2348 retorqueri
2052 2278 2293 2349 agmen
2344 2253 2431 2321 ad
2480 2253 2784 2322 dextram

633 2373 1158 2453 conspexerunt,
1188 2359 1461 2452 jamque
1499 2361 1751 2454 primos
1791 2384 2103 2454 superare
2146 2362 2487 2455 regionem
2523 2357 2785 2430 castro-

633 2489 787 2533 rum
835 2465 1131 2533 animum
1186 2465 1270 2534 ad
1279 2479 1665 2551 verterunt3
1698 2491 1899 2536 nemo
1952 2483 2095 2537 erat
2138 2467 2305 2536 adeo
2359 2467 2632 2556 tardus,
2668 2481 2787 2538 aut

609 2570 895 2665 ‘fugiens
936 2570 1212 2660 laboris,
1257 2575 1418 2703 quin
1461 2576 1685 2642 statim
1731 2576 1963 2643 castris
2006 2573 2381 2643 exeundum
2427 2588 2629 2669 atque
2669 2600 2783 2643 oc-

636 2677 1043 2751 currendum
1069 2664 1438 2774 putarent3.
1465 2677 1943 2751 Conclamatur
1970 2681 2055 2751 ad
2082 2706 2267 2751 arma
2278 2696 2524 2775 ,atque
2549 2707 2783 2751 omnes

637 2901 696 2940 at
711 2887 904 2959 dffcili
932 2901 983 2940 et
1007 2890 1160 2942 arduo
1185 2909 1399 2943 ascensu.
1428 2890 1511 2942 Ita
1537 2890 1664 2943 alibi
1757 2889 1909 2961 5764
1926 2930 1943 2956 ,
1976 2912 2084 2955 nec,
2118 2912 2300 2946 errore
2328 2892 2626 2946 manifeste.
2642 2894 2785 2945 vul·
2866 2960 2871 2970 Δ

636 2969 849 3041 passim.
1732 2984 1873 3041 gata
1902 2972 2119 3025 omittit.
2148 2972 2410 3026 Nonnulli
2439 2973 2638 3025 habent
2660 2974 2747 3024 lios
2761 3008 2779 3035 ‚

721 3057 774 3114 4.
810 3050 1002 3103 [net-mi.
1037 3050 1199 3103 Recte
1232 3068 1296 3101 ex
1327 3061 1462 3119 optt.
1495 3066 1665 3101 mem-
1752 3050 1865 3103 scil.
1886 3050 2226 3105 Caesarianos.

638 3131 820 3182 branis
846 3143 901 3182 et
919 3144 1106 3183 nostro
1129 3130 1196 3182 R.
1227 3130 1400 3199 5768.
1427 3128 1512 3182 Al.
1538 3133 1665 3181 iner—
1838 3150 1889 3184 α.
1920 3132 2087 3205 Atque
2112 3134 2185 3184 ad
2208 3133 2417 3185 Ilerdam
2448 3137 2632 3185 merci.
2654 3134 2781 3187 Non

638 3229 748 3262 mes.
781 3208 926 3261 Vide
951 3207 1019 3262 ad
1038 3210 1132 3263 lib.
1166 3210 1227 3274 1,
1251 3207 1320 3260 de
1344 3208 1406 3261 B.
1436 3208 1504 3261 G.
1523 3246 1540 3273 ‚
1566 3217 1664 3276 4ο,

635 3303 749 3342 not.
782 3306 806 3341 1
821 3308 868 3342 1.

716 3369 848 3423 CAP.
901 3369 1102 3422 LXI-X.
1163 3384 1210 3421 1.
1261 3368 1370 3423 Nos
1414 3366 1667 3422 necess'ara'a'

632 3454 792 3501 victus
806 3452 984 3520 inopia,
1001 3460 1090 3500 etc.
1100 3448 1446 3501 Restituimus
1459 3469 1490 3503 e
1501 3448 1661 3503 codd.

634 3529 917 3601 permultis
937 3528 1147 3593 Faerni‚
1166 3527 1438 3592 Hotman„
1457 3530 1664 3596 Ursini,

635 3609 840 3681 Steph.,
871 3621 924 3660 et
955 3620 1139 3660 nostro
1172 3608 1320 3680 regio
1354 3610 1527 3679 5768.
1549 3611 1665 3663 Ou-

634 3687 896 3758 dendorp.
929 3706 992 3739 ex
1033 3690 1335 3759 conjectura
1367 3710 1575 3756 necnon,
1606 3689 1664 3742 id

635 3783 738 3835 est,
767 3786 950 3819 necnon
975 3766 1210 3822 dicentes
1233 3770 1374 3823 inter
1403 3770 1504 3822 alia
1525 3766 1663 3833 (ad-

635 3846 876 3901 dendum
908 3859 1086 3901 tamen
1131 3863 1222 3903 aut
1258 3870 1367 3913 nos,
1406 3863 1498 3903 aut
1542 3851 1627 3902 hos
1640 3888 1657 3913 ,

635 3940 727 3979 aut
753 3926 956 3999 aliquid
981 3926 1210 3995 simile),
1237 3944 1292 3983 et
1315 3930 1472 4001 longe
1497 3928 1663 3983 disse·

605 4078 608 4081 ἢ
633 4008 706 4059 rit
726 4045 741 4068 ,
790 4020 851 4061 ut
899 4010 1092 4080 probet
1133 4010 1462 4063 locutionem
1483 4047 1499 4076 ,
1558 4028 1661 4081 qua

632 4106 906 4159 uunquam
933 4109 1059 4143 usus
1086 4102 1166 4143 est
1197 4091 1390 4145 Caesar.
1418 4089 1558 4143 cod.
1590 4092 1656 4145 R.

1752 3223 1866 3264 erat
1893 3212 1985 3264 hic
2006 3212 2155 3266 locus
2178 3211 2553 3265 considerandi
2576 3213 2781 3267 exerci-

1750 3303 1868 3342 tum
1883 3292 2259 3359 Coesarianum3
2272 3291 2366 3345 sed
2380 3294 2465 3347 vel
2479 3306 2781 3346 extremum

1750 3388 1939 3442 agmen
1961 3372 2137 3425 subito
2155 3372 2517 3426 lacessendum
2534 3386 2675 3439 erat,
2694 3374 2781 3426 vel

1749 3450 2203 3522 progrediendum
2245 3465 2299 3506 et
2342 3454 2445 3506 iter
2485 3453 2779 3525 incoeptum

1748 3530 2125 3602 peragendum.

1834 3612 1886 3663 3.
1920 3612 2119 3665 Nemo..
2135 3624 2415 3689 ‚putav-ent.
2450 3613 2636 3665 Nostri
2667 3612 2777 3665 duo

1750 3688 1907 3743 codd.
1943 3691 2142 3744 habent
2158 3704 2375 3763 putaret.
2413 3692 2565 3745 Hanc
2590 3693 2779 3747 lectio-

1747 3790 1903 3836 nem,
1926 3790 2045 3843 quae
2068 3790 2193 3825 sane
2217 3773 2274 3824 in
2296 3772 2411 3825 aliis
2435 3774 2663 3843 reperiri
2684 3771 2779 3825 de·

1747 3852 1839 3903 bet
1848 3888 1863 3917 ,
1876 3870 1946 3903 ne
1966 3853 2173 3907 notavit
2187 3851 2407 3924 quidem
2421 3850 2775 3923 Oudendorp.

1749 3931 1910 4001 Vulg.
1930 3950 2145 4003 quoque
2163 3933 2348 3998 habet3
2364 3930 2509 3984 unde
2532 3950 2654 3984 eam.
2666 3952 2777 3985 res·

1746 4011 1939 4064 tituere
1950 4032 2060 4064 non
2078 4014 2354 4065 abnuerim
2365 4051 2381 4077 ‚
2396 4012 2499 4064 nisi
2508 4024 2779 4065 consu-uo·

1746 4091 1825 4145 tio
1844 4093 2008 4147 altera
2026 4106 2159 4145 esset
2174 4110 2321 4163 atque
2335 4093 2475 4145 bona
2498 4105 2553 4145 et
2564 4092 2775 4145 usitata.
