3025 5025
710 443 859 529 304
1009 444 1086 512 C.
1141 439 1424 512 JULII
1480 443 1952 510 CAESARIS
2009 442 2560 512 COMMENT.
2631 515 2637 522 ,

706 579 775 644 in
815 573 1186 670 colloquiiS,
1226 599 1373 669 quae
1404 599 1531 668 per
1565 575 1640 644 A.
1689 572 2000 644 Clodium
2036 599 2190 644 cum
2231 577 2540 669 Scipione
2580 574 2808 668 egisset,

706 683 945 776 quibus
986 682 1201 770 modis
1230 681 1315 748 ad
1343 683 1624 750 Oricum
1655 705 1811 750 cum
1839 681 2096 750 Libone
2123 681 2208 750 de
2245 681 2582 750 mittendis
2613 679 2807 774 legatis

706 787 1154 858 contendisset
1190 813 1205 855 :
1252 811 1467 880 neque
1514 812 1584 854 se
1621 811 1913 880 unquam
1955 787 2142 856 abuti
2177 786 2461 855 militum
2501 789 2810 880 sanguine,

706 919 921 987 neque
960 892 1440 988 rempublicam
1476 890 1798 962 alterutro
1835 895 2130 962 exercitu
2160 895 2424 989 privare
2465 891 2749 962 voluisse.
2778 921 2806 954 »

708 1003 852 1068 Hac
887 1001 1115 1068 habita
1158 1000 1457 1068 oratione
1474 1043 1505 1084 -,
1551 999 2061 1094 exposcentibus
2101 997 2482 1085 militibus²‚
2517 1013 2585 1066 et
2631 997 2812 1066 studio

707 1131 947 1202 pugnae
984 1105 1397 1191 ardentibus,
1435 1105 1599 1172 tuba
1641 1107 1904 1200 signum
1941 1105 2139 1174 dedit.

816 1215 997 1280 XCI.
1054 1215 1221 1280 Erat
1263 1213 1609 1280 Crastinus
1628 1209 1644 1234 ¹
1693 1225 2006 1279 evocatus
2063 1213 2132 1278 in
2191 1213 2491 1280 exercitu
2541 1212 2814 1295 Caesaris,

710 1319 822 1411 qui
867 1320 1207 1412 superiore
1251 1341 1427 1385 anno
1472 1316 1654 1411 apud
1691 1341 1846 1385 eum
1887 1318 2177 1411 primum
2229 1316 2438 1412 pilum
2489 1319 2557 1384 in
2597 1315 2814 1410 legione

708 1425 967 1494 decima
1008 1423 1289 1492 duxerat
1306 1475 1325 1512 ,
1367 1424 1473 1489 vir
1510 1421 1824 1518 singulari
1867 1425 2133 1492 virtute.
2202 1425 2361 1510 Hic,
2409 1425 2601 1516 signo
2653 1422 2814 1506 dato,

712 1622 1126 1675 taminatissimae
1148 1622 1306 1687 vitae,
1335 1634 1387 1674 et
1416 1619 1738 1692 profligatis-

710 1702 829 1756 simi
842 1701 1067 1773 pudoris
1082 1741 1099 1766 ,
1118 1714 1179 1753 ut
1194 1714 1342 1772 patet
1366 1719 1431 1754 ex
1450 1700 1712 1754 Cicerone
1724 1737 1740 1766 ,

710 1801 811 1855 pro
834 1781 1039 1846 Sexti0,
1065 1794 1295 1852 quaestor
1320 1781 1453 1845 fuit,
1474 1799 1560 1832 an.
1593 1782 1739 1848 6903

710 1862 835 1914 trib.
858 1862 1024 1932 pleb„
1056 1865 1169 1929 694
1195 1878 1209 1912 :
1238 1861 1295 1912 in
1324 1879 1431 1930 quo
1462 1859 1741 1912 tribunatu

706 1939 1041 2010 judiciariam
1070 1941 1241 2010 legem
1270 1940 1409 1992 tulit.
1444 1939 1571 1990 Fuit
1598 1939 1741 1990 inter

712 2020 931 2072 Caesaris
961 2020 1194 2071 fautores
1223 2017 1656 2082 ardentissimus;
1681 2019 1744 2070 il·

710 2101 849 2163 lum,
886 2111 949 2150 ut
994 2097 1239 2152 videmus
1255 2136 1272 2163 ,
1303 2110 1513 2150 secutus
1558 2110 1636 2150 est
1679 2098 1738 2150 in

709 2179 849 2232 bello
900 2177 1089 2242 Civili,
1129 2190 1181 2230 et
1226 2179 1338 2249 ejus
1394 2178 1497 2229 fuit
1537 2177 1738 2248 legatus

710 2259 765 2310 in
783 2259 926 2324 bello
944 2256 1305 2310 Alexandrino
1318 2295 1335 2322 ,
1354 2277 1418 2308 ex
1440 2277 1550 2330 qno
1567 2255 1738 2308 redux

710 2340 909 2403 Caesar,
938 2357 1023 2390 an.
1057 2337 1168 2408 705
1188 2375 1205 2402 ,
1230 2337 1511 2390 Vatinium
1543 2355 1736 2388 consu·

707 2419 814 2470 lem
844 2418 1168 2482 nominavit,
1192 2436 1313 2469 cum
1337 2417 1404 2480 Q.
1431 2417 1474 2467 F
1476 2416 1590 2470 ufio
1623 2416 1736 2468 Ka-

710 2499 862 2561 leno;
890 2509 943 2550 et
973 2498 1017 2550 is
1046 2511 1123 2551 est
1150 2495 1217 2550 de
1248 2514 1385 2569 quc,
1408 2514 1504 2568 per
1521 2499 1734 2567 jocum,

711 2579 899 2630 Cicero
942 2575 1108 2643 dixit,
1139 2575 1314 2648 quod,
1345 2577 1439 2628 illo
1480 2575 1698 2627 consule
1716 2612 1733 2641 ,

710 2676 809 2709 nec
827 2676 946 2721 ver,
979 2675 1079 2709 nec
1106 2669 1287 2721 aestas,
1316 2674 1414 2708 nec
1446 2667 1733 2708 autumnus

708 2732 828 2789 fuit.
859 2736 1223 2788 Nihilominus
1254 2736 1311 2787 in
1333 2736 1595 2787 honorem
1621 2736 1734 2805 ejus

706 2816 1010 2869 consulatus
1041 2816 1109 2879 Q.
1141 2816 1366 2880 Fabius,
1401 2826 1600 2886 praetor
1641 2832 1732 2865 ur-

706 2897 877 2947 banus
895 2932 912 2959 ,
940 2907 1000 2946 ut
1044 2893 1325 2947 denotaret
1364 2893 1572 2947 senatui
1613 2912 1732 2964 gra-

712 2989 792 3027 tos
818 2993 927 3025 esse
953 2974 1214 3041 consules,
1229 2994 1258 3027 a
1272 2974 1545 3026 Dictatore
1564 2974 1736 3025 nomi-

708 3066 891 3117 natos,
920 3051 1200 3106 denarium
1225 3052 1397 3115 cudit,
1433 3054 1539 3106 hoc
1569 3051 1732 3105 modo

708 3132 1021 3203 insignitum
1050 3150 1063 3185 :
1098 3134 1157 3185 P.
1191 3133 1544 3188 VATINIVS
1573 3132 1634 3184 P.
1668 3132 1730 3185 F.

709 3212 861 3268 COS.
877 3225 1036 3284 caput
1055 3213 1306 3267 Veneris:
1326 3232 1391 3265 ex
1408 3230 1588 3265 aversa
1607 3230 1731 3282 par-

708 3307 791 3359 te,
810 3292 876 3357 Q.
896 3292 1074 3344 MAX.
1108 3292 1175 3357 Q.
1208 3293 1270 3344 F.
1290 3312 1307 3358 3
1328 3292 1540 3357 inimo,
1570 3290 1622 3343 S.
1646 3292 1732 3357 C.,

705 3373 831 3427 sella
854 3372 1054 3424 curulis
1068 3409 1082 3429 ‚
1103 3372 1231 3425 hinc
1255 3370 1513 3425 caduceus
1545 3371 1728 3433 alatus,

706 3452 833 3507 inde
858 3452 998 3504 lauri
1025 3470 1220 3513 ramus.
1250 3449 1403 3505 Idem
1418 3489 1435 3517 ,
1461 3463 1586 3521 post
1610 3468 1734 3502 con·

704 3534 934 3587 sulatum
946 3570 963 3597 ,
982 3532 1086 3583 fuit
1103 3550 1337 3602 procos.,
1356 3549 1439 3583 an.
1461 3530 1732 3601 sequenti,

704 3628 758 3667 et
804 3613 993 3665 missus
1039 3631 1162 3663 cum
1208 3611 1444 3664 exercitu
1482 3608 1735 3663 adversus

703 3694 949 3764 Illyricos
966 3729 982 3755 ‚
1009 3690 1077 3743 de
1109 3691 1303 3764 quibus
1346 3690 1732 3761 triumphavit,

705 3786 766 3825 ut
791 3784 1049 3824 testantur
1072 3790 1338 3824 marmora
1363 3769 1650 3840 capitolina
1674 3788 1689 3823 :

734 3864 784 3906 Ρ.
810 3862 1124 3907 VATINIVS.
1152 3863 1202 3905 Ρ.
1226 3861 1276 3904 F.
1301 3860 1438 3905 PRO.
1461 3859 1592 3903 COS.
1613 3859 1698 3904 DE

807 3930 1102 3976 ILLvmco
1136 3931 1298 3974 PRID.
1332 3930 1471 3974 ΚΑΒ.
1504 3928 1631 3975 IAN.

1072 3999 1130 4043 A.
1158 3998 1365 4043 Dcch

718 4158 727 4165 ·
786 4107 835 4139 2.
858 4088 976 4138 Hac.
1004 4087 1169 4137 habita
1200 4090 1414 4145 oratione
1428 4126 1441 4147 ‚
1474 4107 1726 4157 exposcen-

1833 1621 1956 1672 u'bus
1982 1622 2225 1674 militibus.
2251 1622 2420 1674 Aliter
2448 1622 2694 1692 Appiam,
2710 1621 2816 1684 Dio,

1829 1713 1884 1753 et
1899 1701 2008 1766 alii,
2025 1701 2119 1771 qui
2133 1719 2288 1772 magn
2294 1720 2379 1754 am
2397 1701 2815 1772 perturbationem

1829 1780 2130 1834 animorum
2145 1781 2204 1834 in
2221 1794 2452 1852 utroque
2471 1781 2700 1834 exercitu
2715 1781 2815 1832 fuis·

1827 1879 1883 1912 se
1921 1858 2324 1926 demonstrant;
2353 1861 2522 1914 immo
2560 1874 2614 1913 et
2657 1861 2816 1912 milites

1826 1941 2046 2010 incoepti
2056 1941 2363 2011 poenituisse
2379 1941 2665 2006 affirmant,
2679 1957 2816 2010 quum

1825 2017 2202 2073 intellexissent
2215 2057 2233 2085 ‚
2247 2039 2360 2072 non
2391 2033 2602 2073 tantum
2629 2039 2739 2072 cum
2757 2018 2817 2070 ci·

1824 2099 2008 2164 vibus,
2026 2097 2120 2152 sed
2145 2119 2272 2152 cum
2305 2101 2562 2152 fratribus
2587 2112 2638 2152 et
2669 2097 2817 2152 amicis

1825 2177 1984 2230 etiam
1999 2197 2108 2232 esse
2127 2178 2474 2250 pugnandum
2490 2218 2506 2245 ,
2521 2179 2814 2232 cunctabun-

1825 2255 2027 2328 dosque
2047 2255 2144 2310 diu
2169 2260 2334 2312 altum
2365 2259 2635 2320 silentium
2651 2256 2816 2310 tenuis-

1823 2356 1879 2390 se
1893 2375 1912 2402 ,
1947 2350 2000 2390 et
2053 2349 2338 2408 utrumque
2391 2336 2585 2390 ducem
2639 2338 2816 2406 illacry-

1821 2435 2017 2484 masse,
2041 2429 2141 2469 etc..
2176 2417 2262 2470 Sic
2297 2419 2579 2483 Lucanus,
2605 2417 2694 2469 lib.
2721 2433 2813 2477 vn,

1820 2516 1873 2549 v.
1913 2501 2062 2561 464:

2042 2610 2346 2623 ............
2372 2584 2522 2623 Videre
2541 2594 2714 2637 parentes

1818 2645 2031 2683 Frontibus
2049 2646 2222 2684 adversis
2234 2673 2244 2691 ,
2259 2645 2510 2697 fraternaque
2523 2648 2694 2685 cominus
2707 2657 2812 2689 amn

1820 2706 1904 2745 Nec
1920 2706 2034 2746 libuit
2055 2717 2204 2745 mutare
2229 2706 2383 2754 locum;
2403 2717 2540 2747 tamen
2561 2709 2683 2746 omni·
2706 2717 2818 2757 torpor

1819 2768 1984 2807 Pector-
2007 2770 2260 2815 constrinxit,
2273 2769 2502 2821 gelidusque
2520 2771 2564 2808 in
2589 2771 2666 2808 vise

1979 2844 2064 2882 guis
2535 2866 2540 2873 ,

1818 2890 1998 2944 Pax-,culn-
2021 2894 2165 2945 pietate
2179 2895 2284 2941 eoit3
2305 2902 2478 2947 totaque
2495 2893 2673 2934 cohorte·

1818 2954 1905 2992 Pil·
1920 2965 2054 3007 parata
2072 2956 2139 2993 diu
2160 2956 2280 2995 tensis
2298 2966 2462 2995 tenuere
2478 2956 2644 2995 lacertis.

1819 3051 1924 3105 Sed
1937 3053 2050 3105 hoec
2069 3053 2248 3107 onmia
2267 3068 2500 3125 poetam,
2516 3067 2570 3106 et
2586 3066 2820 3106 oratorem

1817 3131 2102 3203 grandiora
2127 3131 2410 3186 audentem
2437 3146 2644 3187 sonant.
2669 3132 2818 3185 Multo

1817 3212 2076 3265 sincerior
2085 3212 2281 3277 Casu,
2293 3214 2385 3282 qui
2395 3214 2491 3278 ait,
2497 3210 2820 3283 exposcentibus

1820 3292 2065 3344 militibus.
2087 3292 2252 3356 Nam,
2279 3292 2334 3343 in
2353 3292 2494 3345 bello
2513 3292 2654 3345 civili
2669 3330 2685 3356 ‚
2707 3288 2818 3343 adeo

1819 3371 2002 3423 furore
2023 3384 2256 3425 amentes
2283 3385 2409 3435 sunt
2431 3372 2625 3425 milites
2638 3410 2655 3435 ‚
2678 3382 2731 3422 ut
2748 3366 2822 3421 ad-

1818 3470 1999 3504 versus
2039 3452 2258 3516 fratres,
2298 3463 2546 3522 parentes
2561 3490 2580 3516 ‚
2621 3451 2818 3512 amicos,

1819 3531 1992 3583 acrius
2022 3542 2076 3584 et
2105 3530 2334 3584 ferocius
2360 3550 2524 3601 quam
2561 3532 2617 3583 in
2650 3530 2819 3583 alienos

1817 3611 2022 3671 {serrum
2045 3609 2342 3664 intendant.
2385 3611 2534 3663 Heu!
2569 3610 2758 3681 quoties
2776 3617 2821 3658 et

1819 3708 1882 3742 ea
1923 3709 2020 3743 nos
2071 3690 2174 3761 ipsi
2216 3690 2276 3743 in
2325 3691 2574 3744 civilibus
2617 3686 2820 3741 dissidiis

1819 3769 2022 3838 experti
2047 3768 2311 3823 vidimus!

1901 3848 2030 3903 Car.
2055 3850 2200 3902 XCI.
2230 3868 2278 3903 1.
2302 3850 2576 3902 Crastinus.
2603 3849 2710 3899 Hoc
2730 3846 2820 3899 fao-

1819 3942 1934 3981 tum
1972 3940 2233 3981 memorat
2247 3967 2266 3994 ,
2297 3948 2420 3981 cum
2454 3926 2745 3981 vehementi
2775 3934 2821 3975 et

1818 4008 2049 4060 oratoria
2097 4008 2478 4079 imprecatione
2500 4046 2518 4072 ‚
2557 4010 2784 4061 Lucanus
2801 4038 2816 4064 ‚

1811 4106 1924 4152 vu,
1948 4094 2059 4156 47⁰
2088 4106 2101 4139 τ
