3025 5025
599 482 748 555 330
895 468 972 554 c‘.
1028 486 1313 554 JUL11
1368 484 1837 555 cAEsAffls
1894 486 2445 557 COMMENT.

593 646 680 715 pa
721 622 1165 689 versabantur
1185 674 1204 708 ,
1245 620 1371 714 ipsi
1416 646 1543 715 pro
1589 645 1710 689 suo
1767 619 2067 715 periculo
2123 620 2594 689 defendebant.
2656 622 2755 690 Hi

590 730 764 823 regis
800 712 1086 797 amicos³
1125 726 1210 795 ad
1247 740 1535 796 mortem
1572 726 1966 822 deposcere,
2000 727 2069 795 hi
2114 727 2291 795 bona
2331 726 2755 822 locupletum

591 834 878 930 diripere
924 834 1234 929 stipendii
1275 834 1563 929 augendi
1598 858 1833 921 causa,
1876 835 2050 929 regis
2087 833 2363 903 domurn
2409 835 2758 924 obsidere,

591 965 800 1034 regno
832 939 1194 1036 expellere,
1237 939 1400 1009 alios
1441 964 1775 1010 arcessere

1796 928 1846 1029 ⁴,
1873 954 2099 1010 vetere
2135 940 2427 1035 quodam
2457 940 2755 1009 Alexan-

589 1046 763 1115 drini
815 1048 1142 1116 exercitus
1197 1048 1498 1117 instituto
1515 1102 1535 1136 ,
1591 1062 2096 1117 consueverant.
2154 1050 2367 1116 Erant
2422 1063 2759 1144 praeterea

588 1156 887 1247 equitum
938 1153 1146 1222 millia
1199 1153 1351 1221 duo.
1406 1157 1958 1223 Inveteraverant
2008 1154 2081 1222 hi
2150 1175 2381 1230 omnes
2437 1154 2755 1251 complu·

591 1261 772 1328 ribus
819 1260 1234 1348 Alexandriae
1277 1258 1468 1329 bellis
1491 1247 1541 1349 ⁵,
1566 1259 2001 1330 Ptolemaeum
2039 1274 2299 1354 patrem
2344 1262 2414 1329 in
2460 1282 2759 1356 regnum

587 1366 1027 1454 reduxerant,
1089 1366 1305 1441 Bibuli
1353 1366 1525 1436 filios
1582 1366 1752 1436 duos
1807 1367 2314 1454 interfecerant,
2360 1366 2537 1436 bella
2589 1394 2754 1437 cum

584 1475 909 1568 AEgyptiis
953 1489 1312 1568 gesserant.
1355 1476 1557 1543 Hunc
1601 1500 1796 1543 usum
1833 1476 1927 1543 rei
1962 1474 2262 1545 militaris
2298 1471 2670 1544 habebant.

587 1649 818 1711 -F'ere
843 1658 1004 1710 simili
1030 1657 1192 1710 modo
1217 1659 1281 1711 B.
1309 1658 1396 1711 Af.
1421 1655 1619 1729 legitur

587 1738 751 1809 Scivio
769 1741 920 1790 multa
937 1739 998 1789 de
1015 1751 1193 1789 terrore
1205 1758 1292 1791 suo
1301 1758 1321 1799 ‚·
1339 1738 1375 1790 i.
1392 1757 1439 1791 e.
1457 1756 1619 1809 quem

586 1818 830 1871 hostibus
860 1818 1168 1871 incusserat.
1197 1850 1279 1860 —-
1299 1818 1404 1869 Pro
1425 1837 1511 1869 suo
1532 1837 1617 1887 pe·

589 1899 756 1951 riculo.
791 1900 1069 1969 Tanquam
1099 1916 1253 1951 suum
1284 1897 1585 1968 perieulum
1603 1936 1619 1961 ‚

587 1978 710 2047 quia
733 1978 834 2049 ipsi
853 1978 911 2029 in
937 1976 1126 2031 eodem
1149 1994 1274 2031 casu
1299 1976 1615 2031 inciderant.

673 2058 725 2109 3.
747 2060 895 2127 Regis
911 2062 1104 2111 amicos.
1121 2055 1281 2125 Apud
1295 2070 1519 2123 veteres,
1532 2078 1615 2110 re-

585 2156 713 2207 gum
753 2138 907 2189 amici
936 2136 1004 2189 ad
1032 2157 1121 2190 eos
1153 2134 1412 2191 accedunt
1432 2176 1448 2203 ,
1481 2158 1617 2210 quos

586 2236 732 2271 nunc
755 2215 985 2270 dicimus
1017 2219 1307 2271 ministros.

668 2304 722 2361 4.
744 2298 892 2351 Alios
915 2300 1163 2352 arcessere'.
1182 2300 1494 2351 Lectionem
1523 2319 1614 2353 co·

585 2376 769 2429 dicum
817 2390 1123 2431 nostrorum
1174 2392 1224 2431 et
1285 2380 1614 2449 optimorum

585 2456 1168 2530 Oudendorpianorum
1229 2459 1611 2514 revocavimus.

582 2539 649 2592 In
692 2539 832 2605 aliis,
857 2541 1090 2610 expellere
1122 2540 1268 2600 alios,
1301 2541 1425 2591 alios
1455 2561 1613 2592 arces·

583 2637 700 2671 sere.
723 2617 879 2672 Prius
904 2620 960 2673 τὸ
988 2621 1112 2672 alios
1135 2619 1463 2672 contrarium
1491 2639 1613 2672 sen-

585 2715 702 2751 sum
728 2700 907 2752 offert.
933 2701 1108 2753 Caesar
1139 2691 1272 2751 dicit
1295 2700 1394 2752 hos
1419 2699 1615 2753 milites

581 2779 732 2848 Regis
761 2776 952 2830 domum
994 2779 1230 2841 obsidere,
1266 2799 1415 2850 regno
1453 2779 1613 2832 etiam

582 2878 730 2930 reges
758 2859 991 2928 expellere
1019 2851 1204 2930 (quod
1230 2861 1402 2932 reipsa
1436 2861 1615 2913 evenit

584 2935 914 3009 aliquando),
928 2939 1052 2990 alios
1069 2959 1307 2990 arcessere
1317 2977 1331 2997 ‚
1343 2957 1609 2993 revocare.

582 3018 753 3070 Porro
767 3020 822 3070 τὸ
839 3019 963 3070 alios
981 3019 1063 3072 bis
1081 3019 1368 3090 repetitum
1387 3021 1613 3072 referre-

583 3110 672 3149 tur
697 3095 764 3150 ad
782 3098 911 3150 alios
929 3118 1170 3171 quosque
1188 3099 1384 3152 amicos
1407 3117 1610 3172 regum.

580 3178 1048 3231 —Consuevemnt.
1084 3177 1211 3231 Hoec
1243 3199 1402 3252 quam
1435 3181 1611 3233 Caesar

580 3258 736 3310 nobis
753 3257 1060 3329 suppeditat
1084 3257 1374 3329 descriptio
1406 3259 1612 3311 militiae

577 3336 730 3390 istius
745 3377 762 3404 ‚
801 3339 1044 3410 proxime
1092 3335 1294 3394 accedit
1347 3335 1412 3391 ad
1471 3339 1611 3392 hanc

578 3417 725 3470 haud
775 3419 952 3471 minus
997 3414 1397 3471 formidolosam
1433 3419 1489 3470 in
1523 3439 1611 3471 ea-

578 3495 702 3550 dem
733 3498 950 3568 regione
968 3536 985 3564 ,
1017 3516 1178 3569 quam
1204 3517 1350 3550 nunc
1376 3495 1610 3552 dicimus

581 3578 649 3629 les
671 3577 1025 3641 Mameloucks,
1049 3585 1104 3630 et
1133 3576 1277 3649 apud
1299 3577 1529 3643 Turcas,
1544 3580 1611 3630 les

577 3657 885 3712 Janissaires.
919 3657 1070 3711 Nihil
1100 3658 1205 3711 nisi
1240 3657 1412 3710 forma
1435 3672 1611 3711 muta·

578 3749 684 3791 tur.
705 3739 971 3791 Caeterum
989 3739 1182 3791 merito
1205 3739 1355 3810 Turp.
1373 3739 1434 3790 de
1453 3739 1619 3791 Crisse'

577 3818 831 3883 miratur,
852 3819 1113 3871 Caesarem
1133 3815 1187 3870 h.
1215 3818 1251 3870 l.
1272 3815 1495 3883 dixisse,
1514 3817 1609 3872 has

576 3897 756 3968 copias
790 3916 900 3949 non
937 3897 1352 3952 contemnendas
1382 3917 1492 3952 esse
1507 3938 1525 3964 ,
1556 3911 1611 3952 et

573 3977 806 4030 rationes
845 3977 1139 4032 contrarias
1177 3976 1428 4032 attulisse.
1468 3979 1609 4032 Nam

576 4057 836 4110 exercitus
864 4071 1110 4112 constans
1130 4058 1453 4125 latronibus,
1479 4079 1607 4112 exu-

574 4137 716 4189 libus
771 4138 1004 4208 regionis
1061 4139 1344 4210 cujuslibet
1367 4177 1385 4203 ‚
1434 4139 1608 4209 capite

577 4215 838 4271 damnatis
854 4256 870 4283 ‚
890 4217 1157 4289 servisque
1181 4218 1416 4290 fugitivis
1441 4216 1610 4270 unde-

1708 1675 1921 1729 quaque
1952 1657 2213 1719 collectis,
2246 1658 2340 1728 qui
2366 1658 2501 1711 nihil
2543 1658 2756 1715 habent

1707 1756 2015 1794 commune,
2046 1738 2149 1789 nisi
2175 1736 2402 1808 flagitia,
2433 1738 2754 1807 infamiam,

1709 1829 1762 1869 et
1793 1818 2181 1888 suppliciorum
2213 1830 2411 1881 metus,
2439 1818 2755 1891 quibusque

1708 1916 1874 1949 nexus
1894 1911 1947 1950 et
1976 1896 2258 1969 disciplina
2284 1894 2503 1963 desunt,
2528 1898 2677 1951 nihil
2694 1900 2755 1953 in

1706 1996 1761 2031 se
1786 1976 2189 2031 formidandum
2211 1978 2373 2030 habet
2389 2015 2406 2042 ,
2433 1991 2490 2030 et
2515 1998 2546 2030 a
2576 1980 2757 2053 copiis

1705 2058 1875 2110 exerci
1882 2058 2165 2123 tatissimiS,
2176 2070 2236 2109 ut
2244 2057 2556 2111 Caesarianae
2569 2072 2751 2125 erant,

1704 2138 1858 2190 facile
1888 2138 2033 2191 vinci
2055 2150 2248 2207 potest.
2281 2138 2553 2190 Numerus
2578 2140 2748 2205 solus,

1706 2230 1761 2269 et
1772 2216 2127 2271 latrocinandi
2145 2217 2317 2270 rabies
2336 2218 2431 2270 has
2450 2218 2749 2289 aliquando

1704 2296 2015 2351 metuendas
2034 2296 2225 2364 efficit,
2241 2310 2326 2361 ut,
2350 2298 2629 2364 hocloco,
2650 2301 2751 2353 ubi.

1706 2378 1881 2431 Caesar
1924 2397 2047 2431 cum
2098 2378 2427 2449 paucissimis
2475 2378 2747 2433 militibus

1704 2456 2073 2530 imprudenter
2110 2458 2234 2512 satis
2266 2458 2457 2511 urbem
2497 2458 2745 2529 ingredi-

1704 2550 1822 2605 tur,
1859 2551 2143 2610 antequam
2181 2537 2251 2592 de
2295 2557 2538 2600 recessu,
2578 2540 2629 2592 si
2676 2541 2744 2592 ab

1701 2608 1944 2672 hostibus
1979 2629 2312 2690 premeretur
2340 2657 2358 2684 ,
2402 2619 2515 2672 ullo
2571 2619 2743 2673 modo

1701 2699 2031 2770 praecaverit.

1789 2779 1839 2831 5.
1874 2779 2259 2831 Inveteraoerant
2285 2779 2339 2829 1ιί
2368 2787 2529 2829 omnes
2560 2779 2741 2851 compl.

1702 2857 1852 2911 Alex.
1885 2855 2055 2911 Bellis.
2086 2859 2169 2910 Ita
2204 2856 2413 2910 codices
2441 2859 2653 2924 nostri,
2687 2871 2741 2912 et

1703 2938 1792 2990 alii
1808 2939 2081 3009 permulti.
2105 2936 2335 3008 Vulgata
2360 2937 2474 2990 haec
2496 2936 2564 2989 ad
2586 2939 2742 3010 equi·

1700 3031 1777 3070 tes
1797 3020 1986 3083 refert,
2004 3030 2056 3071 et
2080 3017 2209 3088 legit
2228 3035 2241 3070 t
2259 3022 2344 3088 qui
2359 3021 2743 3071 inveteraverant

1701 3097 1872 3168 compl.
1908 3097 2058 3150 Alex.
2104 3095 2239 3149 bellis
2252 3136 2267 3158 ‚
2303 3097 2355 3148 lu·
2383 3097 2703 3150 Ptokmoeum
2719 3137 2735 3160 ,

1700 3187 1791 3230 etc.
1819 3177 2040 3230 Praestat
2070 3187 2250 3229 nostra
2278 3177 2437 3230 lectio
2471 3195 2486 3231 ε
2519 3197 2651 3230 nam
2684 3189 2737 3231 et

1698 3255 1905 3328 pedites
1937 3277 2098 3330 supra
2125 3257 2405 3309 memorati
2441 3261 2734 3311 inveterave-

1699 3349 1817 3388 rant
1829 3357 2027 3410 quoque.
2038 3361 2117 3372 -··
2131 3333 2456 3406 Bibulifilios.
2472 3335 2733 3408 Magnum

1698 3419 2002 3490 exemplum
2028 3419 2298 3470 effrenatae
2318 3417 2547 3468 licentiae
2562 3456 2579 3481 ‚
2600 3437 2733 3471 con-

1698 3497 1886 3550 sularis
1902 3491 2034 3564 viri,
2052 3506 2304 3568 tantaque
2325 3495 2587 3567 dignitate
2600 3517 2736 3568 pra>-

1696 3575 1799 3630 diti
1810 3577 1949 3630 filios
1962 3575 2215 3630 occidisse
2226 3595 2242 3642 ;
2257 3595 2359 3648 pro
2371 3595 2481 3647 quo
2494 3575 2733 3630 facinore

1696 3657 1863 3711 vincti
1888 3655 1955 3710 ad
1981 3667 2188 3729 patrem
2211 3675 2241 3708 a
2266 3654 2552 3728 Cleopatra
2577 3656 2728 3709 missi

1696 3751 1838 3792 sunt.
1849 3736 1953 3790 Sed
1964 3737 2155 3808 insigni
2165 3735 2547 3789 moderationis
2556 3755 2731 3790 exem-

1694 3817 1789 3888 plo
1819 3817 2042 3870 Bibulus
2071 3817 2274 3869 remisit
2308 3815 2513 3867 dicendo
2546 3829 2729 3888 potes-

1697 3909 1859 3951 tatem
1889 3897 2049 3968 hujus
2086 3894 2336 3949 vindictas
2380 3915 2492 3948 non
2542 3914 2728 3959 suam,

1695 3975 1790 4030 sed
1816 3987 2027 4030 senatus
2050 3995 2161 4029 esse
2189 3975 2401 4029 debere.
2418 3976 2541 4028 Val.
2562 3975 2725 4041 Max„

1693 4058 1731 4110 l.
1762 4075 1847 4124 tv,
1888 4076 1946 4124 r,
1976 4053 2007 4118 S
2044 4055 2468 4109 15.--Bihulus.
2484 4055 2563 4108 M.
2597 4056 2720 4108 Cal-

1695 4139 1921 4209 purnius
1940 4135 2183 4192 Bibulus.
2204 4137 2283 4189 De
2304 4155 2370 4188 eo
2394 4135 2507 4189 vid.
2534 4153 2691 4207 supra
2706 4172 2725 4200 ,

1697 4237 1812 4289 cap.
1852 4218 1943 4270 18.
