3025 5025
615 507 754 574 DE
808 505 1158 574 BELLO
1214 506 1585 574 CIVILI.
1644 507 1832 574 LIB.
1891 511 2044 576 III.
2272 509 2411 580 261

274 636 410 730 ejus
455 638 627 705 enim
675 661 880 732 opera
922 635 1267 706 castellum
1311 661 1557 732 magna
1602 663 1683 706 ex
1719 652 1909 732 parte
1954 657 2421 714 conservatum

273 768 410 814 esse
466 745 864 832 constabat;
925 744 1405 838 cohortemque
1460 761 1691 838 postea
1738 745 1986 840 duplici
2046 749 2375 842 stipendio
2404 803 2423 836 ‚

271 849 600 920 frumento
621 904 642 939 ,
686 865 908 939 veste,
953 851 1290 946 speciariis
1334 849 1857 945 militaribusque
1908 852 2099 922 donis
2146 855 2423 950 amplis-

271 958 428 1024 sime
467 957 762 1027 donavit.
1180 1027 1188 1037 ,

370 1065 549 1133 LIV.
610 1065 1002 1158 Pompeius,
1048 1077 1256 1131 noctu
1309 1064 1571 1157 magnis
1616 1063 1855 1134 additis
1900 1067 2379 1138 munitionibus
2402 1123 2421 1156 ,

270 1167 530 1263 reliquis
573 1169 808 1240 diebus
852 1184 1070 1267 turres
1108 1171 1468 1257 exstruxit,
1512 1185 1580 1238 et
1609 1171 1679 1240 in
1716 1171 2134 1240 altitudinem
2172 1173 2445 1268 pedum.

267 1276 642 1368 quindecim
699 1275 954 1344 effectis
1007 1275 1321 1370 operibus
1343 1329 1362 1364 ,
1399 1277 1609 1344 vineis
1650 1303 1807 1348 ,eam
1852 1293 2112 1372 partem
2158 1295 2419 1349 castro-

267 1406 410 1449 rum
439 1384 732 1471 obtexit3
761 1398 829 1450 et
847 1384 917 1451 V
936 1383 1326 1452 intermissis
1352 1381 1585 1451 diebus
1602 1438 1621 1472 ,
1649 1383 1924 1452 alteram
1956 1401 2223 1455 noctem
2262 1387 2419 1456 sub-

266 1487 556 1557 nubilam
598 1504 834 1558 nactus
856 1539 874 1573 ,
912 1489 1272 1559 obstructis
1299 1490 1611 1558 omnibus
1652 1506 2023 1559 castrorum
2049 1495 2259 1587 portis
2279 1491 2322 1576 ¹,
2353 1508 2421 1562 et

265 1594 342 1663 ad
371 1596 870 1690 impediendum
895 1596 1170 1690 objectis
1190 1650 1212 1683 ,
1228 1597 1424 1666 tertia
1454 1597 1619 1666 inita
1655 1597 1877 1692 vigilia
1904 1651 1923 1685 ,
1946 1599 2207 1669 silentio
2232 1625 2417 1667 exer-

265 1702 461 1770 citum
506 1702 773 1789 eduxit,
818 1718 884 1770 et
925 1727 994 1770 se
1030 1705 1100 1771 in
1142 1703 1446 1797 antiquas
1483 1705 1885 1774 munitiones
1929 1708 2195 1799 recepit.

361 1811 509 1880 LV.
568 1808 812 1877 AEtolia
837 1862 856 1894 ,
907 1811 1286 1878 Acarnania
1315 1863 1334 1896 ,
1377 1809 1839 1904 Amphilochis
1867 1864 1887 1898 ,
1932 1836 2053 1905 per
2108 1815 2412 1881 Cassium
2510 1820 2515 1837 “

261 1916 638 2010 Longinum
685 1930 752 1984 et
795 1913 1160 1985 Calvisium
1203 1915 1521 1984 Sabinum
1556 1971 1575 2005 ,
1615 1933 1693 1986 ut
1741 1917 2345 1990 demonstravimus
2368 1919 2416 2007 ¹,

261 2025 573 2116 receptis,
610 2022 996 2090 tentandam
1035 2022 1159 2091 sibi
1202 2021 1523 2094 Achaiam
1544 2076 1563 2109 ‚
1606 2048 1684 2094 ac
1715 2023 1940 2119 paullo
1966 2023 2229 2119 longius
2256 2051 2411 2119 pro-

257 2127 690 2219 grediendum
720 2183 738 2218 ,
781 2130 1198 2199 existimabat
1242 2132 1484 2200 Caesar.
1530 2132 1767 2224 Itaque
1825 2156 1905 2198 eo
1950 2131 2216 2202 Fufium
2273 2134 2411 2201 Ca·-

257 2229 476 2304 lenum
503 2237 687 2304 misit
711 2290 730 2323 ,
759 2250 825 2304 et
865 2238 941 2304 C.
981 2234 1342 2308 Sabinum²
1381 2250 1448 2304 et
1487 2238 1791 2307 Cassium
1828 2263 1985 2307 cum
2016 2239 2409 2306 cohortibus

257 2447 304 2487 et
328 2447 440 2487 erat
469 2436 572 2488 sub
592 2435 814 2487 tribuno
833 2473 850 2500 ‚
869 2432 980 2486 dux
1007 2434 1282 2505 Legionis,

257 2516 438 2589 aquilae
468 2528 745 2582 custOS,et
769 2515 959 2569 dextro
983 2534 1154 2568 cornu
1180 2516 1284 2571 Le-

256 2596 420 2665 gionis
439 2609 684 2668 praeerat.
705 2596 824 2649 Mos
852 2607 1028 2648 autem
1055 2608 1167 2649 erat
1181 2634 1198 2661 ,
1218 2615 1284 2651 ex

254 2676 594 2731 inferioribus
619 2673 900 2729 ordinibus
928 2673 1191 2747 gradatim
1214 2673 1282 2727 ad

252 2754 392 2809 hunc
405 2757 674 2809 honorem
689 2754 955 2809 accedere.
967 2756 1138 2808 Porro
1153 2755 1284 2807 Scae-

253 2854 393 2904 vam,
415 2836 512 2908 qui
529 2836 670 2889 iuter
687 2836 997 2887 triariorum
1017 2835 1283 2889 centurio-

253 2934 340 2969 nes
371 2929 592 2971 octavus
621 2928 734 2969 erat
748 2953 765 2980 ,
797 2916 909 2969 sive
951 2928 1150 2969 octavae
1188 2934 1280 2967 co-

252 2995 418 3049 hortis
433 3035 451 3061 ,
470 2996 648 3049 subito
700 3007 991 3065 contraque
1037 3014 1242 3047 morem
1261 3034 1278 3061 ,

251 3093 346 3147 pro
386 3078 502 3148 ejus
535 3074 729 3129 eximia
755 3074 1073 3129 fortitudine
1105 3076 1280 3128 Caesar

252 3154 314 3207 ad
347 3157 588 3227 primum
623 3155 797 3231 pilum
827 3156 1015 3209 evexit.
1036 3188 1112 3197 -—-
1141 3156 1198 3207 F
1193 3176 1278 3207 ru-

253 3248 403 3289 mento
415 3275 432 3301 ‚
447 3248 597 3297 veste,
614 3238 884 3307 speeiariis,
899 3235 1278 3307 militaribusque

253 3314 402 3369 donis.
418 3316 470 3368 H
474 3335 547 3371 aec
559 3315 681 3369 lect.
693 3315 928 3369 exercuit
939 3316 1274 3387 interpretes·

252 3394 431 3448 Nostri
455 3394 701 3463 codd.,et
729 3396 1001 3467 antiquiss.
1021 3393 1276 3448 mendose

250 3472 444 3531 habent
464 3494 478 3528 ε
489 3478 742 3542 frumento
763 3496 905 3545 vespe
931 3478 1095 3527 ciariis
1115 3475 1271 3537 donis,

250 3554 389 3608 unde
409 3556 696 3609 lectionem
715 3556 979 3626 vulgatam
997 3555 1272 3608 habemus.

249 3634 389 3698 Quid
406 3655 538 3689 vero
566 3634 826 3706 significat
844 3635 943 3687 ista
968 3654 1072 3688 vox
1089 3638 1273 3705 specia-

249 3718 322 3767 ria
337 3755 352 3776 ,
395 3734 518 3787 quae
557 3716 751 3767 nullibi
797 3715 922 3767 alias
960 3712 1274 3785 comparet?

247 3792 676 3867 Interpretantur
697 3800 879 3857 vinum,
902 3796 1072 3857 oleum,
1095 3808 1148 3847 et
1172 3794 1274 3846 alia

250 3892 361 3943 quae
391 3873 650 3927 dicuntur
679 3880 852 3945 species
879 3872 1020 3945 apud
1041 3894 1060 3944 J
1069 3874 1272 3943 urispe·

249 3953 398 4020 ritos,
417 3968 472 4007 et
498 3955 556 4007 in
589 3956 800 4025 Veget.‚
823 3953 890 4007 de
919 3956 998 4005 Re
1024 3954 1272 4016 militar.‚

249 4049 345 4099 111,
363 4035 539 4099 8,ubi
555 4035 760 4086 mentio
789 4034 852 4087 fit
879 4032 948 4087 de
977 4033 1273 4087 subvectione

240 4114 472 4177 frumenti
479 4126 850 4187 coeterarumque
861 4118 1132 4184 specierum.
1147 4112 1274 4165 Vic-

250 4193 442 4263 torius,
472 4195 562 4247 cui
589 4194 703 4249 haec
734 4194 1016 4265 explicatio
1048 4212 1158 4251 non
1187 4211 1270 4251 ar-

1372 2433 1539 2499 ridet,
1575 2433 1699 2505 quia
1740 2437 1912 2487 forma
1956 2436 2108 2488 istius
2158 2435 2405 2508 adjectivi

1370 2516 1688 2570 insolentior
1698 2514 1936 2582 videtur,
1944 2517 2216 2587 ingeniose
2232 2536 2332 2570 con
2330 2521 2351 2587 j
2356 2537 2407 2571 e-

1371 2596 1709 2662 citfiumenm,
1722 2608 1868 2657 veste,
1876 2596 2061 2653 diariis,
2072 2610 2172 2649 etc.
2182 2598 2278 2650 :Cu
2280 2617 2299 2667 J
2306 2617 2404 2662 ac.,

1358 2678 1623 2742 frumento,
1635 2686 1782 2736 veste,
1795 2676 1985 2727 cibariis
1997 2695 2015 2727 .·
2026 2678 2181 2728 Voss.
2182 2678 2403 2743 frumen-

1371 2767 1449 2823 to,
1465 2766 1623 2814 veste,
1642 2767 1690 2805 et
1702 2756 1811 2807 aliis
1834 2755 1973 2807 milit.
2003 2755 2140 2807 donis
2156 2776 2175 2807 :
2200 2768 2254 2807 et
2284 2774 2400 2808 eam

1367 2834 1787 2905 probabiliorem
1830 2834 2115 2889 lectionem
2156 2834 2401 2906 judicant

1369 2912 1788 2987 Oudendorpius
1801 2927 1854 2967 et
1868 2914 2173 2969 Oberlinus.
2201 2914 2400 2969 Videat

1363 2994 1549 3049 lector.

1448 3074 1577 3127 CAP.
1594 3075 1741 3127 LIV.
1771 3093 1793 3127 1
1809 3114 1822 3125 .
1844 3075 2115 3128 Obstructis
2134 3086 2397 3127 castroni-m

1359 3160 1530 3225 portis.
1552 3156 1715 3207 Recte
1735 3154 2025 3207 Oberlinus
2048 3151 2185 3207 hanc
2207 3156 2393 3209 lectio-

1363 3254 1488 3288 nem
1510 3255 1575 3287 ex
1598 3233 1849 3287 Leidensi
1870 3236 2081 3307 prim03
2109 3234 2254 3287 idem
2276 3255 2396 3288 nos·

1364 3327 1446 3367 ter
1487 3314 1607 3367 cod.
1640 3316 1705 3367 R.
1745 3316 1774 3369 5
1784 3322 1896 3386 764
1915 3316 2053 3377 <nisi
2099 3314 2244 3389 quod
2291 3335 2391 3387 pro

1363 3396 1617 3447 obstructis
1658 3395 1847 3449 vitiose
1890 3396 2051 3447 habet
2092 3392 2390 3457 obstruxit).

1363 3476 1594 3545 Vulgata
1614 3493 1627 3527 ε
1649 3480 1901 3527 exstructis
1926 3487 2189 3527 castrorum
2214 3480 2388 3545 portis.
2452 3492 2460 3503 ·

1361 3554 1465 3609 Sed
1491 3554 1624 3626 quid
1650 3568 1727 3607 est
1749 3568 1987 3607 exstruere
2010 3566 2179 3624 portas
2207 3550 2390 3605 castro-

1363 3643 1510 3687 rume’
1542 3634 1737 3689 Saltem
1768 3633 2055 3687 dicendum
2096 3635 2270 3685 foret:
2305 3656 2389 3685 ez-

1349 3712 1552 3767 'struetis
1577 3715 1787 3769 cratibus
1807 3735 1900 3785 pro
1930 3726 2191 3765 castrorum
2212 3718 2385 3783 μοι-τῖε.

1361 3793 1465 3847 Sed
1475 3806 1656 3847 nostra
1668 3796 1827 3851 lectio
1839 3806 2071 3865 praestat,
2084 3805 2137 3845 et
2145 3793 2388 3847 firmatur

1360 3872 1595 3926 duorum
1624 3872 1782 3930 codd.
1808 3872 2135 3926 auctoritate.

1441 3954 1570 4005 CAP.
1605 3954 1738 4005 LV:
1763 3972 1814 4005 1.
1850 3954 1921 4005 Ut
1948 3954 2383 4010 demonstravimus.

1359 4030 1563 4103 Supra,
1591 4051 1636 4085 c.
1677 4034 1769 4095 34.

1443 4132 1494 4164 2.
1528 4111 1589 4164 C.
1620 4112 1867 4164 Sabinum.
1900 4110 2273 4173 Indubitanter
2299 4133 2385 4167 re-

1358 4192 1514 4271 posui
1543 4191 1605 4251 C.
1629 4212 1731 4267 pro
1756 4192 1835 4260 Q;
1862 4209 1987 4243 nam
2013 4190 2157 4245 idem
2184 4206 2263 4245 est
2288 4196 2383 4268 qui

1910 4259 2046 4373 17³
