3025 5025
631 468 776 539 DE
831 470 1204 539 BELLO
1258 470 1627 543 CIVILI.
1684 416 1883 546 LIB.
1938 478 1994 545 I.

2298 508 2399 581 29

239 600 715 690 constituerat,
737 629 986 697 suaque
1019 606 1300 698 pecunia
1327 606 1883 698 exaedificaverat,
1904 611 1987 678 ad
2016 635 2168 679 eum
2202 608 2402 709 legati

235 709 524 777 veniunt

553 764 572 797 ,
631 736 911 805 quaeque
973 712 1400 807 imperaverit
1425 764 1445 800 ‚
1501 739 1571 782 se
1632 716 2051 810 cupidissime
2106 718 2402 792 facturos

232 812 663 907 pollicentur.
708 816 957 885 Milites
1015 820 1298 912 imperat
1348 845 1362 886 ε
1398 820 1693 890 mittunt.
1740 824 2005 891 Interea
2049 824 2221 919 legio
2257 830 2402 897 XII

235 921 576 991 Caesarem
616 926 1066 1017 consequitur.
1100 928 1275 995 Cum
1304 925 1408 994 his
1435 926 1695 997 duabus
1724 927 2044 998 Asculum
2082 934 2402 1003 Picenum

231 1028 712 1120 proficiscitur.
759 1030 844 1099 Id
895 1031 1216 1125 oppidum
1265 1032 1590 1102 Lentulus
1639 1035 1954 1129 Spinther
1992 1040 2059 1105 X
2100 1038 2401 1108 cohorti-

233 1132 354 1203 bus
393 1137 729 1206 tenebat:
785 1140 936 1231 qui,
979 1139 1260 1207 Caesaris
1305 1138 1599 1210 adventu
1634 1144 1940 1236 cognito,
1984 1144 2285 1239 profligit
2320 1172 2403 1215 ex

235 1242 530 1335 oppido;
579 1244 1024 1336 cohortesque
1072 1269 1297 1314 secum
1347 1246 1681 1316 abduceie
1733 1262 2050 1335 conatuS‚
2079 1276 2118 1318 a
2157 1276 2401 1371 magna

235 1363 424 1439 parte
475 1348 770 1419 militum
817 1350 1160 1420 deseritur.
1223 1350 1574 1422 Relictus
1556 1380 1625 1421 m
1638 1356 1903 1424 «itinere
1944 1379 2098 1424 cum
2136 1361 2365 1451 paucis
2382 1412 2402 1446 ‚

233 1454 514 1525 incidit
495 1482 570 1525 m
595 1455 970 1527 Vibullium
1001 1444 1625 1545 Rufi1m⁴‚missum
1654 1487 1693 1531 a
1720 1463 2085 1556 Pompeio
2067 1488 2135 1530 111
2166 1488 2401 1557 agrum

235 1561 564 1631 Picenum
609 1564 1228 1634 confirmandorum
1273 1512 1625 1635 liominum
1662 1592 1976 1637 causata
2011 1594 2145 1663 quo
2188 1570 2404 1639 factus

239 1746 454 1817 primus
481 1761 536 1802 et
566 1748 886 1803 fortissimus
901 1788 918 1817 ‚
941 1751 1173 1822 itemque
1201 1751 1281 1803 in-

243 1838 318 1880 ter
336 1830 546 1882 amicos
558 1831 879 1902 praecipuus,
897 1830 1090 1884 ducem
1105 1850 1280 1897 suum,

241 1906 307 1960 de
328 1928 446 1981 quo
475 1924 758 1982 tantopere
785 1912 1009 1965 meritus
1035 1924 1170 1964 esset
1187 1950 1204 1976 ‚
1229 1923 1282 1964 et

247 2006 274 2039 a
289 2007 400 2060 quo
421 2002 503 2043 tot
521 1992 807 2061 accepisset
832 1991 1090 2045 beneficia
1105 2030 1122 2057 ,
1151 1993 1281 2045 ami-

247 2068 382 2123 citiae
416 2083 469 2122 et
499 2071 682 2141 gratiae
711 2089 932 2142 prorsus
962 2072 1283 2138 immemor,

246 2149 540 2220 reliquerit,
564 2162 618 2202 et
634 2150 774 2201 inter
787 2149 966 2204 hostes
980 2154 1092 2223 ejus
1107 2153 1281 2204 infen-

249 2228 478 2283 sissimos
519 2230 672 2301 quasi
710 2230 888 2282 subito
922 2232 1278 2285 transvolarit.

250 2308 464 2371 Cicero,
489 2310 586 2381 qui
603 2327 659 2363 se
674 2348 691 2375 ,
707 2321 771 2362 ut
791 2310 966 2363 obiter
989 2330 1120 2383 pace
1147 2312 1284 2365 tanti

251 2390 349 2441 viri
379 2388 558 2443 dicam
574 2427 590 2454 ‚
613 2390 670 2441 in
701 2402 813 2445 arte
841 2391 1062 2462 politica
1089 2390 1283 2444 rudem

251 2471 468 2523 omnino
483 2508 500 2536 ,
555 2482 610 2523 et
657 2470 879 2523 minime
921 2472 1282 2544 perspicacem

251 2568 342 2619 per
386 2570 549 2606 omne
593 2564 806 2622 tempus
848 2553 1097 2622 praestitit
1115 2590 1132 2616 ,
1179 2553 1281 2604 La-

253 2629 465 2684 bienum
499 2626 606 2693 (ad
636 2633 746 2684 Att.
778 2631 813 2682 l.
843 2649 960 2696 vn,
988 2633 1142 2703 epist.
1178 2630 1282 2713 13)

253 2722 304 2762 et
344 2731 574 2782 magnum
617 2723 672 2763 et
702 2716 1157 2782 praestantissimum
1211 2716 1282 2762 ci·

258 2810 345 2842 vem
371 2792 635 2864 appellat,
667 2803 824 2861 atque
841 2793 1134 2861 flagranti‘
1115 2811 1166 2842 m
1186 2811 1282 2861 pa-

255 2875 390 2922 triam
443 2875 604 2922 amori
644 2869 999 2924 defectionem
1059 2871 1284 2924 Labieni

254 2948 376 3004 falso
429 2953 698 3022 assignat3
754 2951 858 3002 Dio
904 2963 1080 3004 autem
1127 2951 1283 3022 longe

253 3031 582 3100 probabilius
594 3069 609 3098 ,
628 3030 852 3084 vanitati
883 3043 936 3082 et
951 3031 1282 3102 arrogantiae.

255 3111 432 3176 Quum
449 3112 596 3164 enim
618 3129 675 3162 se
697 3110 865 3180 gloria
891 3123 945 3162 et
957 3109 1160 3163 divitiis
1182 3111 1281 3163 sub

256 3190 416 3262 ipsius
444 3190 793 3263 Imperatoris
821 3190 1011 3242 umbra
1034 3202 1284 3243 ornatum

257 3282 307 3322 et
370 3271 756 3344 amplificatum
816 3271 1035 3322 sentiret
1057 3309 1074 3335 ‚
1127 3271 1286 3324 tantis

259 3351 411 3404 rebus
440 3349 684 3404 tumidus
705 3387 721 3414 ,
754 3350 868 3420 ipse
908 3347 1062 3402 ducis
1090 3351 1286 3402 summi

259 3444 426 3501 partes
447 3449 602 3502 agere
621 3429 813 3500 coepit3
833 3449 940 3502 quo
963 3430 1161 3482 factum
1179 3443 1256 3482 est
1269 3469 1284 3496 ,

259 3523 316 3562 ut
341 3512 517 3564 Caesar
541 3511 814 3581 ingratum
831 3511 1095 3580 respuerit
1117 3529 1131 3562 ε
1158 3508 1286 3563 inde

259 3589 437 3643 odium
459 3609 520 3644 ac
547 3589 801 3643 desertio.
832 3591 1100 3643 Caeterum
1132 3591 1288 3643 Pom-

260 3672 428 3740 peiani
459 3670 529 3725 de
560 3689 626 3723 eo
665 3669 919 3723 maximas
945 3689 1064 3742 spes
1095 3689 1285 3724 conce·

259 3763 440 3819 perant
458 3790 475 3817 ‚
512 3767 647 3822 quas
680 3762 901 3803 eventus
933 3750 1106 3803 nullas
1140 3769 1285 3803 com-

261 3832 538 3900 probavit3
583 3849 712 3883 nam
755 3830 942 3884 Cicero
989 3829 1056 3882 ad
1100 3833 1209 3883 Att.
1246 3833 1284 3883 l.

261 3926 390 3978 ΠΗ,
427 3912 586 3984 epist.
629 3929 658 3963 2
679 3947 696 3976 ,
746 3910 819 3962 ait
847 3929 861 3962 ε
894 3912 1166 3978 Afranium
1191 3923 1288 3962 'ex-

261 3991 565 4059 spectabimus
594 4003 648 4042 et
676 3991 922 4043 Petreium
935 4029 950 4053 ,
969 4011 1080 4044 nam
1111 3993 1162 4042 in
1185 3993 1288 4043 La-

262 4067 388 4123 bieno
401 4089 584 4144 pamm
603 4081 680 4122 est
695 4070 965 4140 dignitatis.
994 4073 1064 4130 Et
1086 4072 1285 4126 Lucan.

261 4148 461 4218 Pharo„
482 4153 735 4218 liban.
769 4150 880 4214 345
910 4169 925 4203 ε

1610 1786 1834 1799 .........
1858 1761 1988 1801 Fortis
2010 1762 2052 1801 in
2082 1762 2203 1801 umis

1369 1828 1558 1869 caesarei,
1578 1830 1775 1869 Labienus
1799 1841 1906 1879 erat,
1936 1846 2041 1871 nuuc
2067 1832 2266 1887 transfuga
2295 1832 2405 1882 vilis,

1369 1899 1472 1939 Cum
1490 1902 1588 1941 duce
1607 1900 1767 1955 prtlnto
1788 1910 1909 1941 terras
1928 1910 2045 1957 atque
2070 1916 2227 1957 aequon
2247 1901 2407 1943 lustrat.

1369 1990 1440 2043 Et
1488 2010 1551 2043 ea
1606 2010 1815 2064 semper
1868 1992 1972 2045 fuit
2015 1993 2409 2063 transfugarum

1370 2070 1611 2123 conditio
1627 2109 1643 2137 ‚
1672 2072 1767 2143 qui
1798 2083 1851 2124 et
1877 2072 2119 2143 partibus
2150 2090 2281 2143 quas
2311 2072 2405 2125 de·

1371 2164 1679 2217 seruerunt,
1700 2165 1754 2204 et
1771 2152 1835 2204 iis
1854 2170 1983 2222 quas
2009 2151 2237 2223 amplexi
2255 2166 2407 2217 sunt,

1366 2234 1486 2301 jure
1505 2250 1567 2283 ac
1588 2232 1780 2283 merito
1800 2232 2030 2303 suspecti
2052 2245 2208 2302 atque
2232 2232 2409 2286 odiosi

1370 2310 1641 2364 videntur.
1677 2313 1758 2364 De
1797 2312 2005 2383 origine
2038 2324 2213 2365 autem
2246 2326 2301 2365 et
2326 2314 2405 2365 fa-

1370 2391 1520 2443 milia
1538 2392 1761 2443 Labieni
1778 2391 1893 2445 haec
1913 2390 2219 2463 accipienda
2242 2407 2371 2446 sunt
2388 2412 2405 2447 ι

1370 2470 1638 2526 Labienus
1690 2485 1805 2526 erat
1842 2491 1872 2525 e
1915 2484 2073 2543 gente
2125 2470 2254 2525 Atia
2298 2474 2410 2544 ple-

1370 2552 1524 2617 beia,
1569 2553 1721 2622 cujus
1756 2570 1955 2604 nomen
1995 2571 2059 2604 ex
2086 2551 2201 2622 Aty
2236 2571 2413 2623 puero

1371 2635 1582 2700 trojano
1604 2669 1620 2696 ‚
1649 2632 1707 2683 in
1739 2633 1965 2702 gratiam
1994 2632 2249 2701 Augusti,
2280 2633 2407 2684 vir-

1371 2712 1531 2782 gilius
1556 2709 1773 2763 deducit
1789 2749 1805 2774 ,
1826 2714 1950 2764 AEn.
1979 2729 2041 2775 v,
2066 2729 2116 2763 v.
2154 2711 2296 2766 568:

1371 2793 1521 2834 Parvus
1538 2795 1653 2846 Atys,
1668 2806 1791 2845 genus
1809 2794 1914 2831 unde
1934 2792 2017 2832 Atii
2034 2793 2177 2830 duxere
2194 2791 2323 2831 latini.

1371 2870 1504 2934 Quae
1525 2869 1845 2940 cognomina
1864 2867 1975 2921 duo
1992 2869 2199 2934 habuit,
2217 2869 2404 2924 Balbo-

1372 2969 1477 3001 rum
1515 2962 1569 3002 et
1612 2949 1933 3002 Labienorum
1950 2970 1970 3010 ;
2008 2961 2191 3001 noster
2228 2962 2406 3002 autem

1371 3029 1438 3082 T.
1470 3031 1642 3082 Arms
1669 3031 1984 3093 Lamnus,
2012 3030 2259 3082 tribunus
2290 3031 2406 3101 ple·

1372 3110 1456 3162 bis
1483 3110 1586 3161 fuit
1614 3128 1757 3161 anno
1791 3127 1907 3180 710
1932 3109 2001 3160 U.
2034 3110 2105 3175 C;
2136 3128 2235 3162 nec
2261 3110 2405 3163 illius

1374 3190 1474 3241 alia
1519 3188 1749 3260 dignitas
1780 3202 1859 3241 est
1889 3201 2033 3241 nota.
2087 3188 2253 3242 Filius
2291 3193 2405 3262 ejus

1373 3280 1487 3322 erat
1513 3270 1582 3334 Q.
1628 3270 1781 3322 Atius
1819 3264 2087 3321 Labienus
2106 3307 2124 3335 ,
2170 3269 2267 3340 qui
2290 3307 2307 3334 ,
2342 3285 2405 3324 ut

1372 3362 1555 3421 pater,
1583 3349 1933 3421 Pompeianas
1958 3360 2133 3419 partes
2166 3361 2403 3416 secutus,

1372 3428 1587 3482 sibimet
1614 3448 1909 3500 cognomen
1933 3429 2160 3480 Parthici
2186 3427 2404 3482 indidit.

1374 3509 1550 3580 Hujus
1564 3521 1731 3562 exstat
1738 3526 1989 3561 nummus
2004 3526 2165 3578 quem
2180 3507 2239 3558 V
2232 3509 2409 3561 aillant

1375 3590 1558 3642 citavit
1579 3609 1663 3660 ,p.
1704 3590 1811 3652 145
1848 3589 2009 3642 famil.
2038 3589 2291 3653 Roman„
2312 3606 2405 3642 cu-

1373 3672 1458 3740 jus
1475 3670 1648 3722 antica
1660 3688 1783 3740 pars
1795 3669 1957 3721 babet
1970 3679 2129 3738 caput
2138 3669 2377 3737 juvenile
2388 3707 2405 3735 ‚

1375 3762 1652 3821 comptum
1683 3762 1735 3801 et
1766 3749 1919 3802 cirris
1961 3759 2211 3799 ornatum
2226 3785 2243 3813 ‚
2279 3767 2405 3802 cum

1373 3830 1474 3882 hac
1513 3829 1801 3900 epigraphe
1834 3845 1848 3878 :
1884 3844 1938 3888 Q.
1971 3845 2241 3880 zum-:nus
2272 3847 2407 3883 ran·

1375 3927 1569 3962 'turcus
1601 3927 1753 3973 1MP·3
1783 3906 1987 3978 postica
2017 3926 2169 3970 vero,
2206 3927 2406 3980 equum

1375 3989 1751 4062 ephippiatum
1774 3988 1887 4040 sine
1918 3989 2225 4060 epigraphe.

1461 4076 1514 4132 4.
1562 4068 1827 4120 Vibullium
1841 4069 2035 4135 Rufiam.
2049 4071 2103 4121 Is
2118 4081 2230 4121 erat
2246 4070 2407 4124 Pom-

1376 4150 1488 4222 peii
1502 4149 1803 4216 familiaris,
1827 4147 1895 4203 de
1909 4168 2019 4221 quo
2044 4169 2181 4223 saepe
2205 4151 2409 4206 mentio
