3025 5025
973 482 1048 548 C.
1105 480 1392 547 JULII
1448 478 1921 546 CAESARIS
1978 478 2534 549 COMMENT.

654 636 928 681 suorum
955 612 1257 681 omnium
1285 610 1561 679 hortatu
1588 623 1911 680 statuerat
1942 608 2169 703 praelio
2206 609 2567 679 decertare.
2596 612 2803 682 Nam-

653 743 785 812 que
832 718 1030 787 etiam
1069 720 1140 785 in
1177 714 1451 787 consilio
1483 716 1935 810 superioribus
1980 716 2211 785 diebus
2248 716 2507 785 dixerat
2525 770 2545 805 ‚
2588 746 2622 781 <c
2658 720 2801 811 pri-

571 850 588 864 κ
653 849 936 918 usquam
993 838 1471 895 concurrerent
1525 826 1697 893 acies
1720 877 1741 910 ‚
1786 823 1930 891 fore
1953 877 1973 911 ‚
2006 824 2107 893 uti
2150 824 2477 893 exercitus
2525 825 2801 893 Caesaris

651 930 1078 1025 pelleretur.»
1107 932 1190 999 Id
1219 954 1426 1025 quum
1463 946 1684 1000 essent
1708 929 2008 1024 plerique
2040 930 2383 1015 admirati,
2430 958 2465 994 α
2484 932 2640 998 Scio
2664 956 2803 1018 me,

650 1039 867 1131 inquit
903 1092 923 1126 ‚
980 1063 1169 1131 paene
1217 1035 1669 1107 incredibilem
1724 1036 1865 1105 rem'
1916 1035 2255 1131 polliceri:
2314 1036 2429 1104 sed
2478 1039 2805 1105 rationem

651 1143 908 1212 consilii
929 1146 1060 1212 mei
1081 1146 1395 1241 accipite,
1431 1169 1567 1238 quo
1604 1144 1899 1212 firmiore
1930 1145 2155 1211 animo
2186 1144 2257 1210 in
2307 1141 2612 1237 praelium
2648 1168 2801 1237 pro·

650 1249 878 1319 deatis.
913 1253 1217 1322 Persuasi
1245 1251 1579 1345 equitibus
1618 1251 1862 1319 nostris
1888 1304 1907 1337 ‚
1940 1242 2185 1343 (idque
2215 1250 2379 1317 mihi
2412 1273 2481 1317 se
2512 1246 2801 1319 facturos

649 1351 1279 1447 confirmaverunt‚)
1301 1372 1378 1427 ut
1396 1411 1415 1444 ‚
1445 1382 1655 1450 quum
1679 1358 1955 1453 propius
1976 1358 2059 1425 sit
2087 1380 2426 1425 accessum
2444 1409 2463 1442 ‚
2497 1355 2803 1424 dextrum

651 1464 932 1532 Caesaris
969 1490 1181 1534 cornu
1223 1466 1308 1533 ab
1354 1465 1559 1533 latere
1602 1478 1836 1558 aperto
1852 1461 1873 1487 ²
1918 1462 2479 1557 aggrederentur,
2514 1476 2592 1530 ut
2612 1515 2631 1548 ‚
2670 1464 2802 1531 cir-

646 1584 1006 1639 cumventa
1057 1572 1141 1640 ab
1193 1586 1385 1667 tergo
1438 1573 1579 1639 acie
1603 1626 1622 1658 ‚
1681 1573 1865 1665 prius
1922 1571 2386 1665 perturbatum
2439 1568 2823 1637 exercitum·

647 1674 972 1771 pellerent
993 1732 1012 1764 ‚
1067 1703 1267 1772 quam
1318 1703 1357 1746 a
1396 1678 1589 1747 nobis
1632 1676 1839 1745 telum
1888 1679 1958 1745 in
2000 1677 2263 1746 hostem
2300 1676 2657 1768 jaceretur.
2704 1678 2805 1744 Ita

647 1785 788 1852 sine
813 1783 1113 1879 periculo
1149 1784 1487 1878 legionum
1508 1838 1528 1871 ‚
1557 1799 1626 1853 et
1654 1809 1842 1880 paene
1860 1786 1999 1853 sine
2030 1780 2307 1852 vulnere
2327 1836 2346 1869 ‚
2370 1778 2625 1850 bellum
2649 1806 2801 1850 con·

647 1889 964 1959 ficiemus.
1001 1891 1083 1959 Id
1112 1906 1336 1959 autem
1364 1890 1633 1959 difficile
1661 1916 1799 1960 non
1824 1906 1955 1979 est,
1978 1915 2185 1984 quum
2212 1904 2474 1958 tantum
2507 1890 2801 1983 equitatu

647 1994 1002 2065 valeamus.
1038 2026 1074 2062 >³
1115 1996 1328 2066 Simul
1377 1998 1797 2066 denuntiavit
1814 2052 1833 2082 ‚
1870 2026 1905 2061 κ
1945 2012 2022 2065 ut
2068 2011 2288 2066 essent
2331 1996 2554 2063 anim‘o
2592 1997 2801 2089 parati

648 2102 718 2169 in
770 2117 1152 2196 posterum3
1198 2118 1266 2172 et
1285 2158 1304 2193 ,
1351 2106 1668 2198 quoniam
1724 2104 1917 2173 fieret
1958 2103 2314 2172 dimicandi
2352 2116 2651 2196 potestas
2676 2156 2695 2189 ‚
2730 2116 2802 2169 ut

647 2232 820 2303 saepe
839 2196 1364 2303 cogitavissent³,
1383 2236 1468 2279 ne
1487 2236 1615 2280 usu
1631 2236 1970 2305 manuque
1986 2210 2394 2304 reliquorum
2419 2209 2801 2303 opinionem

645 2312 966 2383 fallerent.
1006 2346 1040 2381 >³

657 480 805 575 298

648 2478 834 2544 Quum
875 2480 1020 2532 enim
1061 2480 1220 2534 sciret
1249 2481 1444 2536 Caesari
1475 2481 1678 2534 exerci-

647 2559 934 2614 tatissimos
967 2561 1162 2614 milites
1205 2574 1261 2613 et
1289 2579 1553 2614 summam
1586 2579 1679 2613 an-

1768 2499 1833 2534 eo
1875 2479 2139 2534 vividiore
2152 2519 2168 2547 ,
2197 2498 2307 2551 quo
2352 2479 2677 2552 simpliciore
2695 2498 2715 2533 r

1769 2563 1819 2601 In
1838 2563 2093 2616 Pompeianis
2110 2571 2248 2600 votum
2264 2569 2325 2600 eat
2338 2559 2543 2602 Pharsali·
2562 2563 2715 2602 castris-

649 2658 806 2692 nonae
819 2641 1090 2711 inopiam3
1112 2642 1214 2694 sihi
1233 2661 1364 2694 vero
1384 2642 1680 2712 imperitos,

649 2732 703 2771 et
753 2721 1039 2773 maximam
1079 2740 1264 2774 rerum
1306 2722 1552 2774 omnium
1588 2739 1679 2773 co-

647 2799 822 2870 piam,
861 2801 1092 2854 malebat
1126 2800 1428 2854 cunctando
1471 2802 1682 2854 hostem

647 2880 864 2932 vincere
887 2918 904 2946 ,
959 2899 1121 2951 quam
1181 2879 1440 2934 incertam
1494 2880 1683 2934 Martis

649 2961 817 3012 aleam
829 2960 1085 3032 experiri3
1102 2973 1156 3014 et
1175 2961 1395 3032 quidem
1410 2961 1685 3033 sapientis-

649 3041 846 3091 simum
861 3053 976 3092 erat
997 3042 1282 3094 consilium
1295 3081 1310 3110 ,
1327 3040 1418 3095 sed
1431 3082 1446 3110 ‚
1460 3043 1519 3094 in
1535 3039 1682 3093 Bello

650 3118 813 3171 Civili
828 3157 845 3185 ,
872 3121 930 3172 in
977 3139 1086 3191 quo
1141 3122 1442 3192 plurimum
1490 3122 1683 3192 vulgus

647 3211 826 3268 potest
837 3237 854 3264 ,
869 3217 981 3252 non
1004 3219 1216 3272 semper
1236 3200 1364 3254 duci
1382 3220 1474 3254 sua
1492 3202 1685 3272 exequi

649 3290 703 3331 et
724 3280 982 3350 perficere
1006 3281 1225 3334 consilia
1249 3282 1389 3335 licet.
1407 3281 1686 3353 Pompeia-

647 3377 846 3412 norum
883 3373 1179 3413 castrorum
1210 3351 1368 3414 facies
1385 3400 1400 3428 ‚
1429 3362 1534 3414 hoc
1565 3379 1683 3412 mo-

651 3453 862 3505 mento,
883 3442 1051 3493 multa
1078 3459 1206 3494 cum-
1224 3436 1498 3506 facuudia,
1513 3453 1569 3494 et
1581 3442 1686 3493 sin·

649 3537 774 3572 cero
815 3521 981 3574 animi
1017 3521 1108 3592 pie
1147 3521 1450 3574 miserantis
1489 3522 1686 3573 affectu

649 3596 893 3671 depingit
906 3601 1172 3666 Lucanus,
1187 3601 1445 3666 Pha-sal„
1458 3619 1561 3664 vn,
1575 3607 1606 3664 4
1616 3601 1645 3654 5
1665 3618 1680 3652 :

647 3691 810 3732 vicent
823 3704 926 3732 autu
938 3695 1069 3746 jubar,
1088 3707 1212 3748 quum
1224 3696 1344 3733 mixto
1357 3707 1560 3734 murmure
1572 3697 1687 3736 turb·

647 3753 879 3798 Caum-um
892 3757 1053 3796 fremuit
1063 3785 1073 3803 ,
1084 3758 1256 3808 satisque
1267 3756 1512 3796 trahentibus
1526 3757 1662 3797 orhem
1674 3786 1685 3806 ‚

649 3812 769 3866 Sign-
787 3817 887 3868 petit
899 3831 1042 3869 pugna
1055 3831 1065 3853 ι
1083 3818 1220 3856 miseri
1233 3831 1328 3870 pers
1345 3819 1510 3858 maxim·
1523 3817 1633 3870 vulgi

647 3872 742 3916 Non
764 3887 891 3917 totum
911 3879 1040 3918 visura
1057 3879 1161 3920 diem
1172 3909 1185 3930 ‚
1208 3880 1379 3918 tentoria
1397 3881 1545 3920 circum

647 3937 738 3992 Ipsa
756 3941 866 3980 duci·
885 3943 1083 3994 «peritur,
1101 3955 1320 3996 magnoque
1333 3957 1492 3984 necem·
1508 3943 1683 3984 tumultu

647 3999 793 4042 uerti·
809 4004 950 4044 viein-
967 4013 1228 4058 μορφῇ-ιω
1249 4007 1433 4045 admovet
1451 4007 1583 4046 hom.

652 4080 850 4134 Omnia
859 4081 1091 4154 denique
1099 4084 1593 4157 insanientisplehis
1606 4086 1685 4138 in·

650 4162 885 4217 fortunia
929 4183 1041 4217 uno
1083 4183 1242 4220 versu
1283 4166 1689 4238 complectitur,

1856 2661 1907 2694 α.
1932 2643 2017 2695 Ab
2038 2643 2187 2694 later-e
2208 2654 2395 2712 aperto.
2414 2639 2481 2693 Id
2504 2655 2581 2694 est
2591 2646 2658 2706 {a
2675 2641 2801 2694 dex·

1770 2734 1875 2774 tro.
1904 2722 2197 2775 Sinistrum
2231 2722 2375 2774 enim
2418 2723 2556 2774 latus
2592 2723 2801 2792 tegeba-

1770 2815 1859 2856 tur
1884 2803 2092 2873 clypeo·

1854 2881 1907 2936 3.
1951 2882 2323 2952 Cogitavissent.
2338 2879 2484 2933 Vide
2499 2899 2686 2952 supra,
2709 2883 2803 2934 82.

1768 2964 2035 3016 Gruterus
2061 2963 2244 3015 malit:
2270 2965 2614 3031 agitaris-sen&
2642 2961 2799 3013 Davi·

1770 3044 1877 3095 sius
1892 3077 1909 3106 ‚
1935 3047 2258 3113 optastis-setim
2285 3039 2801 3112 Marcklnnd.‚flagi-

1772 3127 2013 3176 cavas-sent.
2041 3123 2350 3186 Praestaret,
2368 3122 2483 3174 sine
2511 3119 2707 3184 dubie,
2724 3141 2801 3172 m-

1766 3207 2079 3272 gitavissent;
2108 3201 2201 3254 sed
2241 3213 2427 3254 contra
2464 3199 2625 3253 codd.
2668 3201 2799 3252 nihil

1770 3281 2204 3336 mutandum.-—-
2232 3283 2339 3334 Usu
2367 3301 2621 3354 manuque.
2656 3279 2802 3332 Nihil

1772 3361 1918 3415 aliud
1942 3376 2046 3431 est,
2066 3381 2227 3433 quam
2252 3359 2398 3433 quod
2423 3361 2629 3414 hahent
2647 3357 2798 3412 codd.

1770 3441 2021 3514 quidam,
2055 3461 2143 3494 usu
2174 3460 2424 3503 manuum,
2462 3459 2555 3493 seu
2582 3459 2671 3492 usu
2700 3459 2796 3491 ma-

1772 3542 1876 3576 nm.
1892 3523 2133 3576 Dubium
2148 3533 2227 3575 est
2242 3534 2429 3574 utrum
2448 3522 2625 3574 Caesar
2642 3521 2801 3590 scrip-

1770 3603 1916 3656 serit.
1939 3602 2211 3674 Significnt
2234 3613 2410 3654 autem
2432 3619 2521 3652 usu
2540 3619 2795 3672 manuque,

1771 3695 1918 3748 tum,
1950 3699 2118 3755 quum
2166 3693 2389 3735 ventum
2428 3693 2508 3734 est
2550 3680 2618 3732 ad
2653 3696 2794 3743 rem3

1772 3783 1943 3834 quum
1970 3764 2217 3816 manibus
2241 3760 2508 3814 utendum
2536 3773 2644 3825 est,
2664 3761 2797 3811 facto

1772 3862 1907 3914 opus
1936 3857 2029 3897 est.
2076 3844 2267 3896 Cicero
2312 3841 2449 3894 dixit
2489 3841 2794 3894 administru-

1774 3927 1903 3976 tione
1934 3943 2157 3978 manuum
2177 3941 2294 3994 opus
2316 3941 2440 3986 esse,
2460 3922 2569 3974 hoc
2593 3931 2693 3983 est,
2712 3935 2797 3969 usu

1774 4023 2023 4077 manuque.
2051 4003 2107 4056 Si
2141 4003 2277 4074 quis·
2292 4003 2475 4069 malit,
2498 4019 2633 4053 usum
2660 3998 2795 4051 dieat

1772 4085 2144 4138 tractationem
2168 4084 2341 4153 ipsam
2366 4083 2480 4150 rei3
2501 4093 2559 4135 et
2586 4095 2791 4138 manum.

1770 4166 1937 4232 facte,
1966 4183 2205 4239 operam.
2236 4164 2314 4218 M.
