3025 5025
558 543 567 548 .
613 490 752 558 DE
804 488 1155 556 BELLO
1209 489 1582 558 CIVILI.
1641 491 1831 558 LIB.
1888 493 2042 560 III.

303 633 309 638 ’
364 621 689 690 XXVIII.
748 621 1015 690 Nostrae
1059 644 1263 689 naves
1298 620 1478 709 duae,
1527 621 1782 690 tardius
1812 648 2013 694 cursu
2056 625 2363 696 confecto
2381 683 2399 714 ,

268 727 330 794 in
376 742 638 796 noctem
708 727 1025 819 conjectae
1055 780 1076 814 ‚
1136 752 1345 821 quum
1397 729 1786 821 ignorarent
1812 781 1833 815 ‚
1897 755 2096 822 quem
2174 731 2396 803 locum

266 831 515 926 reliquae
550 835 910 929 cepissent,
950 847 1187 902 contra
1222 834 1485 904 Lissum
1519 835 1590 902 in
1631 837 1894 904 ancoris
1937 840 2398 908 constiterunt.

266 941 391 1008 Has
416 993 433 1027 ‚
470 941 733 1034 scaphis
776 939 1271 1033 minoribusque
1302 941 1583 1034 navigiis
1627 940 2082 1036 compluribus
2123 945 2400 1016 submis-

266 1046 370 1130 εἰς,
436 1046 761 1116 Otacilius
824 1048 1105 1116 Crassus
1128 1045 1181 1133 ¹,
1228 1048 1343 1140 qui
1404 1048 1576 1116 Lissi
1639 1064 1922 1141 praeerat
1949 1101 1968 1135 ‚
2021 1074 2406 1144 expugnare

204 1167 217 1210 ·'
265 1153 529 1244 parabat
569 1178 585 1220 ε
629 1150 825 1222 simul
870 1152 952 1222 de
1000 1152 1333 1220 deditione
1368 1177 1605 1220 eorum
1649 1155 1923 1247 agebat,
1965 1170 2034 1224 et
2067 1156 2407 1228 incolumi·

264 1271 451 1327 tatem
504 1259 743 1328 deditis
784 1257 1237 1354 pollicebatur.
1292 1262 1550 1328 Harum
1593 1259 1802 1329 altera
1857 1263 2044 1331 navis
2084 1262 2408 1334 ducentos

262 1367 483 1458 viginti
518 1391 602 1434 ex
644 1366 903 1460 legione
936 1367 1231 1434 tironum
1272 1364 1630 1434 sustulerat
1669 1393 1684 1434 :
1717 1365 1925 1436 altera
1971 1393 2054 1436 ex
2091 1382 2406 1439 veterana

262 1471 471 1564 paullo
498 1475 721 1541 minus
740 1470 1109 1540 ducentos².
1144 1473 1271 1539 Hic
1300 1475 1617 1565 cognosci
1645 1471 1860 1562 licuit,
1883 1488 2208 1568 quantum
2235 1492 2410 1546 esset

261 1577 629 1647 hominibus
666 1579 953 1672 praesidii
1003 1580 1075 1646 in
1123 1579 1325 1648 animi
1368 1564 1815 1648 fortitudine³.
1867 1582 2146 1650 Tirones
2191 1583 2366 1652 enim
2384 1635 2403 1668 ,

260 1683 670 1754 multitudine
702 1685 973 1752 navium
1010 1686 1374 1779 perterriti,
1408 1697 1477 1753 et
1506 1683 1645 1772 salo
1675 1695 2054 1782 nauseaque
2083 1687 2368 1758 confecti
2385 1745 2404 1778 ‚

255 1791 677 1883 jurejurando
704 1806 981 1886 accepto
1008 1845 1027 1879 ,
1053 1791 1217 1858 nihil
1241 1793 1322 1860 iis
1358 1793 1702 1864 nocituros
1730 1793 1957 1862 hostes
1975 1847 1994 1882 ‚
2023 1819 2093 1863 se
2120 1795 2406 1866 Otacilio

262 1896 649 1968 dediderunt
692 1923 708 1965 ε
754 1900 868 1992 qui
910 1922 1143 1966 omnes
1173 1950 1193 1985 ,
1242 1897 1327 1966 ad
1380 1921 1538 1966 eum
1580 1897 1932 1992 producti,
1977 1916 2214 1974 contra
2251 1902 2406 1971 reli-

260 2005 515 2096 gionem
547 2003 977 2099 jurisjurandi
1021 2007 1091 2072 in
1133 2004 1275 2096 ejus
1310 2019 1674 2098 conspectu
1710 2006 2162 2076 crudelissime
2201 2011 2405 2077 inter·

260 2109 585 2182 ficiuntur.
644 2113 733 2180 At
774 2126 1103 2180 veteranoe
1149 2110 1425 2205 legionis
1462 2111 1738 2200 milites,
1795 2114 1956 2181 item
1976 2100 2002 2143 ⁴
2044 2115 2406 2184 conflictati

256 2231 319 2300 ,et
350 2221 761 2316 tempestatis
806 2233 873 2288 et
906 2220 1181 2287 sentinae
1218 2219 1427 2306 vitiis,
1462 2241 1683 2312 neque
1717 2243 1800 2286 ex
1836 2220 2115 2312 pristina
2156 2223 2402 2290 virtute

2248 517 2393 592 227

257 2420 483 2485 Quidam
510 2419 774 2492 explicant
801 2421 1003 2492 dispersi
1024 2437 1275 2491 caperen-

259 2512 336 2553 tur
358 2501 489 2555 :sed
525 2501 734 2554 mallem
767 2521 891 2554 cum
922 2500 1173 2567 Davisio‚
1191 2500 1277 2551 de·

258 2584 555 2634 traherentur
602 2601 705 2653 pro
760 2582 1122 2633 extraherentur
1143 2620 1157 2643 ,
1212 2600 1278 2633 ex

257 2681 383 2733 aqua
404 2663 543 2726 scil„
572 2663 629 2713 in
658 2680 819 2731 quam
847 2661 1025 2713 fractis
1052 2660 1277 2714 navibus

252 2740 561 2795 deciderant
578 2782 595 2808 ,
626 2754 716 2793 aut
744 2760 773 2792 a
813 2740 1043 2811 scopulis
1081 2741 1278 2811 quibus

254 2822 630 2875 allidebantur.

306 2902 435 2955 cun
454 2902 727 2953 XXVIII.
737 2918 761 2953 1
773 2940 787 2952 .
796 2900 1039 2953 Otacilius
1053 2896 1277 2951 Crassus.

250 2980 368 3049 Ille,
395 2984 545 3035 victo
578 2970 827 3053 Scipione
844 3021 860 3047 ‚
876 2980 1013 3051 fugit
1042 2997 1107 3031 ex
1134 2979 1278 3031 Afri-

252 3079 336 3126 ca,
368 3076 430 3115 ut
478 3073 671 3113 auctor
718 3073 796 3113 est
842 3060 1159 3113 Plutarchus
1177 3099 1191 3126 ,
1221 3060 1285 3125 in⁴

252 3140 473 3195 Catone.
503 3142 771 3193 Caeterum
797 3160 909 3193 non
940 3138 1155 3193 aliunde
1186 3157 1282 3191 no-

251 3221 329 3273 bis
344 3222 621 3275 innotuit.

330 3324 382 3355 a.
422 3302 599 3355 Paulo
643 3304 795 3351 minus
839 3300 1080 3352 ducentos.
1128 3298 1280 3353 Hanc

248 3384 539 3435 lectionem
558 3381 802 3434 revocavi
820 3399 885 3433 ex
900 3379 1097 3433 nostris
1118 3377 1275 3434 codd.

248 3465 359 3517 RR.
377 3482 395 3529 ;
416 3464 485 3515 in
512 3462 628 3515 aliis
658 3460 927 3532 plerisque
956 3457 1078 3511 edd.
1098 3497 1113 3525 ‚
1127 3460 1280 3529 paulo

248 3549 401 3595 minus
428 3542 679 3603 ducentis,
708 3541 901 3611 quibus
926 3539 1132 3602 verbis,
1161 3556 1280 3610 quae

247 3642 368 3677 cum
384 3620 712 3695 praecedenti
725 3622 891 3673 verbo
902 3620 1161 3671 sustulerat
1169 3638 1280 3670 non

246 3702 657 3757 consentiebant
668 3740 685 3767 ‚
698 3700 903 3753 librarii
928 3701 985 3752 in
1010 3698 1281 3752 nonnullis

248 3782 407 3836 codd.
462 3779 779 3833 addiderant
812 3798 825 3833 ε
856 3800 908 3831 se
952 3780 1277 3849 compleverat.

248 3865 332 3917 Ita
354 3864 666 3935 legebatur,
681 3873 743 3913 ut
772 3860 829 3913 in
857 3861 1115 3930 Vulgata,
1126 3860 1279 3929 paulo

248 3948 403 3995 minus
437 3942 655 3994 ducerem
672 3962 725 3992 se
744 3942 1069 4011 compleverat.
1089 3939 1282 4009 Perpe-

246 4042 369 4077 ram
398 4042 413 4075 :
448 4040 550 4075 nec
580 4040 717 4093 opus
752 4032 865 4073 erat
903 4018 1279 4091 additamenti;

246 4122 377 4155 nam
388 4104 449 4155 in
462 4101 830 4155 vetustissimis
844 4102 994 4154 libris
1002 4102 1105 4153 boc
1118 4096 1280 4151 modo

249 4183 409 4253 prior
424 4202 683 4237 numerus
707 4181 1024 4254 exprimitur
1049 4198 1207 4245 ccxx,
1228 4190 1281 4233 et

1365 2419 1422 2472 h.
1450 2419 1489 2471 l.
1518 2436 1606 2482 cc;
1623 2416 1768 2470 unde
1785 2419 1864 2471 nil
1881 2419 2134 2490 impedit,
2153 2423 2284 2492 quin
2302 2441 2404 2494 pro

1366 2499 1584 2550 ducentis
1609 2499 1947 2551 restituamus
1977 2499 2202 2553 ducentos
2209 2523 2230 2563 ,·
2252 2501 2398 2573 quod

1364 2590 1445 2631 est
1462 2579 1817 2648 grammaticae
1840 2579 2044 2649 legibus
2073 2582 2236 2651 magis
2264 2590 2397 2635 con-

1368 2671 1697 2710 sentaneum.
1725 2652 1792 2719 (J
1795 2677 1880 2709 am
1905 2656 2050 2710 idem
2081 2660 2192 2712 fere
2215 2662 2394 2714 existi·

1366 2750 1640 2791 mavei-ant
1673 2737 1916 2791 Davisius
1955 2750 2010 2791 et
2044 2739 2273 2811 Scaliger
2301 2742 2396 2813 qui

1364 2818 1528 2871 verba
1549 2837 1600 2868 se
1624 2818 1963 2889 compleverat,
1995 2820 2204 2873 uncinis
2229 2821 2399 2874 inclu-

1366 2895 1582 2951 debant.

1448 2978 1500 3029 3.
1519 2978 1572 3030 F
1567 2976 1841 3033 artitudine.
1865 2978 1952 3031 Al.
1969 3018 1984 3046 ‚
1991 2977 2319 3049 firmitculine,
2339 2994 2395 3035 et·

1364 3057 1532 3122 infra,
1553 3076 1658 3128 pro
1675 3056 1916 3127 producti,
1939 3059 2004 3111 al.
2023 3060 2246 3131 perducti
2254 3084 2277 3125 ;
2301 3082 2392 3115 va.

1364 3136 1551 3190 rietate
1571 3156 1602 3189 e
1621 3135 1940 3209 compendio
1963 3140 2239 3212 scripturae
2255 3155 2390 3197 orta.

1450 3224 1503 3281 4.
1537 3218 1677 3271 Item.
1722 3218 1848 3271 Vox
1877 3220 2150 3273 familiaris
2175 3235 2386 3287 nostro,

1368 3310 1430 3351 ut·
1450 3299 1564 3368 jam
1581 3297 1846 3366 vidimus,
1869 3299 1930 3352 Β.
1963 3299 2032 3351 G.
2061 3301 2096 3352 l.
2131 3318 2185 3364 1,
2211 3319 2257 3354 c.
2295 3302 2386 3356 36.

1368 3378 1565 3431 Noster
1586 3377 1706 3432 cod.
1737 3379 1887 3447 5764
1907 3419 1922 3445 ,
1936 3391 1989 3430 et
2013 3379 2102 3431 alii
2119 3381 2391 3450 permulti,

1364 3456 1505 3519 idem,
1533 3457 1678 3511 unde
1703 3457 1952 3511 Heinsius
1978 3458 2156 3511 effecit
2177 3459 2344 3510 itidem
2365 3478 2388 3511 .·

1364 3551 1577 3608 praestat
1591 3550 1770 3591 nostra
1788 3538 2056 3591 lectio;—--
2077 3539 2390 3608 Tempestate&

1364 3628 1413 3667 et
1438 3620 1640 3670 sentina.-
1658 3621 1810 3671 vitate.
1835 3616 2050 3669 Sentinoe
2075 3620 2202 3667 ‘vitia
2224 3620 2388 3672 latine

1364 3698 1636 3750 vocaveris
1653 3696 2011 3767 foetorem‘qui
2029 3715 2094 3749 ex
2114 3715 2174 3749 ea
2195 3699 2384 3753 oritur.

1365 3778 1436 3829 At
1476 3781 1764 3847 tempestatis
1805 3778 1932 3827 vitia
1982 3776 2100 3847 quis
2150 3796 2384 3851 unquam

1366 3855 1542 3908 dixit?
1578 3858 1826 3909 Attamen
1862 3868 2066 3908 veteres
2114 3856 2382 3913 interdum

1366 3935 1576 3990 duobus
1599 3935 1684 3986 vel
1715 3935 1959 4006 pluribus
1989 3939 2259 3991 vocabulis
2288 3959 2386 3992 vo·

1326 4016 1333 4023 ’
1366 4034 1482 4069 cem
1517 4013 1844 4086 adjungunt,
1872 4034 1990 4087 quae
2036 4018 2131 4069 uni
2177 4031 2382 4081 tantum

1367 4096 1664 4152 conveniat.
1695 4095 2010 4168 Corn..Nep.
2039 4098 2208 4151 Aloib.
2242 4119 2288 4153 c.
2321 4102 2384 4153 32

1366 4178 1486 4234 Non
1522 4178 1676 4231 solum
1703 4197 1831 4249 spem
1857 4181 1908 4229 in
1933 4198 1990 4228 eo
2015 4182 2270 4231 maximam
2302 4181 2389 4232 ba·-

1793 4312 1804 4319 -
1897 4256 2026 4329 15²
