3025 5025
499 423 573 530 8κ
797 424 875 493 C.
929 420 1230 491 JULII·
1269 417 1733 488 CAESARIS
1790 418 2341 495 COMMENT.

497 556 602 625 cio
639 557 716 625 L.
748 552 1020 625 Lentuli
1037 596 1044 601 -
1062 551 1374 623 Consulis
1406 552 1731 646 correpti,
1760 551 2284 645 exagitabantur.
2320 548 2647 620 Lentulus

497 663 898 732 sententiam
951 658 1188 729 Calidii
1227 659 1827 755 pronunciatumm
1852 656 1879 696 ⁹
1908 682 1978 727 se
2022 659 2303 729 omnino
2356 659 2642 753 negavit.

497 767 859 839 Marcellus
873 820 893 855 ‚
920 764 1701 862 perterritus‘.:conviciiS‚
1728 788 1771 833 a
1804 789 1925 833 sua
1964 766 2289 834 sententia
2324 764 2643 834 discessit.

498 878 608 947 Sic
648 874 926 946 vocibus
964 872 1272 943 Consulis
1286 926 1306 959 ‚
1341 886 1599 941 terrore
1631 873 1975 966 praesentis
2016 874 2343 941 exercitus
2361 868 2433 959 ¹⁰,
2448 872 2671 941 minis⁷

497 983 870 1060 amicorum
907 981 1243 1075 Pompeii,
1280 978 1599 1073 plerique-
1620 976 1947 1074 compulsi
1976 976 2047 1067 ¹¹,
2082 979 2272 1046 inviti
2323 992 2391 1046 et
2430 979 2680 1048 coacti·

497 1088 822 1183 Scipionis
872 1089 1266 1157 sententiam
1321 1100 1723 1179 sequuntur:
1766 1114 1801 1151 ε(
1833 1086 1933 1153 uti
1978 1099 2133 1152 ante
2179 1099 2451 1153 certam
2469 1084 2677 1153 diem-

497 1196 725 1277 Caesar
770 1195 1134 1263 exercitum
1186 1192 1525 1262 dimittat.
1563 1194 1617 1261 si
1658 1217 1827 1260 non:
1844 1190 2082 1278 faciat,
2124 1215 2279 1259 eum
2330 1189 2649 1261 adversus

427 1390 448 1395 -
499 1300 984 1439 rempublicam
1029 1296 1436 1368 facturum¹²
1481 1298 1711 1367 videri.
1756 1328 1792 1365 n
1837 1282 2271 1366 Intercedit¹³
2304 1298 2401 1365 Μ.
2438 1298 2650 1375 Anto-

494 1406 696 1479 nius¹
702 1395 750 1495 ⁴,
789 1408 874 1495 Q.
923 1390 1264 1476 Cassius¹⁵
1271 1459 1291 1493 ‚
1331 1392 1615 1473 Tribuni
1666 1403 1895 1499 plebis.
1942 1404 2260 1473 Refertur
2300 1403 2683 1473 confestim.

497 1514 584 1583 de
621 1514 1096 1591 intercessione
1130 1512 1577 1583 tribunorum.
1621 1512 1963 1590 Dicuntur
2007 1513 2348 1583 sententiae
2394 1534 2683 1605 graves..

499 1624 600 1691 Ut
651 1622 926 1715 quisque
961 1619 1390 1695 acerbissime
1449 1616 2032 1711 crudelissimeque
2080 1617 2279 1706 dixit,
2316 1618 2410 1685 ita
2450 1641 2651 1712 quam

499 1729 787 1798 maxime
827 1718 912 1799 ab
957 1726 1240 1797 inimicis
1281 1726 1561 1797 Caesaris
1605 1723 2038 1797 collaudatur.

501 1940 698 1995 conius,
729 1938 843 1991 haec
883 1938 1047 1991 verba
1065 1972 1072 1983 ·
1087 1936 1312 2009 glossam
1356 1936 1535 1997 existi-

497 2038 679 2084 mans,
706 2019 1069 2090 proponebat,
1088 2022 1260 2089 paucis
1279 2022 1492 2071 mutatis.

588 2118 642 2167 9.
695 2100 1151 2151 Pronunoiaturum.
1203 2098 1537 2166 Pronunciat

506 2178 692 2233 consul
734 2178 1050 2243 sententiam,
1075 2195 1242 2249 quum
1272 2197 1386 2241 eas,
1417 2195 1537 2249 quae

505 2257 661 2327 dictae
681 2271 808 2311 sunt
824 2258 1088 2325 breviter,
1113 2258 1310 2329 repetit
1327 2271 1380 2311 et
1403 2269 1539 2313 eun-³

503 2350 701 2403 inerat,
734 2349 796 2392 ut
820 2351 1031 2391 senatus
1057 2338 1118 2390 in
1146 2338 1396 2408 suffragia
1425 2336 1537 2391 dis-

504 2416 696 2473 cedere
721 2419 906 2489 possit.
934 2418 1012 2471 M.
1035 2418 1106 2469 Et
1121 2416 1266 2489 apud
1287 2436 1392 2471 nos
1407 2436 1541 2490 quo·

507 2517 639 2570 que,
667 2498 764 2570 qui
791 2512 984 2570 praeest
1010 2498 1240 2571 publicis
1267 2498 1510 2552 conciliis
1527 2534 1544 2563 ,

499 2583 795 2649 pronunciat
811 2582 1096 2642 sententias,
1117 2577 1262 2650 quod
1284 2577 1537 2644 dicimus,

497 2659 632 2726 ficit-e
652 2659 697 2710 le
723 2663 908 2716 re'szmid
925 2659 1008 2710 des
1039 2663 1273 2730 opinions.

593 2757 617 2792 1
630 2757 683 2792 ο.
695 2740 745 2790 T
739 2759 896 2790 errore
898 2743 1150 2809 pra-sentis
1163 2743 1410 2793 exercitus.
1427 2740 1542 2795 Ma·

503 2818 554 2870 le
576 2818 822 2871 Davisius
832 2816 1340 2890 praetermittendam
1353 2838 1541 2879 vocem

501 2901 758 2969 proesentis
777 2911 984 2952 censet.
1008 2917 1162 2960 nam,
1192 2910 1253 2950 ut
1277 2897 1541 2965 vidimus,

507 2977 616 3030 Dio
647 2977 937 3030 exercitum
969 2978 1260 3050 Pompeii
1243 2997 1303 3031 ιιι
1347 2980 1540 3032 subur·

507 3057 602 3112 bio
633 3056 862 3110 adfuisse
901 3070 1101 3110 narrat.

596 3154 620 3189 1
638 3155 686 3190 1.
711 3139 936 3210 Plerique
965 3137 1220 3208 compulsi,
1257 3141 1414 3201 inviti,
1449 3151 1540 3192 etc.

507 3216 592 3270 Ex
635 3218 908 3270 sententiis
955 3230 1261 3272 senatorum
1307 3231 1543 3285 constat,

508 3297 794 3369 plerosque
843 3315 1032 3364 eorum
1078 3297 1138 3350 id
1191 3299 1400 3352 consilii
1446 3298 1542 3351 ha-

508 3376 714 3442 buisse,
745 3389 808 3430 ut
850 3378 1096 3450 Pompeii
1132 3391 1308 3449 partes
1355 3397 1543 3449 seque-

511 3470 730 3522 rentur,
757 3454 851 3511 sed
871 3476 965 3510 seu
987 3470 1136 3511 metu
1149 3495 1168 3524 ,
1194 3477 1288 3512 seu
1307 3457 1549 3530 pruden-

511 3537 584 3589 tia
636 3536 996 3590 cunctandum
1043 3540 1329 3592 censebant
1342 3575 1359 3604 ,
1395 3535 1543 3590 unde

511 3613 762 3672 hocloco
793 3616 1018 3683 dicitur,
1043 3621 1202 3679 inviti,
1237 3621 1405 3674 coacti.
1425 3657 1438 3670 .
1457 3656 1472 3669 .

601 3715 626 3748 1
642 3717 691 3750 ο.
733 3698 980 3751 Adversus
1017 3691 1349 3768 rempublicam
1370 3698 1542 3763 factu-

515 3795 654 3834 ηιηι-
677 3778 899 3832 Mollior
944 3778 1200 3842 formula,
1229 3795 1390 3847 quam
1414 3775 1543 3828 hos-

515 3868 627 3910 tem
663 3856 921 3928 judicari3
949 3876 1008 3909 re
1047 3870 1224 3909 autem
1265 3855 1391 3911 huic
1431 3856 1543 3910 fere

518 3938 871 3992 consentiens.
895 3937 1060 3990 Cam..

607 4037 630 4070 1
645 4019 696 4070 3.
718 4017 992 4070 Inter-cedit.
1017 4015 1262 4068 Verbum
1287 4017 1422 4088 juris
1439 4035 1543 4089 pu·

441 4103 444 4108 '
520 4095 652 4154 blici
695 4097 920 4165 romani.
962 4095 1075 4148 Titi
1100 4095 1240 4151 Livii
1272 4098 1408 4168 epit.
1425 4115 1543 4156 clx.

1630 1937 1739 1991 «M.
1759 1937 2021 2004 Antonio,
2037 1938 2105 2003 Q.
2126 1936 2305 1991 Cassio
2318 1976 2335 2003 ,
2353 1938 2515 1991 tribb.
2536 1938 2652 2009 ple·
2674 1974 2691 1983 ..

1621 2018 1706 2073 his
1716 2054 1735 2084 ‚
1744 2018 2010 2088 „quoniam
2021 2017 2487 2071 intercessionibus
2500 2016 2559 2071 id
2578 2037 2656 2071 se-

1622 2110 1777 2155 natus
1791 2098 2094 2152 consultum
2110 2096 2473 2168 impediebant
2483 2136 2500 2163 ,
2520 2098 2655 2151 urbe

1624 2178 1808 2250 pulsis.
1846 2204 1868 2225 ι
1912 2176 2020 2229 Adi
2063 2190 2118 2230 et
2158 2178 2389 2231 Dionem
2434 2196 2541 2232 xm.
2575 2177 2655 2230 Ea

1625 2258 1727 2311 fuit
1748 2258 2093 2311 tribunorum
2119 2269 2349 2329 potestas
2362 2296 2379 2323 ,
2404 2270 2466 2311 ut
2486 2276 2655 2329 quum

1625 2350 1963 2410 opponerent
1977 2356 2033 2391 se
2048 2338 2273 2393 solemni
2285 2340 2450 2391 verbo
2464 2374 2481 2403 ,
2508 2338 2651 2399 Veto,

1624 2418 1808 2471 statim
1832 2417 2139 2471 hebesceret
2177 2418 2328 2490 quasi
2356 2430 2531 2473 retusa
2572 2418 2654 2470 vis
2688 2457 2696 2465 ,Α

1627 2511 1681 2552 et
1706 2497 1843 2552 acies
1860 2498 2103 2552 omnium
2118 2498 2420 2554 edictorum
2434 2517 2554 2572 quae
2574 2517 2654 2551 se·

1626 2591 1782 2632 natus
1797 2617 1814 2644 ,
1854 2579 2049 2651 aliique
2096 2581 2458 2650 magistratus,
2496 2578 2657 2632 etiam

1627 2660 1711 2712 sui
1733 2659 1945 2730 collegae
1969 2659 2227 2714 tulissent.
2256 2661 2339 2712 Ita
2364 2660 2536 2716 Cicer.
2555 2677 2657 2730 pro

1628 2739 1745 2795 Mil.
1781 2743 1838 2793 6.
1874 2738 2092 2805 «Quod
2123 2742 2168 2794 si
2196 2758 2295 2811 per
2312 2740 2575 2793 furiosum
2594 2739 2658 2790 il

1626 2820 1743 2872 lum
1764 2819 2074 2885 tribunum,
2102 2819 2307 2874 senatui
2320 2857 2338 2884 ‚
2370 2817 2518 2890 quod
2536 2836 2653 2871 sen-

1628 2900 1823 2964 tiebat,
1861 2900 2121 2971 perficere
2159 2899 2423 2964 licuisset,
2458 2915 2653 2951 novam
2684 2943 2687 2948 .

1628 2979 2004 3070 quaestionem,
2032 2997 2177 3032 nunc
2210 2977 2414 3030 nullam
2440 2977 2657 3030 habere·

1628 3077 1747 3111 mus
1751 3097 1892 3111 .....
1922 3059 1998 3110 sic
2024 3058 2229 3129 reliqua
2258 3057 2543 3110 auctoritas
2570 3076 2654 3110 se·

1580 3193 1585 3196 ,
1629 3149 1810 3204 natus,
1831 3149 2009 3209 empta
2028 3137 2430 3203 intercessione,
2450 3137 2655 3192 sublata

1630 3231 1723 3273 est.
1752 3243 1776 3265 ι·

1716 3303 1805 3360 14.
1825 3297 1902 3350 M.
1925 3296 2187 3350 Antonius.
2208 3297 2290 3348 De
2310 3314 2374 3348 eo
2393 3295 2502 3350 vid.
2526 3296 2651 3350 infr.

1628 3378 1722 3433 lib.
1746 3395 1848 3441 ιιι,
1874 3395 1921 3430 c.
1955 3383 2049 3442 ²4·

1717 3456 1806 3510 15.
1844 3457 1911 3526 Q.
1942 3456 2156 3510 cassim.
2184 3456 2237 3508 Is
2266 3467 2380 3508 erat
2401 3456 2563 3510 frater
2590 3458 2652 3510 C.

1633 3536 1798 3590 Cassii
1808 3573 1825 3602 ,
1842 3536 2004 3590 unius
2016 3554 2205 3588 eorum
2220 3536 2315 3607 qui
2326 3537 2379 3590 J.
2396 3535 2659 3591 Caesarem

1628 3628 2019 3687 percusserunt.
2035 3615 2206 3668 Porro
2218 3635 2347 3688 gens
2362 3617 2540 3672 Cassia
2550 3619 2661 3690 ple-

1629 3695 1749 3750 beia
1792 3708 1930 3761 erat,
1960 3695 2054 3750 sed
2099 3697 2315 3768 antiqua
2328 3735 2345 3762 ,
2366 3699 2563 3750 nobilis
2602 3709 2657 3750 et
2696 3737 2699 3742 -

1631 3775 1939 3830 consularis.
1966 3777 2177 3830 Nomen
2199 3780 2313 3848 ejus
2330 3796 2361 3830 a
2383 3776 2549 3838 Cassi,
2572 3795 2657 3847 ga-

1630 3857 1742 3923 lea;
1760 3875 2055 3928 cognomen
2071 3859 2343 3928 Longinus,
2362 3875 2393 3908 a
2416 3856 2657 3926 corporis
2696 3891 2701 3896 -
2781 3882 2788 3886 ·

1630 3937 1837 3992 babitu.
1856 3937 2013 3992 Unus
2029 3957 2094 3992 ex
2113 3938 2177 3990 iis
2200 3939 2262 3988 L.
2286 3936 2495 3990 Cassius
2510 3937 2657 3990 Lon-

1631 4019 1786 4089 ginus
1800 4019 2014 4082 Ravella
2026 4057 2043 4082 ,
2061 4019 2145 4074 vir
2158 4016 2448 4082 consularis
2464 4028 2521 4070 et
2533 4035 2657 4070 cen-

1632 4099 1803 4167 sorius
1816 4135 1834 4165 ,
1865 4097 1999 4156 dum
2024 4096 2431 4156 mentribunus
2455 4096 2655 4169 plebis.
