3025 5025
571 504 722 577 566
1363 510 1508 578 DE
1562 510 1918 579 BELLO

565 643 923 738 Pompeius
957 662 1166 711 naves
1197 644 1334 711 XX
1371 658 1661 738 occupat
1685 641 1948 738 longas,
1970 656 2041 711 et
2070 642 2386 739 profugit.
2420 630 2693 714 Didius³
2698 700 2717 733 ,

565 750 680 843 qui
735 737 992 820 Gadis⁴
1041 749 1230 820 classi
1291 749 1663 871 praefiiisset
1718 744 1747 838 (
1786 750 1873 819 ad
1928 774 2129 845 quem
2188 749 2383 820 simul
2444 754 2719 822 nuntius

569 854 808 926 allatus
847 870 979 945 est,
1033 857 1382 926 confestim
1440 859 1626 951 sequi
1682 860 1917 952 coepit3
1965 859 2211 952 partim
2263 858 2601 953 peditatus
2657 873 2723 927 et

569 948 947 1057 equitatus⁵
1003 964 1090 1033 ad
1145 963 1681 1061 persequendum
1738 964 2044 1033 celeriter
2091 967 2221 1035 iter
2272 965 2611 1035 faciebant
2648 958 2724 1055 )‚

569 1072 726 1139 item
747 1086 987 1165 quarto
1008 1070 1114 1140 die
1133 1072 1559 1166 navigatione
1576 1070 1883 1141 confecta
1904 1074 2335 1165 consequitur
2360 1092 2494 1141 e08.
2516 1072 2725 1161 Quod

571 1178 878 1272 imparati
905 1202 944 1246 a
971 1178 1242 1247 Carteia
1284 1178 1568 1273 profecti
1604 1180 1745 1247 sine
1788 1202 1960 1273 aqua
1998 1178 2277 1247 fuissent
2295 1233 2315 1267 ,
2338 1176 2423 1247 ad
2470 1194 2722 1247 terram

571 1270 927 1379 applicant.
966 1288 1151 1355 Dum
1198 1298 1563 1380 aquantur,
1606 1284 1849 1354 Didius
1888 1284 2097 1355 classe
2134 1272 2487 1374 occurrit,
2520 1310 2725 1354 naves

571 1390 902 1481 incendit,
923 1390 1280 1463 nonnullas
1319 1394 1515 1487 capit.
1545 1393 1901 1487 Pompeius
1929 1416 2084 1464 cum
2126 1394 2355 1488 paucis
2386 1392 2727 1489 profligit,

570 1496 896 1581 etlocum
938 1499 1294 1592 quemdam
1325 1502 1663 1568 munitum
1692 1513 1935 1569 natura
1974 1514 2278 1596 occupat.

677 1607 1076 1675 XXXVIII.
1115 1608 1392 1701 Equites
1413 1620 1482 1674 et
1509 1606 1823 1675 cohortes
1843 1660 1863 1694 ,
1889 1630 2039 1701 quae
2066 1606 2152 1676 ad
2182 1604 2728 1701 persequendum

571 1711 818 1781 missae¹
843 1726 1097 1800 essent,
1135 1712 1664 1807 speculatoribus
1698 1726 1855 1781 ante
1895 1714 2109 1783 missis
2152 1714 2471 1783 certiores
2504 1712 2680 1781 fiunt
2708 1738 2726 1780 :

569 1816 749 1887 diem
777 1832 846 1887 et
874 1835 1142 1890 noctem
1173 1820 1302 1889 iter
1329 1820 1607 1889 faciunt.
1642 1821 1999 1915 Pompeius
2038 1820 2325 1889 humero
2356 1834 2425 1888 et
2457 1821 2729 1888 sinistro

569 1948 766 1995 crure
807 1926 1242 1997 vehementer
1281 1940 1428 1996 erat
1466 1926 1748 1995 saucius.
1790 1930 1943 1997 Huc
1986 1926 2378 2016 accedebat,
2407 1941 2488 1995 ut
2520 1928 2727 1995 etiam

567 2032 776 2101 talum
823 2034 1246 2104 intorsisset:
1289 2058 1438 2129 quae
1489 2056 1596 2103 res
1632 2034 1921 2103 maxime
1968 2032 2389 2129 impediebat.
2440 2034 2547 2102 Ita
2592 2032 2729 2103 lec-

569 2136 732 2206 tica²
765 2162 804 2206 a
832 2152 1046 2224 turre,
1075 2160 1207 2233 qua
1231 2154 1405 2211 esset
1432 2140 1706 2227 allatus,
1729 2142 1799 2208 in
1828 2164 1907 2209 ea
1938 2140 2295 2210 ferebatur.
2326 2124 2729 2209 Lusitanus³

569 2266 758 2314 more
779 2194 1048 2315 militari
1059 2266 1310 2342 ,quum
1331 2272 1370 2316 a
1395 2249 1677 2319 Caesaris
1702 2246 2013 2343 prasidio
2036 2244 2268 2316 fixisset
2292 2260 2731 2341 conspectus,

569 2351 873 2423 celeriter
906 2356 1204 2449 equitatu
1241 2354 1764 2449 cohortibusque
1799 2353 2364 2425 circumcluditur.
2404 2354 2576 2421 Erat
2604 2376 2723 2421 ac-

571 2480 794 2529 cessus
836 2460 965 2530 loci
1007 2460 1392 2532 difficultas:
1429 2462 1609 2533 Nam
1649 2461 1900 2532 idcirco
1914 2449 1963 2551 ⁴,
2004 2460 2187 2556 quod
2240 2474 2523 2556 propter
2567 2484 2727 2529 suos

554 2589 612 2633 -α
655 2581 888 2636 nostro
935 2569 1243 2663 praesidio
1287 2569 1521 2640 fuisset
1560 2583 1958 2665 conspectus
1978 2622 1997 2656 ,
2040 2568 2345 2637 celeriter
2390 2569 2729 2637 munitum

571 2669 794 2743 locum
824 2687 1093 2763 natura,
1115 2699 1318 2772 quem
1350 2691 1624 2772 ceperat
1657 2677 1780 2748 sibi
1816 2679 2177 2771 Pompeius
2196 2727 2216 2755 ,
2244 2675 2553 2768 quamvis
2584 2695 2728 2744 ma-

597 2913 604 2920 ’
663 2913 696 2963 3
748 2906 946 2965 Didius.
993 2911 1154 2966 Forte
1203 2909 1348 2966 idem
1393 2912 1487 2986 qui
1536 2913 1604 2966 Τ.
1776 2911 1907 2966 Cn.
1932 2910 2250 2966 XXXVIII.
2276 2929 2323 2964 1.
2343 2910 2530 2979 Quae...
2551 2915 2727 2966 mine.

579 2989 804 3045 Deidius
834 3005 1057 3045 vocatur
1093 2993 1152 3045 in
1181 2992 1416 3046 nummis
1448 2989 1468 3056 (
1493 2991 1604 3047 vid.
1693 2993 2119 3066 Alii,qui...missi
2128 3005 2297 3044 essent.
2313 2991 2473 3044 Parvi
2484 2991 2729 3046 interest.

584 3071 644 3123 V
637 3071 815 3122 aillant
825 3109 841 3133 ,
876 3085 1005 3125 tom.
1058 3091 1082 3126 1
1103 3111 1121 3138 ,
1151 3091 1209 3144 p.
1245 3071 1411 3138 383).
1445 3073 1607 3128 Didia
1780 3093 1833 3126 a..
1856 3074 1943 3126 Ita
1972 3073 2156 3126 lectica.
2189 3074 2254 3126 In
2284 3073 2452 3125 Norv.
2470 3083 2525 3124 et
2542 3072 2729 3128 Petav.

579 3169 708 3221 gens
732 3150 964 3222 plebeia,
978 3150 1073 3206 sed
1097 3153 1406 3206 consularis.
1423 3151 1609 3208 Nostri
1696 3165 1904 3206 tantum
1931 3153 2046 3206 haec
2072 3153 2325 3225 leguntur
2346 3171 2360 3205 ε
2386 3156 2459 3204 ita
2480 3156 2535 3203 in
2557 3154 2728 3205 lectica

580 3243 754 3284 autem
771 3231 979 3284 nullum
997 3243 1166 3286 exstat
1177 3245 1605 3287 monumentum.

665 3316 719 3374 4.
755 3311 932 3365 Gadis.
963 3312 1105 3384 Lege
1146 3311 1398 3374 Gadibus,
1427 3325 1488 3366 ut
1519 3313 1609 3365 alii

581 3404 928 3444 monuerunt.
961 3392 1156 3446 Didius
1197 3391 1349 3446 classi
1388 3393 1609 3446 Caesaris

576 3471 810 3545 praefuit.
839 3469 982 3526 Vide
1011 3491 1126 3544 cap.
1158 3477 1255 3538 40,
1289 3487 1343 3526 et
1377 3473 1610 3526 Dionem

585 3549 728 3606 Cass.
757 3569 932 3616 xnn,
964 3556 1065 3617 18,
1097 3571 1186 3605 πο.
1217 3553 1351 3618 Quae
1381 3571 1611 3624 sequun-

580 3645 670 3685 tur
686 3670 703 3696 ,
721 3632 776 3684 in
793 3636 980 3702 partim
1004 3635 1188 3685 etitem
1215 3652 1326 3686 non
1357 3631 1611 3688 videntur

582 3713 858 3784 scriptura
885 3713 1018 3765 vitio
1060 3732 1257 3766 carere.
1292 3712 1615 3786 Consequitur

586 3813 666 3846 eos
683 3832 698 3855 ,
727 3793 904 3846 forsan
926 3813 1007 3844 eas
1019 3814 1040 3856 ‚·
1063 3812 1138 3846 sc.
1157 3812 1316 3848 naves
1345 3793 1609 3864 Pompeii.

581 3875 661 3926 M.
685 3873 818 3939 Alii,
843 3878 1166 3945 insequuntur.
1191 3869 1324 3946 Cap.
1345 3875 1420 3944 39
1443 3885 1498 3927 et
1513 3881 1609 3941 4ο,

579 3953 775 4026 legitur
797 3953 957 4006 etiam
993 3953 1232 4008 Gadibus.

665 4033 716 4086 5.
759 4034 1014 4086 Peditum-5
1057 4046 1107 4084 et
1153 4037 1466 4106 equitania...
1520 4035 1613 4086 iter

575 4111 844 4182 faciebant.
874 4112 960 4165 Sic
985 4111 1143 4168 codd.
1175 4113 1358 4186 Vulgo
1371 4115 1609 4185 peditati-

584 4193 669 4246 bus
699 4205 749 4244 ee
777 4193 1121 4264 equitatibus...
1150 4196 1244 4246 iter
1260 4195 1468 4261 fizciens.

1682 3233 1954 3302 fier-ebatur.
1992 3233 2235 3288 Fortasse
2268 3251 2452 3286 sensus
2479 3245 2587 3300 est,
2618 3233 2729 3286 lec-

1694 3314 1853 3366 ticam
1886 3333 1917 3368 ι
1946 3325 2093 3366 turre
2114 3309 2275 3376 (villa
2297 3349 2311 3370 ,
2344 3311 2458 3365 vid.
2492 3311 2563 3366 ad
2592 3313 2727 3366 Bell.

1694 3393 1860 3446 Afric.
1890 3383 1999 3460 4ο)
2032 3391 2244 3446 allatam
2281 3411 2427 3460 esse,
2459 3406 2515 3446 et
2560 3393 2619 3444 in
2666 3411 2727 3446 ea

1695 3474 2011 3545 Pompeium
2058 3486 2319 3544 gestatum
2342 3511 2363 3538 ,
2404 3473 2560 3544 quasi
2596 3473 2730 3533 scri-

1693 3548 1849 3626 ptum
1880 3549 2069 3620 fuerit:
2092 3555 2199 3616 Ita,
2218 3554 2385 3606 lectica
2402 3573 2437 3604 a
2455 3565 2587 3605 tum
2619 3573 2728 3625 qua

1695 3647 1817 3686 esset
1826 3634 2011 3694 allata,
2042 3637 2094 3686 in
2118 3633 2459 3704 auferebatur.
2488 3631 2595 3686 Sed
2612 3651 2725 3686 non
2748 3631 2753 3633 ³

1695 3727 1773 3768 est
1812 3713 1947 3768 tanti
1966 3731 2221 3786 quarere.
2242 3711 2387 3764 Vide
2402 3731 2521 3784 cap.
2542 3713 2722 3766 32.M.

1780 3796 1833 3853 3.
1872 3795 2155 3848 Lusieanm.
2194 3791 2394 3846 Milites
2439 3792 2682 3846 Lusitani
2705 3830 2723 3857 ‚

1697 3873 2015 3946 Pompeium
2033 3872 2309 3948 stipantes.
2323 3873 2386 3926 C.
2404 3878 2495 3936 40.
2514 3873 2725 3928 me.

1696 3986 1778 3998 -—
1795 3953 2098 4026 Difficultas.
2122 3953 2260 4009 cod.
2294 3953 2464 4006 Now.
2490 3951 2725 4022 difficilia

1779 4041 1833 4098 4.
1864 4036 1997 4090 Nam
2028 4034 2272 4087 dcirco...
2298 4033 2428 4086 Haec
2459 4052 2630 4104 usque
2658 4029 2727 4085 ad

1695 4113 1865 4169 finem
1889 4114 2077 4187 capitis
2106 4115 2331 4168 obscura
2344 4151 2361 4178 ,
2383 4126 2439 4166 et
2466 4113 2613 4166 varie
2630 4111 2725 4164 de-

1694 4207 1915 4266 pravata
1934 4207 2075 4249 sunt.
2094 4195 2173 4248 M.
2187 4193 2527 4248 L-Munitm
2550 4193 2719 4246 locum
