3025 5025
593 463 747 554 490
1270 548 1277 554 .
1398 461 1467 528 D
1490 460 1548 526 E
1601 460 1950 528 BELLO

592 615 795 660 naves
822 604 1417 684 consequerentur,
1449 593 1742 686 primum
1775 593 1918 687 ipse
1945 588 2360 686 navigiolum
2387 586 2748 684 parvulum

593 697 1015 783 conscendit3
1060 699 1130 770 in
1184 719 1385 768 cursu
1436 697 1784 792 Aquilam,
1837 697 2266 768 multitudine
2323 697 2750 790 navigiorum
2799 705 2812 714 ‘

593 805 1019 898 perterritum
1056 819 1257 899 atque
1298 805 1780 899 trepidantem,
1823 819 2060 876 nactus
2079 857 2099 892 ,
2134 804 2431 874 hostium
2473 801 2752 872 classem

595 911 780 1004 sequi
806 913 1036 1006 coepit..
1067 915 1349 986 Interim
1373 915 1628 1000 VaruS,
1651 911 1990 982 celeritate
2033 911 2316 981 Gaesaris
2345 909 2754 1002 audaciaque

594 1031 816 1088 motus
828 1072 849 1107 ,
862 1042 1019 1087 cum
1036 1017 1571 1090 universa-classe
1581 1074 1604 1108 ,
1621 1017 2268 1113 conversisxnavibus
2278 1071 2299 1105 ,
2312 1017 2757 1086 Adrumotum

596 1147 829 1194 versus
861 1125 1091 1220 fugere
1124 1125 1485 1198 contendit.
1523 1127 1746 1216 Quem
1767 1127 1996 1196 Caesar
2007 1113 2106 1193 irs
2118 1124 2410 1194 millibus
2435 1143 2756 1219 passuum

597 1233 701 1300 IV
760 1247 1157 1305 consecutus
1184 1285 1205 1320 ,
1252 1247 1648 1327 recuperata
1703 1233 2164 1327 quinqueremi
2209 1254 2384 1300 cum
2445 1230 2759 1300 omnibns

601 1337 736 1406 suis
774 1339 1081 1433 epibatiS,
1126 1353 1325 1434 atque
1366 1341 1568 1408 etiam
1603 1340 1903 1409 hostium
1949 1337 2337 1408 custodibus
2381 1339 2656 1408 CXXX
2695 1337 2761 1404 in

602 1467 682 1512 ea
730 1467 901 1514 nave
952 1447 1163 1542 captis
1192 1500 1211 1533 ,
1271 1449 1611 1516 triremem
1663 1445 2379 1564 hostium'proximam
2409 1497 2430 1532 ,
2473 1461 2634 1538 quae
2697 1443 2763 1510 i'r'i

603 1549 1043 1646 repugnando
1082 1567 1227 1622 erat
1262 1567 1710 1642 commorata,
1741 1567 2052 1622 onustam
2087 1552 2419 1646 remigum
2456 1551 2764 1645 epibata-

543 1669 549 1678 ’
606 1681 891 1751 rumque
933 1661 1148 1755 cepit:
1191 1659 1461 1753 reliquae
1494 1684 1702 1729 naves
1738 1659 2033 1730 hostium
2069 1657 2614 1776 promontorium
2653 1679 2762 1725 su-

606 1780 967 1858 perarunt,
1013 1781 1213 1860 atque
1258 1766 1701 1836 Adrumetum
1758 1769 1830 1834 in
1884 1765 2266 1835 Cothonem
2316 1789 2385 1833 se
2437 1765 2766 1832 universae

610 1870 1058 1941 contulerunt.
1095 1876 1322 1955 Caesar
1357 1873 1592 1960 eodem
1636 1885 1841 1944 vento
1875 1871 2414 1968 promontorium
2449 1893 2766 1965 superare

573 2049 579 2055 Ι
614 2001 750 2044 non
780 1981 1031 2071 potuit,
1064 1994 1265 2073 atque
1290 1981 1360 2047 in
1384 1979 1524 2050 salo
1551 1981 1621 2048 in
1651 1981 1913 2049 ancoris
1939 2003 2018 2047 ea
2045 1991 2246 2047 nocte
2280 1991 2765 2062 commoratus,

508 2097 517 2105 ·
612 2083 831 2175 prima
859 2083 1006 2154 luce
1036 2086 1481 2156 Adrumetu'm
1514 2085 1812 2174 accedit,
1844 2087 2066 2179 ibique
2092 2083 2374 2154 navibus
2417 2084 2768 2170 onerarii5‚

613 2213 762 2282 quae
788 2205 981 2260 erant
1008 2207 1196 2262 extra
1226 2193 1650 2281 cothonem,
1673 2193 1994 2278 incensis,
2024 2190 2466 2284 omnibusque
2503 2189 2768 2284 reliquis

613 2293 789 2364 aliis²
826 2312 944 2368 aut
979 2299 1355 2420 subductis,
1388 2315 1507 2370 aut
1546 2302 1616 2368 in
1653 2299 2035 2369 Cothonem
2079 2295 2440 2392 compulsis
2459 2351 2479 2385 ‚
2503 2296 2768 2392 paullis-

558 2433 564 2438 ·
612 2426 735 2496 per
775 2422 1255 2492 commoratuS‚
1294 2408 1349 2475 si
1384 2407 1557 2477 forte
1596 2405 1846 2475 vellent
1899 2404 2106 2475 classe
2149 2403 2504 2492 dimicare,
2546 2426 2770 2472 rursus

586 2534 683 2578 ·se
727 2514 980 2607 recepit
1012 2514 1081 2583 in
1124 2528 1361 2585 castra.

724 2620 977 2689 LXIV.
1018 2601 1102 2689 In
1144 2646 1225 2691 ea
1258 2597 1451 2690 nave
1468 2572 1706 2715 captus
1741 2634 1844 2689 est
1873 2622 1948 2687 P.
1975 2617 2282 2689 Vestrius
2309 2634 2516 2737 eques
2558 2640 2770 2685 roma·

618 2746 781 2811 nuS,
806 2738 875 2793 et
900 2727 972 2793 P.
1012 2727 1362 2821 Ligarius³
1388 2726 1832 2815 Afranianus,
1861 2748 2061 2821 quem
2094 2724 2373 2795 Caesar
2353 2748 2426 2791 m
2454 2724 2774 2819 Hispania

619 2854 773 2899 cum
810 2830 1077 2926 reliquis
1112 2834 1509 2921 dimiserat,
1503 2848 1579 2903 et
1609 2847 1844 2935 postea
1879 2857 1948 2904 se
1983 2829 2070 2901 ad
2103 2831 2516 2925 Pompeium
2539 2838 2772 2899 contu·

620 2934 825 3024 lerat3
859 2938 1013 3007 inde
1046 2960 1129 3009 ex
1163 2939 1393 3035 praelio
1434 2940 1800 3035 effugerat,
1830 2940 1906 3007 in
1943 2937 2371 3031 Africamque
2407 2936 2496 3005 ad
2517 2936 2772 3006 Varum

624 3058 953 3113 venerat:
1008 3070 1210 3147 quem
1249 3047 1339 3116 ob
1381 3046 1751 3141 perjurium
1797 3044 2277 3140 perfidiamque
2321 3046 2550 3113 Caesar
2589 3042 2775 3137 jussit

625 3152 888 3239 necari3
932 3154 1002 3219 P.
1034 3154 1303 3223 Vestrio
1344 3168 1608 3243 autem,
1647 3152 1830 3247 quod
1869 3150 2014 3245 ejus
2055 3150 2265 3221 frater
2305 3150 2543 3219 Romae
2578 3172 2772 3245 pecu·

626 3258 805 3327 niam
845 3259 1241 3352 imperatam
1275 3274 1776 3347 numeraverat,
1803 3273 1870 3329 et
1905 3256 2088 3353 quod
2122 3258 2268 3352 ipsq
2290 3276 2479 3326 suam
2512 3276 2774 3325 causam

629 3366 1465 3459 Caesari‘probaverat55e,
1484 3389 1531 3433 a·
1549 3364 1800 3437 Nasidii
1839 3360 2078 3433 classe²
2107 3378 2414 3458 captum,
2451 3388 2667 3457 quum
2700 3356 2774 3429 ad

628 3476 893 3540 necem'
926 3472 1283 3545 duceretur
1304 3527 1325 3562 ,
1374 3470 1700 3551 beneficio
1742 3470 1912 3555 Vari
1952 3496 2092 3544 esse
2135 3483 2508 3556 servatum,
2552 3482 2775 3564 postea

584 3643 595 3651 .
630 3576 1015 3649 facultatem
1056 3580 1185 3648 sibi
1218 3578 1468 3648 nullam
1492 3580 1732 3649 datam
1775 3576 2197 3665 transeundi,
2229 3576 2512 3672 ignovit.

720 3774 771 3809 2.
804 3756 1022 3827 Reliquis
1044 3756 1177 3809 aliis.
1202 3756 1505 3809 Deleverim
1533 3748 1662 3809 alii-'5'
1750 3750 1996 3825 Pompeii
2019 3753 2235 3823 legato,
2263 3750 2321 3803 in
2350 3748 2612 3823 Hispania
2647 3746 2772 3801 mili-

635 3836 713 3889 M.
747 3835 889 3887 Male
910 3834 1030 3889 cod.
1067 3834 1331 3907 5764‚ab
1358 3837 1451 3889 his.
1514 3850 1525 3877 ἰ
1574 3832 1581 3853 ³
1625 3850 1632 3862 ·
1751 3838 1975 3887 tavei-at.
2033 3830 2294 3885 Cenat-ius.
2342 3858 2425 3874 -—
2477 3830 2559 3883 Et
2591 3839 2767 3901 postea.

718 3914 849 3969 Cn.
878 3916 1078 3969 LXIV.
1110 3934 1133 3969 1
1146 3954 1161 3969 .
1182 3916 1387 3983 Publius
1416 3918 1665 3985 Ligarius.
1751 3912 1990 3968 Suhaudi
2019 3905 2119 3985 qui.

641 3995 828 4047 Frater
852 3996 920 4061 Q.
930 3996 1128 4067 Ligarii
1145 4032 1162 4061 ,
1182 4014 1344 4067 quem
1372 4009 1558 4049 orator
1580 4004 1674 4049 ro)
1801 4006 1888 4047 2.
1906 3993 1962 4047 A
1981 3993 2188 4048 Nasidia·
2195 3992 2360 4047 classe.
2381 3988 2469 4043 830
2483 3983 2726 4042 Oudend.
2739 4002 2768 4036 e

640 4093 829 4128 manus
856 4088 1041 4147 postea
1056 4072 1299 4129 defendit
1314 4075 1459 4148 apud
1472 4076 1665 4130 Casar.
1753 4026 1872 4129 cod.
1884 4071 2090 4127 Ursini.
2093 4073 2274 4143 Vulg'o
2289 4068 2599 4143 praepositio
2615 4066 2765 4121 deest.

652 4185 710 4201 ο·-
763 4154 1073 4225 Afranianus
1097 4192 1113 4219 ,
1140 4156 1237 4228 qui
1270 4158 1371 4212 sub
1398 4153 1666 4211 Afranio
1650 4196 1664 4225 ,
1752 4172 1834 4202 ...r
1861 4154 2074 4211 Nasidii.
2103 4151 2235 4208 vid.
2269 4152 2332 4206 Β.
2363 4150 2428 4206 C.
2447 4168 2529 4219 ιι,
2562 4149 2614 4206 3.
2639 4146 2714 4201 Μ.
