3025 5025
943 435 949 442 ’
1006 450 1597 522 AFRICANo.
2223 454 2372 551 467

237 605 485 661 terrore
530 587 911 673 obcaecatae,
958 584 1267 657 omnibus
1320 583 1532 679 portis
1585 584 1656 650 in
1709 605 1830 652 sua
1877 595 2094 656 castra
2145 587 2376 682 fugere

236 708 595 790 coeperunt.
627 696 865 764 Postea
880 743 899 779 ‚
931 691 1239 786 Scipione
1266 691 1541 784 ejusque
1565 691 1774 784 copiis
1799 712 2040 783 eampo
2069 691 2376 767 collibus-

234 827 359 896 que
388 801 754 876 exturbatis
770 851 789 884 ‚
818 813 1019 892 atque
1058 799 1129 872 in
1162 812 1381 870 castra
1410 796 1804 892 compulsus,
1835 821 2043 890 quum
2083 807 2378 895 receptui

234 911 455 980 Caesar
508 908 654 978 cani
702 907 1003 1000 jussisset
1033 959 1053 992 ‚
1110 907 1610 1004 equitatumque
1673 928 1941 975 omnem
2000 906 2176 976 intra
2229 931 2379 980 suas

234 1016 635 1090 munitiones
667 1015 1021 1107 recepisset
1040 1006 1075 1100 ,’
1097 1035 1339 1106 campo
1375 1025 1700 1106 purgate,
1740 1011 2214 1083 animadvertit
2247 1019 2378 1086 mie-

230 1121 415 1192 rifica
443 1143 731 1215 corpora
758 1118 1110 1190 Gallorum
1146 1121 1808 1211 Germanorumque,
1833 1119 1948 1212 qui
1971 1120 2214 1213 partim
2239 1123 2384 1215 ejus

230 1227 695 1302 auctoritatem
740 1241 931 1300 erant
964 1251 1049 1295 ex
1094 1223 1311 1296 Gal-lia
1354 1227 1564 1296 secuti
1581 1277 1602 1308 ‚
1643 1225 1886 1319 partim
1929 1228 2144 1320 pretio
2170 1227 2380 1323 polli-

229 1334 785 1427 citationibusque
822 1332 1091 1406 adducti
1132 1331 1219 1400 ad
1254 1357 1409 1400 eum
1444 1355 1515 1402 se
1543 1330 2014 1420 contulerant3
2042 1334 2386 1426 nonnulli,

228 1442 339 1559 qui
360 1467 445 1510 ex
472 1442 787 1511 Curionis
814 1437 1079 1570 praelio²
1101 1440 1281 1534 capti
1306 1439 1814 1532 conservatique
1839 1463 2072 1533 parem
2099 1444 2384 1536 gratiam

226 1549 295 1616 in
349 1547 484 1624 fide
531 1532 929 1666 partienda³
971 1560 1287 1640 praestare
1325 1544 1696 1616 voluerant.
1750 1547 2013 1616 Horum
2059 1571 2345 1643 corpora
2364 1603 2386 1636 ‚

227 1653 509 1725 mirifica
546 1655 765 1748 specie
804 1651 1404 1747 amplitudinequc,
1438 1675 1610 1722 caesa
1645 1665 1790 1722 toto
1825 1675 2068 1794 campo
2101 1677 2182 1724 ac
2225 1681 2380 1750 pro—

227 1775 435 1833 strata
480 1761 741 1830 diverse
775 1759 1107 1852 jacebant.

330 1869 515 1938 XLI.
574 1868 693 1938 His
735 1866 935 1938 rebus
974 1868 1201 1961 gestis,
1238 1875 1507 1960 postero
1545 1835 1654 1934 die
1689 1867 1914 1936 Caesar
1949 1889 2032 1936 ex
2071 1869 2382 1940 omnibus

224 1973 547 2068 praesidiis
606 1973 919 2044 cohortes
970 1972 1239 2060 eduxit,
1288 1987 1491 2066 atque
1545 1997 1778 2042 omnes
1831 1997 1982 2042 suas
2027 1975 2252 2069 copias
2313 1979 2384 2046 in

228 2105 471 2175 campo
533 2080 859 2152 instruxit.
932 2081 1207 2174 Scipio,
1264 2081 1397 2148 suis
1464 2078 1640 2148 male
1705 2082 2041 2175 acceptiS‚
2107 2085 2382 2172 occisiS‚

226 2185 888 2280 con-vulneratisque,
922 2187 1097 2254 intra
1138 2209 1287 2254 suas
1324 2188 1668 2255 continere
1713 2211 1782 2256 se
1819 2189 2222 2258 munitiones
2249 2215 2384 2260 coe-

224 2297 341 2388 pit.
384 2296 645 2382 Cacsar,
672 2295 997 2365 insti-ueta
1030 2292 1171 2360 acie
1216 2291 1584 2362 secundum
1617 2291 1936 2381 infimas
1912 2295 2057 2386 Jugi
2093 2295 2384 2384 radiceS,

222 2402 503 2496 propius
544 2400 943 2474 munitiones
988 2396 1225 2467 leniter
1263 2399 1558 2470 accessit.
1607 2401 1890 2492 Jamque
1937 2401 2160 2470 minus
2205 2402 2384 2474 mille

224 2529 545 2603 passuum
602 2506 687 2576 ab
744 2504 993 2601 oppido
1055 2506 1256 2574 Uzita
1282 2559 1302 2593 ,
1354 2504 1536 2599 quod
1581 2506 1801 2600 Scipio
1863 2506 2130 2575 tenebat
2157 2562 2177 2596 ‚
2223 2511 2380 2579 abe·

224 2630 379 2685 rant
407 2613 699 2709 legiones
724 2617 763 2682 J
769 2612 1038 2696 alianae,
1076 2635 1286 2707 quum
1312 2613 1569 2706 Scipio,
1597 2613 1848 2681 veritus
1874 2666 1894 2700 ,
1930 2638 2016 2681 ne
2055 2615 2383 2709 oppidum

224 2724 604 2805 amitteret,
644 2718 822 2789 unde
866 2712 1098 2815 aquari
1147 2716 1545 2814 reliquisque
1595 2718 1793 2789 rebus
1848 2718 2178 2789 sublevari
2235 2724 2402 2819 ejus-

222 2830 555 2905 exetcitus
592 2842 981 2912 consuerat,
1022 2825 1279 2895 eductis
1318 2828 1631 2896 omnihus
1667 2826 1878 2921 copiis
1898 2881 1919 2914 ‚
1961 2828 2388 2923 quadruplici.

220 2938 366 3005 acie
402 2936 729 3004 instructa
773 2958 855 3003 ex
898 2936 1201 3001 instituto
1244 2958 1364 3002 suo
1390 2986 1408 3022 ,
1451 2934 1668 3027 prima
1705 2936 1994 3029 equestri
2035 2939 2377 3005 turmatim

221 3042 480 3112 directa
511 3091 530 3126 ,
589 3038 1088 3137 elephantisque
1142 3041 1395 3112 turritis
1457 3041 1886 3134 interpositis
1927 3042 2326 3137 armatisque
2357 3099 2375 3132 ,

222 3150 565 3245 suppetias
626 3150 723 3218 ire
774 3147 1138 3217 contendit.-
1177 3146 1383 3235 Quod
1426 3147 1542 3215 uhi
1593 3149 1820 3217 Caesar
1872 3147 2338 3220 animadvertit
2359 3206 2378 3239 ‚

222 3258 623 3339 arbitratus,
647 3256 1025 3349 Scipionem
1054 3253 1139 3332 ad
1167 3252 1620 3323 dimicandum
1650 3266 1954 3348 paratum
1985 3254 2070 3322 ad
2095 3280 2166 3324 se
2193 3272 2378 3327 certo

220 3358 483 3431 animo*
520 3362 795 3451 venire3
839 3364 909 3429 in
963 3387 1043 3429 eo
1080 3360 1229 3431 loco
1255 3415 1274 3448 ‚
1316 3387 1451 3455 quo
1502 3359 1727 3455 paullo
1775 3375 1928 3430 ante
1971 3387 2376 3431 commemo-

173 3495 179 3500 ·
220 3470 407 3557 ravi,
442 3483 597 3539 ante
637 3469 961 3563 oppidum
1004 3470 1332 3555 constitit,
1368 3492 1688 3561 suamque
1727 3471 1940 3539 aciem
1966 3466 2256 3539 mediam
2297 3494 2378 3541 eo

307 3651 1255 3723 2..Curionisproelio.Vid.B.C.11,40.
1282 3679 1288 3683 ·
1344 3655 1715 3704 commemoravi.
1747 3653 1881 3717 Alii,
1911 3672 2046 3723 quem
2075 3654 2162 3705 vel
2208 3654 2342 3726 quod
2355 3675 2377 3716 ‚-

309 3736 367 3789 3.
382 3734 437 3787 F
436 3734 513 3785 ide
522 3733 798 3803 partienda.
815 3732 1187 3787 Partiebantur
1200 3731 1261 3783 fi·
1343 3731 1437 3785 sed
1480 3734 1612 3784 boni
1643 3729 1822 3798 codd„
1855 3752 1950 3804 quo
1987 3751 2088 3804 per
2130 3733 2372 3787 Graecam

222 3814 353 3871 dem
370 3848 389 3879 ‚
409 3814 535 3884 quia
560 3826 715 3867 antea
738 3813 966 3865 Curioni
984 3849 1001 3878 ,
1020 3811 1261 3882 adeoque
1347 3810 1639 3883 antiptosin
1671 3852 1686 3879 ‚
1739 3815 1892 3882 cujus
1953 3813 2193 3885 exempla
2247 3811 2377 3867 dant

222 3894 473 3967 partibus
506 3893 766 3959 Cauris,
810 3909 955 3957 nunc
982 3892 1259 3963 Scipioni,
1348 3891 1526 3945 Sanct.
1567 3904 1622 3945 et
1649 3891 1894 3945 Perizou.
1923 3892 1982 3944 in
2012 3892 2242 3946 Minerv.
2275 3913 2334 3946 1v
2353 3928 2372 3957 ‚

224 3974 473 4045 adeoque
502 3973 843 4045 Pompeianis
856 3990 913 4030 se
930 3970 1261 4031 addixerant.
1356 3990 1380 4024 ι
1396 3992 1445 4025 ι.
1462 3972 1650 4023 Unum
1663 3969 1804 4024 addo
1829 3990 1894 4025 ex
1910 3972 2083 4025 Plaut.
2108 3974 2265 4027 Curc.
2285 3994 2374 4044 111,

294 4055 447 4109 ‚Cum
460 4054 603 4107 XLI.
624 4056 927 4108 1.Paratum
942 4055 1261 4117 certopnimo.
1353 4057 1467 4121 49„
1484 4052 1636 4105 Istum
1677 4070 1812 4125 quem
1857 4056 2032 4125 quoen’s
2051 4092 2068 4114 ,
2120 4074 2216 4125 ego
2251 4075 2372 4109 sum.

228 4133 365 4187 vid.
393 4146 509 4187 not.
542 4132 609 4185 ad
632 4152 681 4189 c.
714 4135 804 4189 33.
828 4166 911 4179 *-
935 4134 1049 4205 Quo
1070 4152 1125 4203 p.
1156 4143 1267 4185 anto
1350 4132 1564 4185 videet
1581 4133 1806 4187 Pal-oum
1822 4132 1879 4185 in
1893 4134 2022 4185 Lex.
2043 4135 2292 4189 Plautino
2323 4149 2378 4193 et

1927 4230 2060 4303 30²
