3025 5025
647 428 796 529 576
1275 412 2162 503 SUPPLEMENTUM

639 568 892 663 peianis
937 589 1058 661 per
1098 564 1366 633 eosdem
1414 563 1553 633 dies
1597 562 1953 635 crudeliter
1998 578 2183 659 gesta
2224 579 2413 650 sunt3
2458 592 2587 635 ceu
2628 593 2792 663 prae-

639 672 1042 767 sagientibus
1087 671 1205 739 fati
1251 670 1424 739 diem
1466 671 1591 739 sibi
1628 671 1875 740 instare
1894 723 1913 757 ,
1969 685 2037 739 et
2072 667 2099 760 (
2132 674 2248 765 qui
2284 698 2431 743 mos
2479 674 2665 743 ferus
2700 689 2797 745 est

637 778 1084 875 quorumdam
1121 772 1150 869 )
1183 778 1451 847 inferias
1480 768 1484 775 ¹
1509 778 1633 846 sibi
1677 779 2077 871 praemittere
2120 778 2339 848 aliena
2383 781 2567 849 caede
2611 806 2797 876 quae-

637 885 958 957 rentibus·
1005 884 1362 979 Pompeius
1403 884 1537 965 hoc
1572 898 1873 979 tempore
1910 887 2527 978 magnanimitatem
2570 912 2797 975 suam,

637 1008 705 1063 et
723 1006 976 1061 metum
987 993 1268 1061 Caesaris
1284 1016 1438 1061 cum
1457 992 1685 1059 amicis
1706 990 2076 1060 simulabat.
2092 994 2391 1063 Inventae
2412 1008 2572 1062 sunt
2588 992 2795 1066 literae

637 1102 780 1195 ejus
807 1100 1222 1168 continentes
1240 1150 1259 1187 ,
1293 1102 1629 1169 Caesarem
1657 1122 1795 1167 non
1826 1097 2073 1167 audere
2098 1100 2167 1166 in
2208 1122 2525 1195 campum
2566 1104 2797 1196 copias

637 1208 956 1294 educere,
985 1209 1118 1274 suis
1156 1206 1479 1274 tironibus
1525 1204 1935 1274 diffidentem
1954 1258 1973 1292 ,
2009 1206 2122 1298 qui
2160 1207 2214 1273 si
2257 1231 2501 1301 pugnae
2530 1210 2798 1302 copiam

637 1318 842 1408 aequis
865 1316 932 1381 in
965 1312 1126 1381 locis
1161 1310 1519 1406 aliquando
1558 1302 1838 1398 fac'eret,
1871 1336 1940 1381 se
1972 1335 2114 1381 rem
2144 1315 2446 1381 omnium
2476 1316 2797 1408 opinione

639 1419 920 1490 celerius
950 1419 1449 1511 confecturum,
1493 1417 1693 1513 idque
1718 1444 1785 1487 se
1818 1434 2231 1513 exspectare,
2270 1422 2469 1489 etiam
2503 1443 2790 1516 sperare.

629 1529 792 1601 Ibat
817 1530 1069 1597 interea
1083 1528 1440 1621 Hispanias
1471 1524 1827 1606 ambiendo
1842 1578 1862 1613 ,
1882 1541 1979 1613 et,
2000 1540 2076 1593 ut
2093 1528 2233 1620 ipse
2250 1516 2547 1612 dicebat,
2570 1531 2792 1597 civita·

637 1648 739 1703 tes
767 1620 1039 1705 suarum
1075 1635 1368 1729 partium
1409 1632 1889 1702 conservando.
1926 1637 2163 1726 Itaque
2213 1632 2540 1727 Hispalim
2579 1636 2793 1721 venit,

635 1755 1006 1835 contraque
1043 1740 1276 1810 urbem
1303 1741 1370 1808 in
1411 1738 1657 1807 oliveto
1690 1754 1908 1808 castra
1938 1740 2176 1833 posuit.
2199 1739 2367 1810 Inde
2404 1738 2567 1809 alias
2596 1755 2791 1835 atque

637 1848 800 1917 alias
845 1848 1040 1934 adiit3
1085 1845 1171 1916 ad
1207 1851 1582 1915 extremum
1626 1845 1902 1914 Mundae
1924 1845 2264 1931 substitit,
2306 1870 2510 1939 quam
2554 1873 2790 1942 supre-

569 2000 586 2015 κ
635 1956 764 2025 mis
803 1953 1103 2022 cladibus
1147 1954 1287 2047 ejus
1325 1952 1597 2021 fortuna
1637 1952 1989 2045 delegerat.
2038 1955 2139 2021 Eo
2182 1966 2252 2020 et
2296 1954 2522 2023 Caesar
2566 1957 2790 2039 venit,

635 2074 1004 2154 contraque
1027 2061 1418 2177 Pompeium
1454 2073 1672 2128 castra
1700 2072 1985 2127 metatus
2014 2072 2133 2127 est.
2160 2061 2519 2154 Pompeius
2547 2064 2789 2129 Fausto

633 2169 1033 2260 scripserat,
1076 2168 1239 2261 qui,
1276 2180 1605 2259 quantum
1643 2164 1842 2234 datur
1884 2164 2201 2259 intelligi,
2242 2167 2419 2234 intra
2462 2166 2789 2261 oppidum

636 2288 828 2343 erat:
867 2276 1201 2343 Caesarem
1239 2273 1577 2341 mediam
1559 2298 1629 2341 m
1664 2270 1905 2341 vallem
1942 2270 2121 2341 nolle
2150 2272 2591 2361 descendere,
2616 2273 2789 2369 quod

635 2383 962 2450 exercitus
1006 2381 1104 2449 sui
1131 2404 1372 2475 magna
1401 2404 1559 2474 pars
1596 2382 1890 2447 tironum
1924 2394 2114 2447 esset.
2154 2380 2325 2467 Quae
2371 2378 2579 2448 literae
2612 2382 2789 2449 miris

634 2487 850 2558 modis
881 2486 1374 2582 oppidanorum
1403 2487 1663 2584 animos
1694 2484 2107 2556 attollebant.
2136 2486 2398 2580 Cupide
2431 2487 2615 2555 enim
2646 2512 2790 2583 spes

635 2596 964 2689 arripiunt
1007 2619 1240 2664 omnes
1291 2592 1639 2681 mortales3
1682 2595 1883 2662 etiam
1930 2617 2005 2662 ea
2052 2591 2174 2664 sibi
2218 2593 2489 2688 fingunt
2510 2595 2749 2664 animis
2771 2649 2789 2682 ,

635 2727 782 2796 quae
823 2725 947 2770 nec
977 2723 1120 2770 esse
1141 2755 1160 2788 ,
1197 2725 1322 2768 nec
1357 2699 1500 2769 fieri
1520 2693 1733 2794 posse
1778 2713 2213 2792 cognoscunt.
2255 2701 2425 2767 Tam
2461 2698 2659 2770 dulce
2694 2715 2792 2770 est

633 2833 774 2877 non
799 2807 1015 2876 dicam
1045 2830 1312 2901 sperare
1330 2859 1348 2891 ‚
1383 2807 1496 2874 sed
1528 2807 1825 2900 cogitare
1854 2829 2000 2900 quae
2037 2803 2401 2876 delectant!
2426 2807 2789 2896 Quomodo

635 2917 811 2984 enim
840 2912 1267 3010 impossibilia
1301 2929 1686 3007 sperentur,
1704 2938 1842 2982 non
1872 2912 2209 3008 intellig03
2249 2914 2528 3008 cogitari
2564 2929 2785 2982 autem

635 3036 920 3116 possunt
959 3023 1202 3088 omnia.
1244 3022 1428 3088 Dum
1461 3045 1531 3090 se
1569 3022 1661 3089 sic
1693 3021 2077 3113 Pompeius,
2108 3021 2200 3088 sic
2231 3018 2393 3089 alios
2432 3019 2787 3108 solaretur,

635 3143 705 3196 et
739 3130 1027 3224 ingenti,
1065 3140 1388 3220 quantum
1437 3127 1728 3196 arbitror
1748 3179 1768 3213 ,
1815 3125 2255 3196 sollicitudine
2291 3129 2613 3222 agitatuS,
2650 3153 2787 3196 ma·

637 3260 769 3331 gna
813 3223 1002 3329 parte
1042 3234 1258 3302 noctis
1295 3235 1634 3302 instructis
1686 3247 1891 3300 staret
1936 3234 2237 3319 aciebus3
2265 3235 2530 3319 Caesar,
2566 3237 2788 3304 nescio

634 3365 931 3438 quonam
953 3343 1080 3410 iter
1102 3356 1402 3429 acturuS,
1429 3341 1661 3410 castris
1688 3340 2171 3434 egrediebatur.
2194 3341 2324 3408 Cui
2342 3365 2551 3434 quum
2581 3355 2788 3410 status

635 3448 932 3518 hostium
977 3450 1320 3517 nuntiatus
1377 3463 1551 3516 esset
1578 3501 1597 3532 ‚
1652 3449 1950 3516 constitit
1970 3500 1989 3534 ,
2036 3439 2509 3540 constituitque
2554 3451 2785 3517 aciem.

635 3556 1059 3624 Concursum
1098 3569 1199 3623 est
1236 3556 1496 3647 magnis
1540 3553 1698 3622 hinc
1737 3553 1891 3622 inde
1928 3553 2376 3641 clamoribus;
2421 3551 2537 3621 sed
2578 3556 2787 3648 majo-

635 3661 822 3731 ribus
863 3663 1096 3731 animis
1114 3713 1135 3750 ‚
1179 3659 1624 3730 ineffabilibus
1666 3658 1833 3735 odiis
1866 3675 2065 3754 atque
2108 3661 2479 3746 immensiS,
2521 3685 2788 3756 pugna-

637 3782 916 3864 tumque
947 3770 1192 3838 acriter
1219 3791 1297 3836 ac
1329 3769 1788 3862 pertinaciter,
1820 3781 1887 3835 et
1915 3759 2143 3860 (quod
2181 3791 2351 3861 pene
2389 3766 2787 3862 pudendum

635 3875 879 3945 dixeris
921 3875 1232 3944 humanae
1286 3873 1655 3969 fragilitatis
1706 3866 2077 3961 indicium)
2122 3896 2453 3966 nusquam
2501 3874 2751 3942 Caesari
2768 3927 2787 3961 ,

636 3997 756 4050 aut
797 4006 950 4052 cum
991 3981 1294 4051 hostibus
1311 4035 1331 4065 ‚
1373 3995 1492 4050 aut
1528 4005 1684 4049 cum
1720 3979 1975 4048 civibus
2012 3995 2153 4048 tam
2188 4003 2435 4074 anceps
2476 3995 2787 4067 eventus,

644 4080 1026 4158 e'xtremove
1060 4087 1358 4183 periculo
1395 4089 1671 4183 propius
1700 4111 1809 4156 res
1834 4086 1977 4154 fuit.
2008 4091 2243 4181 ⁶Usque
2266 4086 2448 4156 adeo
2476 4102 2587 4172 ut,
2622 4085 2791 4158 sicut
