3025 5025
640 478 782 547 DE
855 478 1209 547 BELLO
1263 480 1637 549 CIVILI.
1694 481 1884 551 LIB.
1940 480 2009 548 1.
2302 473 2401 563 43

283 608 562 679 cohortes
585 612 896 705 protinus
925 634 966 679 a
1001 610 1304 681 Corfinio
1345 612 1416 681 in
1445 610 1741 683 Siciliam
1772 613 2058 683 miserat.
2088 612 2367 706 Reperit
2385 665 2406 699 ‚

277 715 558 786 consules
602 716 1107 811 Dyrrhachium
1143 717 1482 813 profectos
1524 743 1680 789 cum
1712 742 1954 813 magna
1989 733 2179 814 parte
2218 742 2405 787 exer·

275 824 432 892 citus
457 874 476 911 ,
544 824 942 918 Pompeium
1003 849 1350 898 remanere
1416 824 1751 895 Brundisii
1782 842 1957 895 'cum
2016 824 2408 896 cohortibus

270 931 518 1024 viginti3
534 920 782 1025 (neque
803 944 1062 1001 certum
1089 932 1373 1001 inveniri
1395 946 1689 1027 poterat,
1712 931 2163 1002 obtinendi-ne
2189 935 2405 1001 Brun·

269 1034 405 1105 disii
453 1060 658 1106 causa
708 1038 800 1105 ibi
851 1040 1276 1109 remansisset
1293 1092 1313 1127 ,
1361 1064 1501 1133 quo
1542 1038 1797 1109 facilius
1834 1062 2037 1108 omne
2074 1036 2407 1107 Hadriati-

269 1167 412 1212 cum
453 1167 638 1213 mare
659 1195 680 1231 ‚
709 1146 1020 1214 extremis
1054 1144 1262 1215 Italiae
1298 1146 1602 1277 partibus
1620 1143 1641 1169 ²
1673 1146 2186 1241 regionibusque
2219 1146 2405 1215 Grae-

268 1250 408 1336 ciae,
445 1250 516 1319 in
559 1264 960 1346 potestatem
999 1251 1278 1322 haberet
1336 1306 1356 1340 ,
1383 1267 1585 1346 atque
1630 1278 1713 1321 ex
1736 1267 2023 1346 utraque
2044 1265 2233 1346 parte
2267 1249 2407 1320 bel·

269 1354 398 1425 lum
434 1357 902 1427 administrare
935 1373 1198 1453 posset;
1218 1383 1304 1427 an
1329 1360 1557 1453 inopia
1578 1362 1851 1429 navium
1881 1360 1975 1428 ibi
2002 1348 2407 1445 restitisset:)

267 1465 640 1558 veritusque
656 1518 676 1552 ‚
713 1489 798 1533 ne
841 1464 1104 1534 Italiam
1135 1464 1244 1535 ille
1279 1464 1741 1535 dimittendam
1785 1490 1922 1535 non
1960 1465 2371 1533 existimaret
2388 1518 2409 1551 ,

268 1570 465 1639 exitus
523 1570 1260 1666 administrationesque
1325 1572 1707 1641 Brundisini
1758 1586 1995 1666 portus
2017 1558 2043 1601 ⁴
2086 1568 2411 1664 impedire

269 1677 542 1745 instituit
589 1704 608 1747 ε
654 1702 942 1772 quorum
997 1691 1280 1773 operu'm
1330 1678 1474 1747 haec
1520 1692 1665 1747 erat
1713 1680 1905 1747 ratio.
1962 1676 2119 1765 Qua
2183 1676 2411 1745 fauces

268 1798 446 1852 erant
507 1785 992 1879 angustissimae
1045 1800 1280 1880 portus
1302 1838 1323 1872 ‚
1371 1783 1581 1854 moles
1605 1770 1654 1872 ⁵,
1714 1800 1915 1880 atque
1972 1808 2287 1878 aggerem
2324 1782 2411 1851 ab

267 1904 538 1985 utraque
579 1906 776 1985 parte
819 1889 1056 1961 littoris
1089 1891 1378 1986 jaciebat
1398 1946 1418 1979 ‚
1461 1890 1645 1986 quod
1678 1891 1785 1961 his
1818 1891 1981 1962 locis
2023 1904 2170 1959 erat
2204 1888 2411 1958 vado-

268 2020 402 2065 sum
441 2022 649 2067 mare.
699 1999 999 2092 Longius
1025 2022 1451 2093 progressus,
1483 2023 1692 2093 quum
1722 2022 1929 2094 agger
1964 1995 2197 2065 altiore
2238 2020 2414 2091 aqua

268 2089 624 2174 contineri⁶
646 2129 785 2173 non
801 2119 1024 2199 posset
1039 2157 1058 2192 ‚
1082 2119 1256 2174 rates
1279 2103 1611 2199 duplices,
1633 2128 2137 2200 quoquoversus
2161 2102 2412 2198 pedum
2466 2118 2470 2123 “

269 2212 497 2299 XXX,
529 2236 568 2279 e
605 2212 876 2305 regione
913 2210 1108 2280 molis
1150 2210 1539 2280 collocabat.
1590 2214 1728 2279 Has
1769 2212 2109 2305 quaternis
2146 2211 2413 2279 ancoris

268 2340 342 2385 ex
378 2331 669 2410 quatuor
707 2316 966 2414 angulis
1003 2317 1376 2386 destinabat
1387 2318 1437 2405 ⁷,
1475 2344 1564 2387 ne
1606 2318 1918 2387 fluctibus
1956 2331 2409 2385 moverentur.

267 2424 379 2493 His
419 2423 739 2520 perfectis
785 2423 1286 2520 collocatisque,
1338 2423 1496 2494 alias
1535 2424 1847 2519 deinceps
1883 2425 2029 2520 pari
2072 2423 2412 2518 magnitu-

265 2530 411 2600 dine
455 2546 638 2602 rates
683 2531 1012 2626 jungebat
1046 2557 1061 2600 :
1106 2532 1230 2601 has
1265 2546 1445 2600 terra
1489 2547 1688 2627 atque
1732 2556 1975 2627 aggere
2010 2530 2350 2623 integehat
2366 2513 2414 2617 ⁸,

341 2734 396 2767 2.
421 2715 676 2765 Extremi-5
705 2714 870 2766 Italia
889 2712 1128 2783 partibus.
1153 2713 1294 2784 Lege
1385 2711 1611 2764 habemus
1635 2732 1655 2764 .·
1672 2731 1901 2778 cogamur
1924 2730 2042 2782 opus
2072 2727 2299 2779 magnum
2312 2747 2329 2775 ,
2366 2723 2419 2762 et

269 2813 386 2848 cum
414 2794 578 2846 Moro
597 2831 616 2858 ,
641 2813 748 2856 cum
774 2796 1023 2854 extremis,
1053 2793 1140 2844 vel
1169 2810 1296 2845 cum
1383 2793 1641 2844 multonem
1664 2793 1870 2853 dierum,
1886 2803 2089 2862 propter
2112 2789 2413 2842 altitudinem

269 2875 482 2931 Lovan„
517 2873 748 2938 Dorvil.,
781 2885 834 2926 et
863 2872 1138 2925 nonnullis
1169 2871 1292 2924 edd.
1383 2876 1547 2924 mat-125.
1580 2872 1683 2924 Sed
1710 2885 1868 2923 tamen
1896 2871 2027 2924 nihil
2047 2883 2139 2932 est,
2167 2870 2300 2942 quod
2318 2889 2413 2942 po-

269 2955 478 3025 priscis‚
511 2973 604 3011 ex,
638 2971 758 3025 qum
793 2972 899 3006 vox
929 2953 1069 3005 forte
1099 2951 1297 3020 excidit
1384 2955 1478 3004 tius
1496 2954 1757 3019 faciamus.
1789 2951 1875 3005 Ab
1900 2963 2099 3024 utroque
2114 2961 2285 3022 portus
2306 2969 2415 3002 cor·-

269 3047 484 3106 propter
540 3033 802 3104 syllabam
849 3033 1092 3104 priorem
1149 3031 1296 3085 vocis
1381 3051 1448 3084 nu
1479 3034 1625 3084 moles
1646 3035 1877 3103 jacimus,
1908 3043 1965 3084 ut
1986 3044 2078 3084 aut
2104 3031 2241 3084 Illum
2270 3049 2414 3102 quam

273 3113 545 3186 sequentis.
1375 3116 1583 3184 primum
1616 3117 1836 3184 trajicere
1851 3153 1867 3176 ‚
1904 3112 2036 3186 quod
2074 3111 2220 3162 habet
2246 3109 2413 3163 Brun·

348 3196 398 3248 3.
430 3195 495 3247 In
517 3204 806 3264 potestatem
830 3193 1038 3246 haber-et.
1071 3192 1295 3263 Elegan-
1383 3193 1501 3244 disin·
1515 3196 1761 3264 copiarum
1780 3211 2029 3264 cogamus,
2050 3203 2142 3244 aut
2152 3193 2412 3262 acimpro-

275 3275 368 3328 tius
395 3291 562 3346 quam
587 3277 639 3326 in
655 3285 897 3344 potestate
925 3273 1098 3324 habere
1123 3291 1144 3324 .·
1171 3273 1294 3325 Sall.
1381 3272 1639 3326 hiheamus.
2414 3318 2422 3327 .

273 3355 382 3426 Ing.
416 3373 466 3408 c.
505 3371 616 3406 112
635 3371 652 3419 ς
671 3354 786 3407 cic.
817 3354 1003 3406 Manil.
1036 3371 1082 3406 c.
1123 3370 1214 3404 12.
1467 3352 1522 3406 5.
1563 3353 1737 3405 Moles.
1782 3353 1865 3405 Ita
1912 3364 2095 3408 noster
2138 3348 2261 3403 cod.
2302 3368 2413 3421 reg.

345 3442 396 3500 4.
439 3433 904 3488 Administrationes
936 3444 1109 3504 portus
1132 3451 1152 3484 .·
1181 3431 1294 3486 scil.
1388 3433 1539 3504 5764
1556 3469 1573 3498 ,
1594 3445 1769 3499 recte3
1800 3449 1927 3503 ergo
1946 3431 2293 3484 restituimus.
2324 3430 2411 3482 Al.

275 3516 444 3568 omnia
474 3512 758 3567 commoda
793 3531 912 3584 quse
940 3511 1298 3566 Brundisinus
1382 3513 1565 3566 ηιοὶεηι.

273 3607 452 3665 portus
473 3594 734 3666 Pompeio
754 3593 1156 3646 subministrare
1170 3611 1296 3664 pos-
1465 3595 1520 3646 6.
1538 3591 1805 3646 contineri.
1820 3591 2008 3645 Morus
2022 3588 2279 3662 proponit
2296 3607 2415 3639 con·

276 3687 380 3741 set3
419 3691 618 3745 nempe
635 3711 654 3739 ,
697 3673 908 3728 facilem
963 3673 1168 3726 exitum
1185 3711 1203 3737 ,
1250 3672 1296 3726 si
1383 3676 1591 3734 tinuan’,
1616 3672 1673 3726 h.
1701 3691 1749 3726 e.
1768 3671 1991 3725 ulterius
2004 3667 2267 3742 produci:
2287 3687 2414 3740 per-

275 3755 446 3826 fugere
482 3753 681 3819 vellet3
723 3765 1050 3807 commeatus
1069 3791 1088 3819 ‚
1123 3753 1166 3806 si
1197 3754 1296 3805 ob-
1379 3771 1583 3824 peram.

277 3852 432 3888 sessus
461 3853 492 3887 a
523 3835 736 3888 Caesare
764 3833 965 3886 fuisset.
983 3873 998 3886 .
1019 3873 1034 3886 .
1056 3873 1071 3886 .
1097 3845 1199 3886 etc.
1227 3833 1298 3886 Et
1464 3851 1519 3903 7.
1561 3831 1879 3891 Destinabat,
1914 3829 2107 3901 figebat
2121 3867 2139 3896 ,
2169 3828 2416 3885 flmabat

279 3933 329 3967 et
353 3933 506 3968 mens
537 3927 653 3968 erat
683 3913 934 3980 ensa-is,
966 3913 1064 3986 qui
1091 3908 1114 3976 (
1139 3913 1293 3984 epist.
1382 3912 1646 3964 anchoris.
1679 3912 1763 3963 Ita
1792 3921 1927 3982 optt.
1956 3909 2116 3964 codd.
2150 3922 2205 3963 et
2240 3910 2414 3962 nostri

279 3993 338 4047 ad
370 3998 439 4062 Q.
483 3993 748 4060 Pedium,
777 3992 886 4047 vid.
928 4013 1052 4066 epp.
1085 3992 1154 4046 ad
1183 3995 1294 4046 Att.
1380 3993 1496 4044 RR.
1536 3993 1717 4064 5764,
1754 3989 1925 4060 5768.
1958 3991 2066 4043 Alii
2096 3990 2371 4044 distinebar.

287 4082 370 4142 14,
396 4077 492 4130 lib.
523 4073 671 4141 1x‚)
703 4075 880 4146 inquit
910 4091 926 4128 ε
957 4075 1216 4146 Pompeius
1245 4093 1298 4126 se
1465 4075 1519 4126 8.
1572 4071 1841 4141 Integebat.
1891 4073 2056 4125 Recte
2102 4091 2166 4125 ex
2220 4068 2417 4124 nostris

281 4157 440 4228 oppido
479 4168 614 4210 tenet
648 4173 670 4209 .·
695 4173 785 4207 nos
823 4155 894 4206 ad
923 4166 1092 4226 portas
1133 4166 1294 4207 castm
1381 4151 1541 4207 codd.
1574 4151 1682 4206 Alii
1702 4151 1999 4221 contegebat.
