3025 5025
624 495 774 577 244
907 493 983 560 c.
1039 490 1328 558 JULH
1386 489 1859 556 cAEsARIS
1915 480 2475 558 COMMENT.

619 624 1007 692 transduxit.
1047 625 1154 690 Ita
1197 646 1280 690 ex
1321 635 1603 714 utraque
1640 633 1829 713 parte
1865 642 2067 688 naves
2104 617 2337 714 longas
2382 637 2759 714 aggressu5‚

617 755 766 824 quae
793 727 1312 822 erant-deligatae
1339 725 1425 794 ad
1449 741 1698 794 terram
1728 741 1927 819 atque
1953 726 2217 813 inaneS,
2236 741 2521 818 quatuor
2548 751 2633 794 ex
2660 726 2761 793 his

611 836 923 923 abduxit,
965 832 1248 927 reliquas
1283 832 1591 901 incendit.
1627 837 1797 900 Hoc·
1820 830 2127 900 confecto
2171 834 2469 926 negotiO,
2496 835 2586 901 D.
2622 835 2759 900 Lae-

620 941 781 1010 lium
813 943 899 1008 ab
926 942 1213 1010 Asiatica
1241 938 1445 1007 classe
1487 938 1852 1007 abductum
1887 936 2180 1031 reliquit,
2214 940 2328 1032 qui
2356 952 2764 1006 commeatus

621 1046 876 1116 Bullide
906 1062 1104 1141 atque
1135 1046 1446 1116 Amantia
1487 1045 1835 1137 importari
1861 1046 1929 1110 in
1958 1044 2275 1139 oppidum
2322 1045 2763 1139 prohibebat:

551 1141 556 1150 ⁸
621 1157 797 1247 ipse,
828 1155 1090 1222 Lissum
1126 1151 1496 1245 profectus,
1522 1175 1727 1219 naves
1760 1151 2095 1218 onerarias
2121 1152 2473 1244 triginta‚a
2500 1153 2600 1218 M.
2636 1150 2763 1218 An-

621 1260 808 1327 tonio
857 1258 1151 1346 relictaS,
1195 1259 1371 1326 intra
1413 1272 1685 1352 portum
1722 1279 2071 1350 aggressus
2097 1309 2115 1340 ,
2160 1282 2390 1326 omnes
2429 1257 2764 1326 incendit:

621 1368 888 1434 Lissum
932 1389 1314 1458 expugnare
1359 1377 1638 1432 conatus
1657 1416 1676 1449 ,
1706 1361 2213 1431 defendentibus
2255 1363 2515 1432 civibus
2543 1388 2767 1430 roma-

621 1474 758 1558 niS,
785 1473 900 1564 qui
935 1473 1076 1563 ejus
1121 1484 1313 1538 erant
1345 1484 1746 1555 conventuS,
1782 1467 2266 1562 militibusque,
2289 1495 2456 1563 quos
2485 1468 2767 1563 praesidii

623 1601 824 1645 causa
861 1579 1132 1645 miserat
1167 1579 1423 1664 Caesar,
1461 1575 1760 1643 triduum
1805 1589 2137 1658 moratus,
2157 1659 2164 1676 .
2188 1577 2413 1668 paucis
2444 1576 2513 1644 in
2547 1601 2766 1670 oppu-

624 1684 936 1778 gnatione
977 1683 1264 1770 amissis,
1305 1707 1378 1750 re
1423 1680 1715 1769 infecta,
1759 1679 1913 1748 inde
1960 1681 2276 1750 discessit.

731 1791 914 1856 XLI.
954 1791 1212 1875 Caesar,
1241 1802 1596 1882 postquam
1619 1789 2013 1880 Pompeium
2046 1787 2133 1856 ad
2160 1789 2611 1882 Asparagium
2638 1811 2773 1856 esse

625 1896 944 1988 cognovit
963 1948 982 1981 ,
1033 1893 1269 1964 eodem
1313 1919 1469 1961 cum
1513 1895 1807 1963 exercitu
1856 1893 2193 1987 profectus
2215 1948 2234 1981 ,
2279 1909 2666 1988 expugnato
2707 1897 2769 1962 in

625 2003 860 2069 itinere
898 2000 1146 2094 oppido
1183 2000 1693 2086 Parthinorum,
1720 2001 1791 2066 in
1834 2025 1967 2092 quo
2004 2001 2358 2094 Pompeius
2395 2001 2771 2094 praesidium

623 2106 943 2193 hahebat,
960 2108 1155 2174 tertio
1179 2106 1284 2174 die
1315 2108 1383 2172 in
1411 2107 1881 2176 Macedoniam
1908 2106 1994 2175 ad
2018 2109 2411 2201 Pompeium
2438 2110 2772 2200 pervenit,

619 2215 938 2306 juxtaque
967 2237 1121 2280 eum
1145 2228 1363 2281 castra
1391 2213 1647 2307 posuit3
1680 2227 1747 2282 et
1783 2213 2100 2307 postridie
2122 2266 2141 2301 ,
2179 2213 2431 2283 eductis
2464 2215 2773 2282 omnihus

625 2320 833 2413 copiis
859 2373 877 2408 ,
927 2321 1067 2388 acie
1129 2321 1452 2404 instructa
1475 2373 1494 2407 ,
1533 2317 1965 2390 decernendi¹
2016 2333 2411 2412 potestatem
2456 2323 2772 2416 Pompeio

586 2440 594 2450 “
625 2425 803 2495 fecit.
840 2426 978 2495 Ubi
1017 2426 1205 2496 illum
1243 2429 1374 2496 suis
1419 2425 1579 2494 locis
1618 2451 1685 2495 se
1722 2441 1952 2494 tenere
1988 2428 2287 2494 animum
2320 2426 2647 2514 advertit,
2672 2453 2773 2496 re-

625 2533 830 2603 ducto
875 2535 946 2601 in
983 2548 1200 2602 castra
1246 2535 1572 2621 exercitu,
1610 2531 1790 2601 aliud
1835 2534 1957 2602 sibi
1993 2532 2341 2603 consilium
2376 2534 2773 2628 capiendum

619 2640 1049 2729 existimavit.
1101 2643 1336 2733 ltaque
1388 2653 1658 2733 postero
1713 2640 1819 2731 die
1864 2640 2173 2731 omnihus
2235 2642 2487 2734 copiis,
2532 2666 2779 2736 magno

629 2748 948 2834 circuitu,
984 2745 1240 2817 difficili
1271 2758 1687 2839 angustoque
1728 2747 1995 2832 itinere,
2030 2747 2482 2839 Dyrrachium
2514 2748 2775 2841 profec-

631 2866 739 2919 tus
783 2866 924 2939 est,
969 2876 1284 2945 sperans,
1328 2854 1720 2946 Pompeium
1764 2866 1880 2919 aut
1922 2852 2371 2946 Dyrrachium
2430 2852 2779 2949 compelli,

630 2972 747 3025 aut
789 2958 872 3024 ab
913 2982 993 3025 eo
1030 2956 1380 3027 intercludi
1411 2984 1641 3053 posse,
1676 2957 1859 3052 quod
1896 2983 2166 3026 omnem
2202 2974 2656 3027 commeatum
2693 2975 2777 3029 to-

632 3056 893 3157 tiusque
951 3062 1109 3131 belli
1171 3078 1567 3159 apparatum
1624 3065 1680 3133 is
1729 3088 1809 3133 eo
1868 3063 2315 3134 contulisset:
2373 3080 2451 3133 ut
2519 3068 2776 3136 accidit.

633 3169 988 3263 Pompeius
1049 3171 1263 3257 enim,
1307 3173 1527 3265 primo
1585 3168 1939 3264 ignorans²
1986 3172 2131 3264 ejus
2172 3170 2524 3240 consilium
2544 3227 2565 3261 ,
2604 3173 2779 3267 quod

636 3274 898 3347 diverso
922 3275 1007 3344 ab
1034 3300 1113 3345 ea
1139 3277 1410 3371 regione
1445 3278 1681 3346 itinere
1718 3276 2095 3371 profectum
2131 3277 2435 3367 videbat,
2462 3281 2781 3373 angustiis

637 3528 641 3532 .
719 3485 848 3544 Cu.
861 3484 1066 3539 XL1.1.
1082 3487 1396 3540 Decet-nendi.
1411 3484 1660 3540 Excodd.
1750 3488 1976 3542 decernit.
1998 3487 2067 3541 Et
2084 3486 2214 3541 ibid.
2242 3507 2288 3542 c.
2321 3506 2390 3541 ro
2405 3528 2419 3557 ‚
2446 3489 2544 3542 ubi
2565 3490 2779 3561 quidam

636 3564 773 3629 Alii,
792 3564 1090 3623 decertandi,
1115 3565 1267 3636 quod
1296 3578 1376 3618 est
1399 3566 1663 3639 interpre-
1748 3568 1934 3638 legunt
1962 3562 2253 3621 decertatur-i
2281 3588 2383 3641 pro
2408 3570 2665 3623 decreturi
2697 3590 2782 3623 eo-

635 3656 932 3700 tamentnm
946 3646 1262 3715 glossatoris,
1280 3647 1550 3698 Decet-nere
1560 3666 1663 3717 pro
1750 3645 1874 3699 dem
1908 3646 2217 3717 glossemate
2232 3687 2247 3715 ,
2280 3661 2343 3701 ut
2367 3650 2577 3702 notavit
2603 3651 2779 3703 Davis.

623 3726 858 3790 proeliari
871 3763 886 3787 ,
909 3725 1166 3779 familiare
1191 3738 1270 3777 est
1285 3739 1420 3796 optt.
1444 3727 1667 3799 scripto·
1764 3764 1770 3771 -
1836 3748 1886 3781 2.
1904 3728 2213 3799 Pompeius...
2238 3733 2491 3799 ignorans,
2506 3741 2609 3783 etc.
2631 3731 2782 3783 Pom-

611 3804 806 3857 -ribus.
827 3803 958 3858 vid.
977 3806 1160 3858 Burm.
1177 3803 1244 3857 ad
1259 3805 1402 3859 Suet‘.
1419 3806 1549 3859 Ner.
1571 3826 1663 3877 273
1748 3808 1903 3878 peius
1928 3806 2061 3860 adeo
2084 3809 2289 3879 peritus
2310 3808 2377 3861 de
2403 3810 2643 3862 consiliis
2672 3812 2780 3864 Cae-

637 3884 771 3935 Bell.
799 3884 992 3948 Afric„
1024 3904 1071 3937 c.
1113 3891 1215 3948 143
1242 3886 1374 3938 Bell.
1406 3886 1662 3956 Hispan„
1724 3908 1729 3911 ·
1751 3888 1880 3939 saris
1924 3888 2147 3941 minime
2194 3892 2419 3959 ignorare
2460 3887 2732 3943 debuisset
2764 3907 2778 3940 :

636 3981 684 4015 c.
709 3970 810 4027 413
841 3963 934 4085 Sil.
962 3964 1131 4017 Italic.
1157 3965 1253 4018 lib.
1272 3966 1444 4034 XVI,
1466 3966 1611 4019 531.
1752 3980 1805 4019 et
1834 3969 1933 4019 suh
1975 3967 2104 4021 ficto
2135 3970 2248 4039 ejus
2288 3970 2345 4020 in
2378 3968 2535 4021 aliam
2573 3984 2781 4041 partem

715 4044 866 4083 Devcre
913 4059 1066 4096 εει*ΡΜ
1047 4046 1118 4085 nef
1096 4060 1186 4085 ”⁰
1356 4075 1366 4086 ·
1751 4045 2005 4108 discessu,
2031 4046 2177 4100 alind
2203 4066 2363 4119 quam
2382 4048 2531 4120 quod
2549 4050 2789 4120 patebat,

637 4122 801 4174 Corn.
849 4123 1018 4191 Nepq
1041 4074 1348 4189 Hannibal,
1381 4144 1427 4177 c.
1463 4132 1535 4187 4.
1558 4144 1665 4177 cum
1749 4126 1937 4185 latere,
1961 4128 2217 4198 suspicari
2235 4140 2468 4205 poterat3
2494 4141 2575 4195 et,
2597 4146 2785 4201 quum,

638 4202 724 4251 lem.-
755 4202 912 4256 eodem
931 4196 1028 4267 [de]
1043 4201 1286 4256 Clastidio
1311 4204 1448 4273 apud
1471 4206 1666 4257 Padum
1751 4226 1849 4276 per
1874 4208 2233 4278 exploratores
2254 4228 2377 4263 suos
2391 4247 2407 4274 ,
2430 4208 2499 4261 de
2516 4228 2649 4263 vero
2678 4212 2785 4263 Cae·
