3025 5025
554 450 1061 521 ominum
1126 406 2043 517 PRAEFATIUNCULA.
2244 444 2387 543 527

247 594 527 650 ceterum
557 608 670 656 eas
692 584 762 652 in
793 581 1097 651 ordinem
1126 579 1457 675 redigere,
1477 580 1789 674 justaque
1826 579 2141 648 orationis
2178 580 2397 651 forma

248 686 509 757 induere
539 743 559 778 ,
577 714 716 758 non
743 711 964 784 operae
999 688 1294 784 pretium
1332 684 1614 755 duxerit.
1645 687 1819 754 Fieri
1850 710 2011 779 ergo
2036 689 2289 780 potuit,
2317 704 2396 759 ut

247 794 542 889 antiquus
568 796 676 865 ille
713 810 781 865 et
816 797 1142 891 genuinus
1175 794 1259 864 de
1287 794 1714 888 Hispaniensi
1746 790 1933 861 Bello
1959 791 2159 881 liber,
2195 820 2394 888 quem

246 899 588 973 Suetonius
630 902 826 999 legit,
852 902 943 971 ab
975 900 1196 996 aliquo
1227 902 1304 969 in·
1333 900 1611 970 brevem
1642 914 1975 969 summam
2011 914 2397 972 contractus

245 1006 706 1105 mutilatasque
749 1008 835 1079 ad
878 1022 1182 1104 posteros
1229 1008 1491 1077 veniret
1510 1050 1535 1094 ,-
1579 1021 1698 1076 aut
1747 1020 1826 1075 ut
1878 1004 2076 1101 plane
2116 1008 2396 1077 interci-

245 1110 420 1184 deret
445 1170 464 1204 ,
505 1132 575 1185 et
627 1115 796 1185 alius
846 1116 1193 1210 cujusdam
1249 1113 1544 1183 hominis
1602 1112 2066 1208 ephemerides
2126 1112 2211 1183 de
2264 1115 2397 1184 hoc

244 1216 408 1289 bello
448 1238 894 1292 servarentur.
922 1225 1156 1314 Quum
1180 1236 1405 1291 autem
1435 1223 1505 1290 in
1526 1220 1659 1289 hoc
1693 1218 1894 1309 libro,
1920 1222 2037 1315 qui
2067 1246 2205 1289 non
2239 1221 2397 1291 tiro-

245 1326 428 1397 nibus
483 1330 570 1399 ad
624 1330 952 1400 elementa
1002 1329 1247 1424 linguae
1290 1326 1613 1398 discenda
1635 1382 1655 1417 ‚
1694 1326 1809 1396 sed
1864 1328 2397 1423 provectioribus

245 1431 323 1499 ad
363 1440 905 1506 exercitationem
940 1435 1329 1531 diligentiae,
1350 1432 1586 1529 judicii
1624 1448 1692 1503 et
1721 1433 1971 1504 laboris
2006 1458 2397 1531 proponen-

246 1535 360 1607 dus
403 1558 540 1633 est,
565 1569 781 1639 neque
814 1541 1099 1613 lectores
1138 1542 1429 1611 historiae
1466 1541 1799 1611 studiosos
1836 1566 2247 1637 magnopere
2282 1557 2402 1613 aut

241 1643 510 1740 alliciet,
540 1664 657 1720 aut
689 1649 975 1738 tenebit;
1006 1649 1352 1743 sedquum
1382 1650 1454 1718 in
1477 1645 1648 1717 libro
1678 1645 1957 1717 tali-fere
1991 1671 2205 1720 unum
2235 1646 2399 1719 illud

247 1771 577 1844 quaeratur
596 1811 616 1845 ‚
652 1757 816 1853 quid
858 1782 898 1826 a
936 1757 1279 1853 scriptoris
1312 1780 1522 1825 manu
1564 1757 1681 1841 sit3
1720 1781 1844 1825 cur
1884 1754 1965 1823 id·
1992 1757 2398 1841 nesciamus3

245 1857 355 1927 ubi
379 1865 725 1933 codicibus
749 1864 1224 1951 destituamur3
1250 1879 1482 1932 utrum
1510 1886 1662 1958 spes
1684 1862 2069 1932 inveniendi
2102 1861 2356 1958 reliqua
2378 1918 2399 1955 ‚

245 1987 326 2032 an
361 1974 636 2061 praecisa
665 1973 747 2041 sit
774 1998 790 2039 ε
823 1997 1055 2041 omnes
1087 1969 1583 2067 propemodum
1620 1969 2231 2040 animadversiones
2267 1969 2401 2041 lec-

246 2071 435 2145 tionis
459 2080 768 2147 varietati
794 2077 1159 2167 destinavi,
1191 2099 1329 2147 non
1365 2076 1671 2172 neglecta
1706 2090 1931 2146 tamen
1964 2074 2400 2147 illustratione

246 2180 336 2247 rei
362 2206 444 2251 ex
472 2185 616 2254 aliis
645 2185 938 2253 historiae
969 2186 1444 2279 scriptoribus;
1474 2186 1599 2253 etsi
1632 2207 1865 2253 omnes
1889 2198 2194 2279 ,praeter
2224 2186 2400 2253 Dio-

246 2307 393 2356 nem
437 2292 780 2378 Cassium,
821 2292 892 2361 in
928 2291 1032 2363 his
1071 2290 1270 2360 reb'us
1304 2291 1646 2359 breviores
1688 2282 1978 2359 fuerunt.
2020 2289 2407 2385 Intelligent

249 2412 403 2488 ergo
424 2396 672 2467 harum
695 2420 921 2478 rerum
946 2396 1251 2483 studiosi,
1273 2396 1541 2468 codices
1566 2422 1723 2467 suos
1745 2398 2053 2491 antiquos
2072 2412 2140 2465 et
2157 2397 2403 2488 bonOS,

247 2496 679 2576 Petavianum
715 2521 784 2574 et
817 2504 1337 2595 Norvicensen‘i‚
1370 2531 1509 2574 non
1549 2502 1753 2575 modo
1795 2503 2014 2574 ubivis
2058 2503 2198 2574 fere
2242 2531 2401 2575 con-

249 2613 537 2702 sentire3
567 2613 685 2682 sed
727 2627 796 2682 et
837 2636 1067 2681 veram
1111 2627 1190 2683 ut
1230 2611 1593 2708 plurimum
1630 2610 1985 2681 lectionem
2028 2609 2407 2701 continere,
2510 2675 2513 2682 .

248 2735 282 2778 e
329 2742 460 2810 qua
506 2719 848 2814 quomodo
902 2733 1138 2790 ceterae
1181 2719 1562 2815 depravatae
1614 2720 1787 2808 sint,-
1822 2718 2161 2788 interdum
2208 2718 2403 2789 facile
2509 2729 2517 2740 ‘

249 2828 722 2916 cognoscitur:
762 2851 1168 2920 quamquam
1207 2825 1363 2895 alibi
1403 2841 1594 2896 tanta
1632 2840 1735 2895 est
1766 2810 2115 2895 diversitas
2152 2827 2399 2895 horum

251 2927 560 3002 codicum
597 2958 675 3004 ac
713 2947 1128 3022 ceterorum,
1156 2949 1235 3003 ut
1262 2934 1446 3002 haud
1483 2933 1685 3003 dubie
1724 2931 1972 3026 duplex
2009 2932 2164 3002 fons
2201 2933 2401 3002 fuisse

250 3035 586 3126 videatur,
626 3061 664 3113 e
716 3065 852 3136 quo
893 3040 1138 3110 diversi
1183 3041 1650 3110 recensionum
1692 3038 1880 3110 velut
1911 3041 2049 3110 rivi·
2044 3037 2403 3117 fluxerint,

247 3137 528 3215 Montis.

357 3251 715 3324 Suetonius
749 3253 792 3324 l.
839 3280 896 3323 c.
944 3256 1245 3350 Oppium
1280 3253 1385 3323 vel
1437 3255 1732 3322 Hirtium
1788 3265 2132 3324 auctorem
2189 3253 2406 3323 nomi-

231 3374 367 3428 -nat
395 3361 743 3451 :Vossius,
767 3361 850 3430 de
878 3364 1050 3432 Hist.
1082 3366 1229 3432 Lat.
1266 3387 1322 3430 c.
1358 3386 1383 3432 1
1405 3357 1482 3447 3,
1520 3360 1729 3431 Balbo
1759 3359 1864 3429 vel
1898 3363 2125 3456 Oppio
2160 3358 2407 3430 librum

252 3459 582 3536 adscribit.
620 3468 972 3538 Goduinus
1000 3471 1240 3539 Afrum
1274 3493 1470 3563 quem
1490 3467 1646 3557 „vel
1684 3469 1927 3562 Syrum
1952 3468 2229 3538 militem
2261 3491 2440 3543 auc-=

253 3581 470 3642 torem
507 3597 650 3642 esse
684 3589 911 3669 putat3
953 3576 1069 3646 sed
1114 3576 1402 3646 latinitas
1438 3598 1613 3670 pura
1648 3575 1903 3663 obstat,
1934 3573 2156 3668 judice
2201 3572 2407 3643 Scali-

255 3693 414 3768 gero
431 3735 451 3770 ‚
492 3682 561 3748 in
590 3680 843 3776 proleg.
882 3683 952 3750 in
995 3680 1367 3752 Manilium.
1411 3680 1603 3751 Balbi
1637 3682 2083 3778 ephemeridis
2106 3681 2408 3757 meminit

259 3784 599 3877 SidoniuS,
638 3813 740 3883 ep.
773 3813 865 3885 9,
913 3792 1025 3876 14.
1068 3793 1517 3860 OBERLINUS.·
