3025 5025
570 491 671 566 72
855 457 1274 538 c.JUL11
1329 461 1805 534 cAEsAais
1860 461 2415 534 COMMENT.

561 602 892 722 legionem
939 623 1185 670 nonam
1213 595 1504 667 subsidio
1540 595 1762 667 ducit·
1786 597 2087 683 hostem,
2114 592 2477 698 insolenter
2516 607 2719 690 atque

563 710 807 778 acriter
847 721 1110 777 nostros
1150 707 1643 800 insequentem,
1688 699 2090 800 supprimitss
2130 691 2491 797 rursusque
2524 715 2723 797 terga
2816 773 2823 778 ,

557 829 851 902 vertere,
877 836 1076 908 seque
1113 811 1198 880 ad
1231 810 1555 907 oppidum
1586 807 1878 879 Ilerdam
1913 811 2239 904 recipere,
2268 823 2339 878 et
2363 809 2489 878 sub
2519 833 2721 878 muro

567 923 928 1012 consistere
970 918 1166 1013 cogit.
1225 917 1356 987 Sed
1407 941 1601 987 nonae
1643 914 1917 1011 legionis
1962 915 2203 985 milites
2220 969 2240 1006 ,
2270 915 2424 985 elati
2466 915 2721 1005 studio,
2788 967 2798 978 .

565 1027 726 1098 dum
769 1027 1012 1096 sarcire
1052 1039 1406 1120 acceptum
1446 1025 1919 1093 detrimentum
1955 1021 2221 1110 volunt,
2258 1037 2509 1092 temere
2542 1023 2723 1122 inse-

566 1134 707 1203 cuti
762 1133 1126 1226 fugienteS,
1174 1132 1242 1199 in
1284 1129 1508 1222 locum
1553 1133 1859 1225 iniquum
1906 1129 2457 1224 progrediuntur,
2493 1142 2561 1198 et
2592 1128 2723 1198 sub

567 1253 868 1310 montem
889 1293 910 1328 ,
939 1241 1009 1308 in
1045 1263 1179 1333 quo
1209 1253 1354 1307 erat
1381 1235 1704 1333 oppidum
1734 1238 2025 1332 positum
2052 1235 2303 1325 Ilerda,
2332 1234 2723 1306 succedunt.

568 1347 746 1416 Hinc
784 1370 854 1415 se
876 1347 1176 1440 recipere
1196 1369 1404 1438 quum
1428 1342 1705 1433 vellent,
1728 1368 1957 1413 rursus
1984 1342 2077 1412 illi
2096 1369 2179 1412 ex
2200 1341 2351 1414 loco
2380 1343 2727 1436 superiore

568 1467 838 1522 nostros
897 1452 1310 1546 premebant.
1379 1454 1764 1546 Praeruptus
1823 1449 2009 1520 locus
2065 1463 2210 1518 erat
2232 1503 2252 1537 ‚
2308 1463 2590 1543 utraque
2638 1473 2727 1518 ex

566 1572 761 1654 parte
803 1557 1094 1636 directus
1104 1555 1151 1645 ²3
1186 1581 1265 1627 ac
1299 1571 1563 1626 tantum
1592 1560 1663 1626 in
1698 1555 2113 1646 latitudinem
2143 1557 2443 1652 patebat,
2480 1569 2559 1625 ut
2586 1569 2725 1627 tres

567 1667 910 1734 instructae
953 1664 1268 1734 cohortes
1312 1686 1469 1734 eum
1508 1662 1733 1733 locum
1774 1662 2156 1759 explerent,
2197 1678 2265 1731 et
2303 1687 2522 1757 neque
2566 1663 2727 1734 sub·-

571 1763 738 1840 sidia
760 1795 799 1839 a
830 1769 1146 1840 lateribus
1182 1770 1514 1860 submitti,
1550 1795 1767 1864 neque
1796 1771 2049 1864 equites
2089 1769 2543 1838 laborantibus
2572 1770 2727 1839 usui

571 1901 714 1946 esse
738 1891 1033 1996 possent.
1059 1877 1164 1944 Ab
1183 1877 1434 1972 oppido
1454 1891 1679 1947 autem
1705 1875 1979 1945 declivis
2007 1875 2194 1946 locus
2217 1877 2400 1946 tenui
2428 1860 2727 1970 fastigio³

571 1983 959 2077 vergebat
941 2008 1011 2050 m
1048 1981 1531 2078 longitudinem
1568 2006 1885 2079 passuum
1922 1984 2188 2053 circiter
2216 1984 2389 2054 CD.
2416 1982 2544 2051 hac
2580 2007 2733 2050 nos-

570 2089 692 2156 tris
740 2103 902 2169 erat
923 2103 1265 2184 receptus;
1308 2089 1491 2186 quod
1530 2114 1613 2158 eo
1626 2145 1647 2179 ‚
1688 2090 1943 2159 incitati
1998 2089 2246 2178 studio,
2288 2086 2727 2158 inconsultius

572 2211 1059 2289 processerant.
1101 2199 1250 2264 Hoc
1292 2195 1721 2292 pugnabatur
1749 2195 1899 2265 loco
1918 2249 1937 2284 ,
1975 2211 2045 2265 et
2071 2210 2347 2291 propter
2388 2197 2730 2290 angustias

569 2302 831 2395 iniqu0,
869 2317 938 2371 et
977 2300 1160 2394 quod
1207 2302 1332 2370 sub
1375 2305 1533 2397 ipsis
1576 2302 1909 2372 radicibus
1951 2304 2197 2372 montis
2240 2303 2679 2372 constiterant
2708 2355 2731 2390 ,

576 2421 656 2476 ut
704 2405 964 2477 nullum
1002 2408 1249 2478 frustra
1294 2407 1548 2478 telum
1530 2434 1598 2479 in
1629 2434 1743 2478 eos
1782 2411 2200 2478 mitteretur:
2230 2423 2454 2477 tamen
2486 2409 2738 2478 virtute

577 2529 647 2583 et
687 2516 1010 2609 patientia
1040 2515 1426 2585 nitebantur
1437 2531 1687 2611 ,atque
1727 2518 1953 2587 omnia
1986 2514 2265 2613 vulnera
2292 2515 2731 2587 sustinebant.

575 2620 967 2716 Augebatur
996 2619 1121 2690 illis
1153 2608 1411 2717 copia⁴,

659 2806 792 2860 Cu‘.
809 2806 983 2861 XLV.
1019 2826 1069 2861 1.
1103 2807 1387 2879 Supprimit.
1415 2807 1611 2881 Repri-

579 2886 710 2953 mit,
745 2900 1005 2941 moratur.
1033 2888 1102 2939 In
1132 2886 1323 2940 eodem
1349 2884 1509 2941 sensu
1524 2926 1541 2954 ,
1572 2888 1609 2941 l.

581 2983 723 3030 v111,
751 2964 819 3018 de
848 2967 910 3018 B.
941 2966 1008 3019 G.
1039 2985 1155 3037 cap.
1187 2973 1258 3031 4²
1287 2985 1302 3021 τ
1329 2986 1614 3038 suppressa,

585 3045 842 3115 impedita,
875 3045 1068 3116 quibus
1089 3064 1240 3098 mora
1263 3045 1497 3117 subjecta
1515 3060 1613 3101 est.

581 3123 713 3179 vid.
725 3143 938 3197 quoque
951 3126 1097 3178 hunc
1109 3125 1345 3196 primum
1357 3127 1452 3180 lib.
1462 3146 1510 3180 c.
1519 3132 1550 3181 6
1559 3129 1613 3181 6.

670 3225 722 3259 η.
752 3206 998 3258 Directus.
1025 3204 1303 3258 Directum
1331 3218 1440 3265 est,
1461 3204 1619 3280 quid-

586 3284 722 3357 quid
750 3285 892 3339 linea
918 3297 1064 3338 recta
1093 3286 1393 3357 procurrit,
1413 3305 1509 3339 seu
1532 3304 1621 3341 ex·

585 3363 859 3431 tenditur,
892 3364 1053 3419 ovid.
1073 3366 1305 3492 0Metam.
1328 3384 1382 3433 1,
1406 3385 1458 3420 v.
1496 3370 1615 3435 98:

641 3450 734 3491 Non
753 3452 848 3490 tuba
863 3453 972 3492 dirce
973 3454 1025 3499 ti,
1101 3454 1240 3492 nuris
1284 3466 1408 3492 ornua
1429 3453 1527 3493 nexi
1511 3468 1542 3493 ι.

583 3524 692 3578 hoc
727 3536 907 3578 autem
942 3466 1098 3579 locoo
1082 3563 1099 3593 ,
1127 3468 1284 3597 quodc
1305 3525 1447 3578 linea
1474 3538 1622 3581 recta

585 3603 880 3659 descendit.

675 3678 727 3739 3.
748 3686 963 3740 Decllvis
988 3687 1120 3738 locus
1144 3689 1274 3737 tenui
1289 3686 1520 3755 fastigio,
1539 3686 1622 3739 Ita

586 3762 748 3819 codd.
780 3765 1006 3835 optimi,
1029 3779 1083 3818 et
1109 3777 1291 3819 noster
1321 3766 1387 3820 R.
1430 3765 1621 3834 57643

587 3857 646 3898 et
675 3844 862 3916 Scalig.
887 3846 1096 3916 primus
1125 3846 1394 3901 revocavit
1408 3883 1425 3910 ,
1451 3864 1623 3917 quum

589 3934 745 3977 antea
755 3924 1021 3996 legeretur
1045 3946 1059 3978 ι
1083 3929 1212 3979 locus
1231 3926 1625 3997 declivisastigh

591 4003 843 4074 vergebat.
877 4006 947 4057 At
985 4004 1146 4059 codd.
1187 4004 1304 4071 alii,
1347 4018 1399 4058 et
1441 4018 1625 4060 noster

589 4085 659 4139 R.
677 4087 844 4155 ’5768
868 4085 1058 4138 :editus
1089 4087 1219 4138 locus
1247 4091 1379 4139 tenui
1390 4088 1621 4157 fastigio.

589 4162 718 4220 Non
737 4166 888 4219 -mnle
912 4183 1159 4239 quoque3
1181 4184 1309 4220 nam
1333 4172 1490 4231 anui.
1515 4168 1624 4223 hoc

1439 2637 1640 2717 atque
1668 2649 1753 2693 ex
1786 2624 2019 2693 castris
2054 2602 2367 2692 cohortes
2393 2646 2515 2717 per
2540 2624 2735 2717 oppi-

1698 2820 1807 2873 est,
1830 2820 1997 2871 arcto,
2022 2826 2134 2861 non
2161 2820 2377 2861 extenso
2402 2808 2461 2862 in
2490 2805 2738 2860 latitudi-

1698 2906 1850 2953 nem,
1867 2888 2113 2941 similiter
2146 2908 2231 2961 ap.
2260 2886 2444 2953 ovid„
2458 2887 2613 2959 epist.
2640 2904 2702 2941 lv
2719 2904 2737 2940 ε

1700 2965 1943 3032 Her-oid„
1970 2988 2022 3019 v.
2064 2972 2210 3021 106:

1752 3052 1807 3091 Et
1825 3054 1957 3092 tenui·
1979 3050 2095 3093 sellun
2118 3053 2229 3093 audit
2246 3062 2457 3107 utrumqne
2476 3066 2598 3094 mue.

1700 3124 1853 3178 Idem
1881 3126 1919 3178 l.
1953 3125 2189 3190 1,Trist.
2226 3144 2327 3191 10,
2351 3128 2457 3179 16:

1754 3210 1807 3251 Et
1817 3210 1981 3265 longum
1996 3213 2109 3253 tenui
2125 3212 2249 3252 limite
2266 3212 2359 3252 sedi
2374 3213 2467 3253 iter.

1702 3284 1904 3338 Lucan.
1937 3284 2174 3340 Pharsal.
2202 3286 2241 3339 1.
2261 3304 2309 3339 11
2323 3323 2342 3351 ,
2369 3304 2404 3338 v
2419 3324 2438 3352 ,
2470 3290 2539 3340 61
2553 3287 2585 3340 3
2606 3302 2624 3339 τ

1706 3372 1810 3412 Hinc
1827 3371 1932 3412 lutus
1950 3382 2159 3425 angustum
2172 3372 2251 3424 jam
2270 3386 2311 3412 se
2328 3374 2500 3424 cogentis
2516 3373 2557 3411 in
2571 3382 2724 3414 aretum
2740 3400 2745 3404 -

1703 3442 1907 3497 Hesperio
1924 3453 2083 3483 tenuem
2100 3444 2285 3499 producit
2304 3445 2348 3483 in
2369 3455 2529 3496 :quoru
2546 3442 2741 3496 ling-m.

1667 3516 1677 3525 ³
1708 3546 1715 3553 ·
1788 3532 1843 3589 4.
1893 3524 2187 3595 Augebatur
2232 3524 2331 3578 illis
2374 3528 2531 3595 copia.
2572 3526 2741 3579 Recte

1704 3604 1847 3657 hanc
1865 3604 2149 3659 lectionem
2166 3605 2435 3658 revocavit
2448 3604 2741 3659 Oberlinus

1707 3703 1739 3737 e
1759 3682 1879 3738 cod.
1901 3685 2119 3738 Norvic.
2142 3702 2173 3737 a
2190 3684 2407 3738 Davisio
2431 3685 2610 3737 citato.
2628 3684 2743 3737 Oua·

1707 3762 2036 3837 dendorpius
2072 3763 2314 3817 eamdem
2344 3764 2588 3816 attribuit
2615 3762 2739 3819 ood.

1708 3842 1860 3897 Leid.
1880 3863 1963 3917 pr.
1980 3862 1999 3910 ς
2017 3856 2199 3897 noster
2223 3842 2343 3897 cod.
2362 3845 2427 3895 R.
2455 3842 2631 3915 5764,
2648 3862 2741 3897 au·

1705 3924 1912 3995 gebatur
1941 3928 2080 3995 copia
2093 3964 2109 3987 ‚
2135 3940 2297 3996 quam
2322 3924 2635 3989 lectionem,
2666 3923 2747 3977 ait

1709 4006 1908 4069 Daris„
1930 4018 2205 4057 mutarunt
2234 4004 2466 4069 librarii,
2494 4004 2620 4075 quia
2644 4022 2743 4057 no·

1710 4086 1877 4139 sciere
1916 4089 2101 4156 copiam
2130 4104 2245 4156 pro
2282 4087 2431 4154 copiis
2468 4081 2743 4137 interdum

1710 4166 1860 4237 poni.
1880 4165 2014 4221 Caes.
2034 4164 2105 4219 de
2123 4164 2255 4219 Bell.
2275 4164 2415 4219 Gan.
2434 4164 2471 4220 1.
2492 4180 2547 4232 1,
2563 4181 2615 4219 c.
2636 4166 2743 4229 483
