3025 5025
984 502 1576 575 AFRICANO.

2197 502 2346 599 473

209 621 698 734 adquisierant,
745 652 861 705 aut
893 650 1321 733 pararerant3
1364 637 1479 706 sed
1520 638 1717 705 etiam
1757 620 2051 731 propter·
2074 659 2351 706 annonae

210 750 563 816 caritatem
597 758 751 814 ante
776 760 1023 839 ‘parata
1060 758 1626 865 consumpserant.
1674 742 1936 831 Quibus
1973 742 2168 811 rebus
2200 758 2357 812 atte-

210 856 401 921 nuati
420 852 718 948 ,oppido
745 876 1067 971 perquam
1104 853 1299 947 pauci
1333 852 1457 921 sub
1494 849 1774 946 pellibus
1803 849 2356 943 acquiescebant:

210 957 490 1078 reliqui,
514 985 595 1027 ex
621 960 1026 1028 vestimentis
1052 958 1421 1027 tentoriolis
1450 958 1638 1027 factis
1655 973 1902 1053 ,atque
1923 956 2356 1025 arundinibus

207 1052 601 1160 scopisque⁴
638 1066 994 1152 contextis,
1035 1066 1533 1173 permanebant.
1570 1068 1838 1158 Itaque,
1883 1064 2100 1133 subito
2142 1048 2358 1130 imbre

211 1170 670 1265 grandineque
714 1184 1104 1257 consecuta,
1148 1173 1404 1265 gravati
1446 1171 1782 1266 pondere,
1821 1171 2107 1239 tenebris
2143 1192 2352 1262 aqua-

212 1296 345 1372 que
387 1302 624 1373 omnes
654 1264 957 1372 submti⁶
972 1277 1393 1373 disjectique,
1415 1292 1611 1389 nocte
1643 1280 2070 1372 intempesta,
2091 1276 2354 1370 ignibus

212 1503 449 1569 niutari3
491 1502 650 1558 debet
678 1516 853 1557 tamen
897 1522 1009 1558 esse
1047 1504 1239 1559 modus

212 1596 269 1637 et
304 1584 449 1637 ratio
462 1586 904 1655 permutationis:
930 1604 1047 1656 qua
1068 1586 1116 1639 si¹
1130 1580 1243 1641 noui

214 1676 327 1729 est,
361 1664 559 1717 vitium
578 1676 675 1739 'est
698 1702 715 1727 ‚
744 1683 853 1717 non
897 1667 1240 1736 permutatim

212 1742 293 1795 Μ.
330 1742 623 1795 Oberlinus
666 1745 907 1814 sequitur
935 1744 1243 1811 Clarkium,

215 1822 314 1894 qui
330 1823 525 1875 vitium
552 1824 777 1876 sustulit.
808 1822 1057 1876 Oudend.
1080 1831 1130 1876 in
1155 1826 1245 1879 hic

214 1897 401 1956 reddit
416 1921 515 1973 per
536 1907 683 1955 intra.
700 1934 784 1947 --
806 1904 1005 1975 Oppido
1012 1923 1247 1986 perquam

210 1978 380 2053 pauci.
400 1982 508 2035 Pro
524 1982 609 2035 his
632 1983 881 2038 omnihus
895 2003 922 2036 e
944 1981 1063 2037 cod.
1078 1971 1245 2039 Leid.

215 2060 401 2133 primo
422 2062 662 2133 legetur,
683 2082 825 2135 quam
842 2068 1021 2134 pauci,
1038 2064 1143 2117 hoc
1170 2077 1249 2117 est

219 2160 386 2213 quam
416 2142 739 2212 paucissimi.
773 2143 891 2194 Hoc
923 2142 1057 2195 alius
1086 2144 1251 2215 expli-

218 2221 363 2273 cavit
381 2240 479 2291 per
498 2222 672 2292 oppido
681 2226 833 2291 pauci
842 2242 863 2284 ,·
875 2222 1007 2275 alius
1020 2220 1252 2295 adscrip-

220 2312 279 2353 to
292 2318 524 2373 perquam
537 2305 688 2371 pauci
698 2320 720 2363 ,-
735 2320 766 2352 e
782 2303 974 2371 quihus
987 2302 1249 2373 interpre-

222 2377 473 2433 tamentis
494 2381 629 2432 male
652 2380 880 2434 conflata
898 2376 1219 2453 est'Vulgat‘a
1233 2421 1249 2448 ,

223 2459 403 2534 oppido
420 2478 651 2532 perquam
669 2464 833 2532 pauci.
858 2462 937 2514 Μ.
970 2461 1096 2514 Non
1116 2461 1254 2514 Vul-

222 2554 343 2613 gata
370 2541 481 2593 sola
505 2541 665 2610 habet
686 2543 862 2613 oppido
881 2561 1113 2614 perquam
1124 2561 1251 2613 pau-

222 2625 299 2689 ci,
337 2619 431 2674 sed
461 2632 514 2673 et
543 2621 711 2673 nostri
744 2620 949 2675 codices
980 2622 1129 2693 regii.
1215 2627 1223 2643 ⁶

306 2707 367 2766 4.
392 2701 577 2771 Scopis.
604 2701 670 2752 In
700 2699 947 2772 Leidensi
970 2703 1148 2772 primo
1175 2715 1254 2755 est

223 2784 406 2852 copiis,
432 2779 579 2853 quod
610 2799 819 2834 sensum
844 2799 957 2835 non
979 2782 1170 2847 haben
1194 2777 1252 2835 i‘n

220 2859 377 2913 Leid.
403 2857 619 2913 secund.
649 2863 793 2913 coriis
800 2878 821 2924 ,⁶
843 2860 935 2915 sed
951 2863 1133 2934 paucis
1159 2863 1253 2916 illo

223 2952 471 3011 tempore
513 2937 676 3013 pelles
720 2955 775 2994 et
818 2942 962 3013 coria
1006 2954 1253 3013 suppete-

222 3021 399 3073 bant:
430 3020 488 3073 in
531 3019 654 3074 edd.
692 3034 803 3074 ant.
847 3034 926 3075 est
966 3023 1252 3094 mundanum

223 3103 375 3171 copiis
394 3139 410 3167 ,
446 3118 564 3171 quae
607 3097 766 3154 lectio
798 3115 1087 3173 utcumque
1118 3104 1252 3172 ferri

222 3190 405 3251 posset
431 3217 448 3246 ,
486 3179 589 3232 nisi
636 3181 693 3233 in
742 3179 898 3235 codd.
953 3183 1204 3235 omnibus
1226 3221 1243 3247 ,

222 3271 422 3331 praeter
448 3277 618 3312 unum
633 3300 651 3329 ,
665 3262 977 3314 arundinibus
1003 3263 1253 3316 scribere-

210 3345 336 3393 tur.
368 3337 463 3392 Est
482 3357 611 3412 ergo
642 3342 942 3394 verisimilis
962 3341 1132 3413 Lipsii
1160 3337 1249 3404 (de

223 3417 341 3471 mil.
366 3419 523 3470 Rom.
544 3439 611 3485 v,
644 3418 711 3485 5)
742 3421 927 3493 opinio
945 3460 961 3486 ,
990 3423 1077 3475 cui
1100 3420 1249 3475 vide·

195 3511 316 3552 -tur
356 3497 641 3569 legendum
676 3519 690 3553 ε
720 3501 1031 3572 arundinibus
1061 3505 1247 3554 storiis·

222 3573 493 3652 que-(vid.
519 3579 581 3633 B.
606 3581 668 3633 C.
686 3581 760 3650 ,1.
790 3599 869 3646 11,
892 3578 963 3650 9)
985 3579 1079 3655 ².id
1102 3581 1247 3654 quod

219 3659 343 3711 loco
373 3657 516 3712 Livii
546 3655 692 3722 (xxx
708 3698 725 3724 ‚
756 3657 827 3726 3)
851 3660 1094 3714 firmatur
1109 3700 1127 3728 ,
1151 3663 1245 3716 ubi

218 3737 457 3806 Numida*
474 3737 781 3792 hibernacula
806 3742 1040 3793 arundine
1060 3753 1240 3806 texunt,

216 3831 267 3868 et
294 3820 450 3868 storia
477 3820 889 3891 tegunt.Vissgata
910 3839 1041 3873 vero
1058 3821 1244 3889 lectio,

212 3901 375 3967 scopis
386 3935 401 3958 ‚
418 3911 671 3952 monente
689 3897 1103 3972 Oudendorpio,
1120 3901 1244 3954 Sca-

205 3977 389 4054 ligero
406 3979 623 4050 ejusque
640 3977 809 4052 codici
826 3979 1067 4046 debetur,
1082 3999 1241 4052 quam

206 4054 506 4110 defendere
534 4059 670 4132 velle
700 4062 848 4130 malm
879 4059 1017 4113 foret
1046 4059 1241 4114 seduli-

205 4136 354 4189 tatis.
392 4135 601 4190 Scilicet
642 4137 834 4193 dixerit
873 4140 1091 4212 aliquis,
1122 4159 1236 4194 sco·

1314 3980 1465 4032 ·toria
1495 3981 1755 4033 referatur
1771 3999 1787 4044 ς
1820 3980 1956 4032 bene
1977 3997 1991 4033 :

1317 1500 1453 1579 'pam
1495 1522 1608 1559 esse
1647 1506 1884 1577 plantam
1898 1544 1914 1571 ,
1959 1504 2277 1578 descriptam
2323 1522 2350 1555 a

1328 1584 1508 1640 Plinio
1535 1581 1714 1648 (nist.
1741 1586 1866 1641 Nat.
1883 1602 2050 1652 xxru,
2077 1597 2210 1639 extr.
2234 1582 2288 1652 ),
2320 1602 2349 1635 a

1328 1666 1574 1719 Bauhino
1597 1680 1774 1719 autem
1795 1662 1886 1729 (in
1903 1666 2118 1731 Pinace,
2131 1685 2186 1737 p.
2209 1659 2347 1737 470)

1320 1739 1612 1799 ¹ruscorum
1635 1744 1816 1818 generi
1846 1742 2241 1799 adnumeratam
2258 1783 2276 1814 ,
2299 1754 2351 1795 et

1330 1824 1540 1878 Linneo
1559 1844 1774 1879 ruscum
1800 1826 2096 1878 aculeatum
2119 1819 2353 1888 dictam3

1330 1904 1610 1977 viderique
1637 1907 1882 1965 homines
1911 1904 2176 1963 fasciculis
2209 1904 2354 1958 illius

1332 1986 1476 2040 rusci
1498 2004 1621 2039 usos
1651 1983 1721 2039 ad
1750 1982 2123 2040 differciendas
2155 1996 2246 2037 aut
2269 2002 2355 2037 re-

1333 2063 1641 2117 vinciendas
1691 2063 2000 2118 arundines.
2049 2061 2154 2117 Sed
2204 2064 2357 2137 plura

1334 2144 1423 2197 hic
1452 2142 1788 2216 dispicienda
1817 2156 1988 2196 essent
2018 2142 2086 2197 de
2123 2144 2235 2196 solo
2265 2162 2359 2195 na·

1318 2224 1431 2275 nli
1472 2228 1528 2277 et
1565 2222 1932 2295 magnitudine
1961 2224 2187 2295 planta,
2215 2236 2360 2277 ante-

1315 2306 1501 2373 ‘quam
1531 2301 1732 2373 aliquid
1755 2300 1883 2355 ‘cum
1913 2303 2089 2373 specie
2112 2304 2226 2355 veri
2257 2301 2365 2355 dici

1312 2394 1533 2453 'posset.
1575 2380 1990 2452 Adquiescamus
2026 2392 2150 2451 ergo
2195 2381 2366 2453 Lipsii
2458 2376 2462 2385 “

1318 2464 1675 2533 ⁸conjecturae,
1689 2471 1742 2515 et
1761 2453 2022 2533 exemplo,
2037 2459 2184 2533 quod
2197 2476 2231 2513 e
2245 2461 2360 2513 Liv.

1318 2543 1562 2612 'protuli
1587 2541 1666 2594 Μ.
1671 2543 1902 2595 Salmas.
1938 2540 2003 2595 ad
2029 2542 2368 2614 spartianum

1342 2621 1510 2675 Hadr.
1559 2639 1658 2689 ιο,
1699 2609 2014 2674 emendabat
2059 2625 2236 2694 eopiis3
2275 2619 2370 2675 sed

1317 2701 1454 2754 ‘haec
1482 2721 1547 2754 ex
1573 2703 1883 2776 elegantiori
1909 2702 2191 2756 hortorum
2221 2702 2371 2755 cultu

1313 2782 1447 2836 'huc
1492 2783 1782 2836 transferre
1835 2781 1973 2835 nihil
2013 2782 2215 2834 attinet.
2258 2781 2370 2834 sub

1315 2862 1526 2934 ³sc0p1's,
1561 2861 1876 2915 Hammerus
1906 2873 2113 2930 noster,
2135 2861 2220 2923 vir
2248 2881 2368 2914 eru-

1316 2939 1485 3018 ·ditus
1502 2981 1520 3009 ‚
1541 2943 1795 2995 naturalis
1821 2942 2056 2996 historiae
2080 2941 2365 3013 professor,

1312 3021 1560 3075 ‘frondes
1573 3018 1598 3087 ³,
1632 3023 1868 3074 surculos
1885 3061 1900 3088 ‚
1932 3028 2194 3075 sarmenta
2208 3060 2224 3087 ,
2255 3021 2366 3074 vir-

1324 3103 1485 3172 ·gnlta
1511 3142 1529 3168 ,
1572 3103 1792 3154 ramalia·
1832 3102 2058 3173 intelligi
2098 3094 2360 3154 nummu.

1318 3181 1445 3237 -Oa,
1464 3189 1548 3225 -‘—-
1561 3183 1700 3253 Lege
1717 3181 2092 3236 indubitanter
2103 3186 2286 3253 scopis,
2313 3195 2365 3235 et

1338 3261 1406 3314 ad
1434 3261 1553 3315 'hoc
1589 3264 1810 3317 verbum
1832 3301 1848 3328 ,
1880 3261 2003 3338 ride
2035 3262 2360 3317 excellentis-

1314 3342 1527 3416 ·simam
1567 3340 1762 3395 eruditi
1801 3345 1866 3395 D.
1900 3344 2113 3396 Cuvier.
2149 3353 2358 3406 notam,

1338 3421 1405 3475 ad
1444 3424 1638 3476 calcem
1663 3423 1822 3494 hujus
1851 3423 1976 3475 libri
2004 3463 2018 3491 ,
2049 3423 2104 3474 in
2134 3421 2358 3492 Supple-

1336 3515 1549 3568 mento,
1581 3515 1702 3575 post
1739 3502 2159 3556 dissertationem
2191 3501 2357 3554 Galli·

1335 3600 1450 3635 cam
1483 3584 1548 3635 cl.
1581 3583 1682 3634 viri
1725 3585 1908 3653 Turpin
1942 3583 2002 3634 de
2035 3581 2208 3634 Crisse'.

1419 3663 1469 3715 5.
1499 3663 1696 3735 Itaque,
1725 3663 1880 3714 subito
1901 3662 2121 3714 imbra...
2149 3660 2350 3712 subruti.

1330 3741 1530 3794 Milites
1540 3760 1649 3793 non
1657 3741 1765 3793 dici
1771 3753 1994 3813 possunt
2007 3739 2206 3792 subruti.
2219 3738 2354 3792 Sunt

1332 3834 1384 3874 et
1402 3821 1564 3874 variae
1577 3821 1828 3873 lectiones
1843 3821 2032 3886 ,veluti
2051 3831 2256 3890 gravata

1331 3904 1490 3952 omnia
1510 3901 1709 3952 subruta
1731 3891 2043 3972 disjectaque,
2063 3911 2124 3952 ut
2146 3897 2214 3952 ad
2238 3911 2351 3952 ten·

2025 3997 2164 4032 unus
2188 3979 2348 4032 habet

1331 4059 1627 4112 tenebrarum
1643 4101 1657 4122 ‚
1701 4079 1838 4113 unus
1882 4069 2146 4134 aquamque
2182 4077 2204 4112 .·
2245 4077 2349 4130 pro

1310 4147 1485 4194 ‘onmes
1510 4140 1568 4193 in
1599 4140 1770 4194 tribus
1799 4151 1877 4193 est
1909 4140 1998 4193 vel.
2028 4133 2168 4226 Ersso
2195 4138 2352 4191 facile
