3025 5025
607 474 710 547 66

919 477 994 545 C.
1052 478 1336 547 JULII
1391 474 1859 545 CAESARIS
1914 471 2469 546 COMMENT.

599 624 783 699 erat,
823 612 1194 681 necessaria
1229 636 1301 681 re
1341 623 1653 697 coactuS‚
1689 606 1914 677 locum
1956 608 2136 703 capit
2172 596 2622 738 superiorem3
2650 610 2750 679 di-

597 742 992 838 versamque
1035 719 1244 787 aciem
1282 718 1352 785 in
1389 718 1553 785 duas
1586 730 1810 815 partes
1856 700 2267 801 constituitffi

2309 740 2396 783 ne
2434 715 2523 783 ab
2552 718 2749 811 equi·
2782 731 2787 736 '

593 839 739 895 tatu
777 826 1243 894 circumveniri
1274 834 1521 919 posset.
1563 826 1709 911 Ita,
1740 846 2135 918 congressus
2164 823 2405 916 impari
2432 842 2747 909 numero,

593 955 872 1027 magnos
907 933 1195 1027 impetus
1248 930 1586 1026 legionum
1638 932 2101 1025 equitatusque
2150 930 2429 999 sustinet
2445 930 2489 997 ⁷.
2528 932 2747 999 Com-

589 1041 793 1109 misso
815 1039 900 1107 ab
926 1040 1255 1133 equitibus
1285 1037 1514 1134 praelio
1536 1093 1556 1126 ‚
1590 1038 1779 1133 signa
1808 1037 2095 1106 duarum
2133 1036 2471 1133 legionum
2507 1037 2749 1131 procul

591 1145 677 1213 ab
712 1147 1012 1241 utrisque
1055 1147 1589 1241 conspiciuntur,
1612 1170 1775 1239 quas
1800 1146 1878 1214 C.
1910 1143 2151 1213 Fabius
2187 1142 2501 1212 ulteriore
2537 1158 2747 1238 ponte

576 1252 885 1322 ‘subsidio
912 1256 1156 1322 nostris
1193 1254 1494 1343 miserat,
1526 1254 1897 1346 suspicatus
1930 1250 2075 1319 fore
2103 1250 2169 1319 id
2189 1305 2210 1340 ,
2238 1250 2421 1345 quod
2464 1250 2746 1341 accidit,

587 1426 795 1481 minum
805 1427 952 1482 haud
963 1427 1172 1481 inficeta
1182 1466 1199 1495 ‚
1213 1429 1290 1483 sic
1302 1429 1622 1501 perstrinxe-

585 1520 744 1561 runt:

745 1588 835 1652 Io,
867 1587 953 1653 io,
983 1587 1286 1659 triumphe!

743 1670 868 1719 Dux
897 1680 1078 1720 noster
1108 1669 1338 1733 nobilis,

740 1748 866 1800 Non
897 1746 965 1799 de
995 1748 1194 1801 Galleis
1212 1786 1229 1813 ,

742 1825 846 1881 Sed
876 1826 944 1881 de
977 1827 1234 1881 Germanis
1246 1866 1263 1891 ,

836 1907 1160 1978 Triumphat

738 1989 864 2039 'Dux
895 2000 1076 2040 noster
1103 1987 1330 2054 nobilis,

741 2067 1064 2139 Triumphat
1095 2066 1164 2120 de
1201 2066 1473 2123 Germanis.

741 2146 834 2210 Io,
864 2148 948 2211 io,
979 2147 1290 2220 triumphe'

482 2282 486 2287 ,
582 2226 770 2277 Victus
781 2224 847 2278 ad
861 2227 1126 2280 Mutinam
1141 2229 1432 2295 Antonius,
1444 2218 1613 2301 quum

579 2305 638 2357 in
670 2305 900 2357 Galliam
919 2308 1269 2379 confugisset,
1297 2328 1354 2361 se
1381 2310 1614 2382 profugo

580 2381 866 2456 adjungere
911 2406 1022 2439 non
1071 2388 1325 2440 sustinuit
1365 2389 1612 2444 Plancus,

580 2464 739 2530 Mox,
767 2484 890 2518 cum
915 2466 1150 2559 Lepido?
1179 2469 1367 2521 urbem
1391 2468 1613 2542 Lugdu-

579 2563 713 2597 num
729 2545 812 2611 ,in
830 2565 894 2598 eo
912 2547 1032 2600 loco
1053 2549 1146 2620 qui
1159 2549 1268 2620 jam
1285 2549 1358 2602 ita
1387 2551 1612 2604 vocaba-

579 2637 698 2690 tur,
730 2624 988 2679 condidit.
1029 2627 1196 2694 Inde,
1225 2648 1466 2684 reversus
1501 2633 1612 2683 Ro-

579 2723 740 2769 mam,
759 2706 1135 2760 comitantibus
1165 2721 1220 2761 et
1237 2707 1611 2779 adjuvantibus

578 2782 786 2855 Lepido
807 2797 859 2837 et
873 2783 1085 2852 Silan0,
1099 2806 1185 2841 an.
1207 2808 1354 2860 710,
1377 2804 1612 2863 utsupra

582 2861 841 2930 diximuS‚
873 2866 1248 2958 triumphavit,
1277 2883 1330 2922 et
1359 2889 1442 2924 an.
1479 2890 1611 2940 711,

581 2943 914 2997 consulatum
931 2947 1103 3016 gessit.
1133 2948 1419 3020 Inscriptio
1441 2970 1470 3002 a
1483 2951 1611 3002 Ful-

581 3023 672 3076 vio
698 3024 897 3077 Ursino
930 3025 1073 3098 apud
1093 3027 1240 3099 Lips.
1271 3030 1467 3097 relata,
1495 3033 1612 3102 ejus

580 3103 764 3157 titulos
793 3117 846 3157 et
870 3119 1013 3176 gesta
1039 3108 1305 3162 continet:

581 3198 633 3242 L.
657 3197 1001 3246 MVNATIVS.
1031 3201 1082 3245 L.
1105 3201 1159 3246 F.
1186 3203 1239 3256 L,
1257 3203 1316 3246 N.
1343 3203 1396 3248 L.
1425 3203 1610 3249 PRON.

581 3277 878 3324 PLANCVS.
892 3278 1022 3325 COS.
1032 3279 1290 3327 CENSOR.
1302 3283 1430 3327 IMP.
1449 3283 1611 3330 ITER.

973 3351 1078 3397 vn.
1103 3354 1229 3399 VIR.

584 3429 850 3476 EPVLON.
901 3431 1160 3478 TRIVMP.
1217 3433 1316 3478 Ex.
1375 3433 1613 3482 RAETIS.

833 3500 1053 3545 AEDEM
1079 3501 1366 3548 SATVRNI.

583 3579 775 3626 reem
807 3581 892 3625 DE
915 3565 1218 3628 vanls.
1240 3551 1459 3627 Aenos.
1477 3583 1617 3630 n1v1

868 3653 976 3699 sicr.
999 3652 1082 3699 m.
1105 3653 1332 3698 rrAmA.

585 3733 957 3780 BENEVENTI.
1012 3733 1096 3777 IN.
1152 3732 1396 3778 GALLIA.
1451 3733 1617 3780 COLO

856 3804 1016 3850 NIAS.
1049 3802 1346 3848 DEDvxrr.

669 3883 1049 3931 LVGDVNVM.
1071 3883 1151 3928 ET
1179 3883 1531 3930 RAVRIGAM.

587 3981 742 4034 Unus
765 3999 831 4032 ex
857 3981 968 4050 ejus
999 3980 1262 4047 nummis,
1287 4001 1479 4053 nempe
1509 3995 1617 4038 ter-

585 4062 723 4126 tiuS,
743 4057 1046 4136 (suillarum,
1071 4073 1110 4114 t.
1146 4080 1168 4114 1
1186 4080 1236 4127 1,
1263 4080 1317 4134 p.
1348 4064 1456 4116 153
1475 4059 1517 4126 ).
1552 4060 1620 4115 ad

585 4141 872 4196 coloniam·
919 4139 1331 4212 Lugdunensem
1409 4141 1616 4196 alludit.

1706 1427 1978 1493 Pnsncv83
2001 1437 2160 1497 caput
2176 1426 2211 1478 J
2212 1426 2327 1480 ovis
2346 1425 2623 1498 capitolini
2634 1428 2748 1479 lau-

1704 1518 1947 1570 reatum;
1976 1526 2040 1559 ex
2068 1504 2285 1559 adversa
2310 1518 2491 1577 parte,
2524 1507 2587 1559 L.
2620 1508 2746 1559 Μν-

1707 1604 1855 1639 run.
1888 1585 1951 1639 L.
1992 1586 2087 1651 F..
2110 1579 2332 1639 colonus
2359 1602 2516 1657 agens
2545 1586 2745 1654 boves,

1704 1667 1895 1722 stivam
1921 1664 2085 1719 ducit.

1787 1750 1841 1799 6.
1879 1748 2130 1799 Diversum
2164 1749 2312 1797 aciem
2346 1748 2396 1798 ἰη
2426 1744 2549 1797 duas
2569 1758 2745 1827 partes

1704 1829 1968 1879 constituit.
2013 1826 2162 1878 Fecit
2210 1825 2378 1879 aciem
2424 1825 2743 1897 ancipitem,

1702 1906 1777 1957 ita
1801 1918 1863 1958 ut
1885 1906 2139 1978 utrinque
2166 1916 2301 1959 esset
2328 1906 2471 1959 hosti
2494 1907 2744 2003 opposita

1703 1997 1756 2037 et
1784 1983 2019 2038 adversa.
2052 1986 2197 2039 Gon.

1786 2084 1839 2136 7.
1878 2064 2091 2135 Magnos
2130 2070 2328 2137 impetus
2352 2068 2567 2118 sustinet.
2612 2064 2743 2119 Plus

1704 2144 1925 2210 Caesari,
1944 2144 2002 2199 h.
2021 2146 2088 2211 1.,
2118 2142 2448 2198 credendum
2476 2144 2745 2198 existima·-

1701 2225 1901 2291 verim,
1926 2244 2089 2297 quam
2116 2224 2311 2291 Dioni,
2334 2226 2431 2296 qui
2456 2226 2552 2278 lib.
2579 2226 2709 2277 XLI
2725 2265 2744 2293 ‚

1702 2304 2007 2359 interfectos
2025 2306 2145 2359 illos
2160 2304 2434 2359 adseverat
2444 2343 2461 2370 ,
2476 2304 2603 2377 quia
2616 2306 2744 2359 nul-

1700 2385 1752 2436 la
1782 2385 1911 2457 ipsis
1936 2385 2219 2439 subvenire
2246 2396 2494 2456 poterant
2524 2386 2741 2439 auxilia.

1702 2464 1987 2532 Caeterum‚
1996 2478 2049 2520 et
2062 2465 2276 2531 Fabius,
2292 2478 2345 2519 et
2356 2466 2583 2519 Plancus
2595 2484 2743 2536 egre-

1698 2545 1783 2616 gie
1801 2558 1979 2618 partes
1996 2566 2114 2600 suas
2137 2546 2447 2600 sustinuisse
2464 2544 2739 2614 videntur3

1699 2644 1872 2697 quum
1891 2626 2087 2679 Fabius
2104 2639 2296 2698 pontes
2319 2625 2581 2693 mediocri
2598 2626 2745 2680 inter

1698 2723 1753 2758 se
1781 2704 2037 2759 distantes
2066 2706 2345 2760 intervallo
2374 2704 2657 2772 struxerit,
2687 2720 2747 2760 et

1698 2785 1772 2837 ita
1824 2787 2047 2839 salutem
2087 2786 2389 2858 legionibus
2438 2787 2743 2858 paraverit3

1698 2865 1926 2918 Plancus
1958 2885 2086 2918 vero
2128 2867 2201 2919 ita
2242 2879 2453 2938 tempus
2489 2864 2743 2934 duxerit,

1698 2956 1761 2996 ut
1775 2944 2074 2998 subsidium
2092 2947 2458 2999 laborantibus
2480 2944 2739 2999 Caesaria-

1697 3024 1781 3076 nis
1808 3023 2000 3078 Fabius
2026 3027 2238 3080 mittere
2265 3039 2461 3098 posset.
2502 3025 2617 3079 Nec
2639 3027 2749 3078 mi-

1697 3122 1800 3154 nor
1844 3105 2063 3158 Afranio
2102 3107 2182 3160 rei
2223 3107 2468 3160 militaris
2516 3106 2733 3178 peritia.

1699 3183 1895 3250 Porro,
1914 3185 1970 3238 h.
1986 3187 2022 3239 l.
2039 3225 2056 3253 ,
2077 3197 2138 3238 ut
2160 3185 2217 3238 in
2236 3187 2747 3257 sequentibu5,ani-

1699 3261 2031 3319 madvertere
2054 3267 2210 3319 liceat
2236 3268 2467 3320 multum
2494 3267 2745 3322 absimile

1700 3343 1905 3396 bellum
1929 3345 2033 3399 hoc
2065 3347 2222 3400 civile
2254 3365 2283 3398 a
2322 3346 2467 3400 bello
2496 3345 2707 3402 Gallico
2729 3387 2747 3416 ,

1702 3423 1759 3474 in
1791 3443 1900 3498 quo
1929 3425 2057 3478 hinc
2077 3439 2245 3478 artem
2268 3445 2392 3479 cum
2422 3425 2746 3482 fortitudine

1699 3505 1965 3574 junctam,
1985 3503 2112 3570 inde
2137 3507 2391 3559 virtutem
2417 3525 2581 3579 parva
2607 3527 2745 3581 pru-

1704 3581 1884 3636 dentia
1895 3585 2224 3657 consilioque
2238 3585 2474 3656 adjutam
2486 3585 2744 3655 vidimus3

1702 3661 1794 3716 hic
1834 3665 2012 3717 omnia
2058 3668 2313 3738 utrinque
2356 3667 2504 3738 paria
2522 3705 2538 3732 ,
2564 3668 2638 3720 ita
2683 3682 2747 3722 ut

1705 3744 1860 3796 victis
1877 3765 1987 3797 non
2010 3745 2246 3810 animus,
2266 3765 2377 3800 non
2396 3748 2599 3818 ingenii
2617 3764 2747 3802 acu·-

1704 3842 1827 3876 men
1864 3823 2093 3884 defuisse
2122 3825 2399 3893 videatur,
2426 3825 2522 3880 sed
2549 3847 2746 3900 magna

1702 3903 1794 3956 illa
1808 3923 1988 3958 rerum
2002 3907 2362 3960 humanarum
2374 3905 2594 3960 domina
2606 3947 2623 3975 ,
2638 3909 2749 3962 for·

1706 3997 1864 4050 tuna,
1886 4005 2002 4057 quae
2024 3999 2077 4038 et
2096 3988 2153 4039 in
2172 3987 2314 4039 bello
2333 3989 2619 4040 maximam
2641 3989 2747 4042 sihi

1704 4079 1911 4136 partem
1944 4075 2041 4119 suo
2070 4069 2188 4138 jure
2214 4064 2486 4133 vindicat,
2520 4087 2747 4140 quaeque

1706 4163 1829 4198 raro
1847 4143 2137 4200 admodum
2150 4165 2207 4201 se
2225 4158 2339 4200 arte
2354 4148 2503 4203 vinci
2516 4149 2738 4222 patitur.
