3025 5025
574 494 714 561 DE
769 437 1120 564 BE'LLO
1177 494 1553 564 CIVILI.
1615 494 1807 563 LIB.
1864 496 2013 563 III.

2220 495 2368 567 283

228 623 579 719 cupiditate
617 624 1008 720 pugnandi;
1036 650 1243 719 quum
1281 626 1637 722 superioris
1676 627 1874 695 etiam
1902 626 2155 699 ordinis
2192 653 2369 697 non-

227 729 384 799 nulli
401 784 422 819 ,
463 734 758 801 oratione
785 734 1104 827 permoti,
1134 731 1541 802 manendum
1566 758 1647 803 eo
1677 732 1859 821 loc0‚
1881 748 1949 801 et
1976 758 2119 803 rem
2141 734 2371 829 praelio

228 838 768 907 committendam
797 841 1270 910 existimarent.
1309 841 1567 908 Contra
1593 864 1673 908 ea
1706 841 1929 909 Caesar
1964 865 2179 935 neque
2218 844 2372 911 satis

224 943 535 1014 militibus
554 947 923 1041 perterritis
941 946 1351 1030 confidebat,
1371 948 1661 1041 spatium
1711 972 1795 1015 ue
1811 948 2372 1042 interponendum

224 1048 301 1117 ad
343 1052 743 1123 recreandos
785 1054 1042 1121 animos
1086 1053 1402 1147 putabat,
1439 1052 1685 1123 relictis
1752 1054 2277 1143 munitionibus3
2308 1070 2376 1141 et

224 1179 623 1253 magnopere
665 1160 771 1227 rei·
806 1159 1259 1228 frumentariae
1302 1160 1619 1229 timebat:
1658 1162 1879 1254 itaque
1896 1215 1915 1247 ‚
1942 1159 2126 1229 nulla
2160 1163 2373 1229 inter-

225 1265 433 1356 posita
467 1290 688 1353 mora,
711 1267 1092 1335 sauciorum
1121 1266 1324 1335 modo
1355 1280 1425 1335 et
1449 1291 1781 1360 aegrorum
1816 1267 2043 1336 habita
2074 1269 2333 1336 ratione
2356 1319 2375 1353 ,

223 1369 690 1464 impedimenta
721 1374 946 1442 omnia
986 1371 1245 1443 silentio
1286 1374 1506 1466 prima
1542 1388 1741 1441 nocte
1778 1398 1859 1441 ex
1890 1376 2123 1443 castris
2160 1372 2374 1468 Apol·-

225 1472 460 1547 loniam
518 1480 836 1573 praemisit
855 1532 876 1566 ,
925 1502 1004 1547 ac
1049 1480 1520 1575 conquiescere
1580 1494 1733 1547 ante
1801 1482 1928 1547 iter
1989 1478 2372 1551 confectum
2406 1488 2411 1491 ’

223 1587 442 1652 vetuit.
491 1588 614 1654 His
651 1610 788 1655 una
828 1583 1004 1679 legio
1045 1586 1244 1655 missa
1281 1585 1593 1680 praesidio
1634 1602 1751 1655 est.

319 1693 603 1762 LXXV.
661 1695 783 1761 His
825 1691 1148 1787 explicitis
1189 1692 1388 1761 rebus
1411 1691 1454 1778 ¹,
1485 1691 1656 1761 duas
1692 1694 1761 1761 in
1806 1695 2041 1763 castris
2079 1692 2373 1788 legiones

225 1798 488 1867 retinuit
510 1852 530 1885 ‚
567 1796 856 1891 reliquas
911 1798 994 1867 de
1046 1813 1282 1892 quarta
1339 1796 1599 1893 vigilia,
1643 1798 2100 1893 compluribus
2158 1801 2372 1894 portis

223 1902 522 1989 eductas,
567 1904 805 1975 eodem
849 1906 1084 1975 itinere
1123 1906 1472 1999 praemisit;
1517 1929 1861 1999 parvoque
1907 1907 2119 2000 spatio
2160 1909 2373 1974 inter-

221 2118 294 2129 --
325 2088 600 2159 Superioris
640 2090 823 2141 ordinis
861 2090 1097 2143 nonnulli.
1131 2089 1249 2141 Ou-

221 2165 546 2240 dendorpius
575 2170 730 2221 malit
760 2188 774 2222 :
816 2174 1081 2240 superiores
1113 2170 1248 2221 ordi·

223 2266 321 2309 nes,
353 2247 415 2301 id
439 2262 518 2303 est
533 2289 552 2317 ‚
582 2249 921 2303 centuriones
946 2250 1250 2321 primorum

220 2326 468 2381 ordinum
497 2369 514 2396 ‚
553 2343 606 2395 et
655 2330 861 2383 tribuni
898 2348 914 2382 τ
950 2330 1028 2382 nil
1071 2342 1248 2381 tamen

224 2422 399 2463 contra
425 2408 586 2461 codd.
619 2408 958 2463 mutandum.

300 2489 350 2544 3.
394 2490 600 2542 Relictis
643 2490 997 2544 munitionibus.
1037 2488 1249 2544 Lectio·

225 2587 340 2622 nem
367 2571 586 2624 restitui
619 2569 868 2624 codicum
897 2583 1206 2624 nostrorum
1233 2607 1248 2630 ,

223 2663 482 2703 annuente
497 2650 693 2704 Vossio
710 2691 728 2719 ‚
755 2653 908 2720 cujus
940 2651 1252 2722 interpunc-

221 2728 416 2782 tionem
448 2769 466 2796 ‚
516 2743 572 2783 et
617 2731 806 2803 capitis
849 2729 1250 2784 distinctionem

223 2823 422 2863 secutus
445 2829 583 2864 snm.
613 2811 804 2864 Paucis
827 2811 1006 2864 verbis
1029 2809 1099 2862 de
1127 2830 1250 2864 meo

221 2891 434 2944 consilio
461 2891 720 2944 lectorem
737 2910 986 2944 moneam
1009 2903 1242 2961 oportet.

223 2969 427 3042 Vulgat.
449 3009 466 3037 ,
493 2982 548 3022 et
577 2990 764 3024 omnes
791 2971 902 3024 fere
920 3011 936 3038 ‚
955 2971 1030 3024 ita
1063 2971 1251 3041 legunt

222 3062 269 3102 et
295 3049 636 3122 distinguunt
661 3070 676 3104 ε
709 3056 1006 3124 spatiumque
1035 3055 1248 3122 interpo-

222 3133 414 3184 nendum
459 3131 532 3182 ad
566 3131 850 3184 recreandos
889 3135 1073 3183 animos
1097 3147 1246 3202 puta-

150 3261 154 3268 ,
223 3209 300 3260 bat
319 3253 335 3275 ,
369 3211 647 3284 relictisque
672 3212 1013 3264 munitionibus
1043 3231 1246 3281 magno-

216 3307 318 3358 pere
345 3296 420 3344 rei
433 3293 781 3359 frumentariae
809 3291 1005 3344 timebat
1023 3313 1042 3344 .·
1055 3305 1110 3344 et
1129 3293 1184 3344 h.
1207 3292 1244 3344 l.

222 3385 368 3442 caput
413 3372 716 3426 absolvunt.
765 3373 936 3424 Porro
985 3373 1248 3425 absonum

220 3467 430 3519 prorsus
446 3489 462 3516 ,
480 3465 535 3506 et
565 3464 751 3506 contra
773 3465 1008 3510 mentem
1027 3453 1250 3516 Caesaris

221 3529 272 3582 id
300 3551 412 3586 esse
425 3570 444 3598 ,
469 3533 588 3604 quis
611 3551 723 3586 non
747 3532 928 3586 videat
949 3532 972 3584 Ρ
993 3533 1040 3586 si
1072 3533 1248 3586 Caesar

221 3611 470 3684 relinquit
491 3631 585 3665 sua
617 3626 788 3666 castra
804 3653 818 3678 ,
849 3613 1002 3668 timet
1025 3613 1110 3666 rei
1133 3613 1248 3665 fru-

219 3692 500 3746 mentm-iae.
535 3696 606 3745 At
637 3704 826 3746 contra
861 3694 920 3744 in
959 3693 1025 3756 iis
1063 3693 1252 3757 castris

223 3788 370 3842 supra
395 3771 634 3826 vidimus
659 3791 788 3826 eum
813 3773 997 3844 inopia
1014 3807 1031 3835 ‚
1055 3785 1108 3826 et
1133 3791 1248 3830 ma·

223 3869 314 3920 gna
331 3851 558 3924 quidem
581 3853 904 3909 laboravisse
915 3890 934 3918 ,
953 3871 1114 3923 quam
1131 3872 1248 3906 ma-

217 3930 378 4000 jorem
392 3931 570 3986 adhuc
586 3933 826 3986 futuram
839 3951 949 3996 esse
955 3931 1252 4004 praeviden-

223 4007 344 4065 dum
357 4024 498 4078 erat,
509 4013 808 4084 praesertim
823 4014 969 4075 victo
980 4014 1215 4074 exercitu
1230 4051 1249 4078 ‚

219 4103 266 4142 et
277 4111 444 4164 quum
455 4093 514 4146 in
527 4111 591 4146 eo
601 4107 716 4148 erat
730 4093 1084 4166 Pompeianus
1097 4112 1248 4146 exer-

225 4171 346 4227 citus
361 4211 380 4240 ,
410 4186 473 4227 ut
503 4193 628 4226 eum
653 4173 924 4230 obsideret
944 4193 958 4228 :
978 4175 1058 4228 illi
1077 4174 1244 4228 relin-

1339 2087 1555 2160 quenda
1601 2103 1753 2145 erant
1791 2102 1959 2143 castra
1976 2130 1991 2158 ,
2036 2110 2145 2163 quo
2182 2092 2375 2145 vitaret

1338 2170 1612 2241 inopiam;
1644 2183 1698 2223 et
1729 2168 1919 2223 eodem
1948 2170 2113 2224 modo
2134 2172 2373 2243 phrasim

1339 2249 1599 2301 intellexit
1622 2249 1804 2314 Celsus
1826 2251 1885 2313 in
1910 2270 2019 2321 quo
2034 2252 2230 2321 legitur
2250 2270 2372 2323 pag.

1345 2346 1368 2381 1
1381 2334 1454 2396 96
1475 2341 1671 2381 nostrae
1686 2328 1816 2383 edit.
1834 2368 1851 2397 ,
1864 2343 2259 2402 nequeproeterea
2272 2344 2371 2383 tam

1339 2408 1518 2461 hostem
1528 2447 1547 2471 ‚
1586 2429 1731 2479 quam
1757 2412 1999 2477 frumenti
2027 2413 2236 2480 inopiam
2274 2432 2372 2463 me-

1339 2489 1563 2542 tuendam
1584 2508 1640 2541 eo
1662 2490 1759 2542 loci
1781 2490 2079 2542 manentibus
2092 2490 2369 2562 judicabat.

1335 2569 1418 2622 Ita
1449 2589 1666 2640 quoque
1698 2571 1945 2634 Fulvius,
1974 2571 2069 2641 qui
2098 2591 2199 2642 pro
2232 2573 2371 2623 mlic-

1339 2652 1491 2720 tisque
1505 2648 1756 2704 audacter
1769 2651 2043 2721 proponit,
2061 2654 2369 2723 retentisque3

1337 2741 1392 2780 et
1436 2727 1885 2801 OudendorpiuS,
1917 2731 2012 2801 qui
2063 2729 2252 2788 durius
2270 2769 2287 2796 ,
2316 2745 2373 2784 et

1337 2822 1525 2862 contra
1546 2810 1697 2862 verbi
1718 2809 2188 2882 significationem,
2213 2813 2271 2863 τὸ
2298 2831 2370 2862 re·

1336 2889 1462 2942 lictis
1491 2891 1877 2960 interpretatur
1904 2895 2117 2944 retentis.
2150 2891 2243 2945 Nil
2274 2911 2369 2945 au-

1335 2981 1445 3022 tem
1492 2969 1711 3024 lectioni
1757 2969 2006 3026 codicum
2060 2984 2371 3030 nostrorum

1335 3062 1487 3104 muto
1500 3087 1519 3114 ‚
1542 3049 1636 3111 sed
1656 3051 1732 3102 ita
1755 3051 1901 3122 lego,
1928 3063 1983 3103 et
2012 3051 2367 3124 interpungo:

1336 3135 1635 3202 spatiumque
1662 3131 2053 3201 interponenbun
2072 3133 2143 3184 ad
2158 3151 2373 3184 recrean-

1335 3210 1422 3260 dos
1463 3215 1649 3264 animos
1664 3249 1681 3273 ,
1713 3212 1893 3272 relictis
1930 3213 2269 3267 munitionibus
2282 3233 2303 3274 ,·
2324 3225 2375 3264 et

1335 3309 1625 3362 magnopere
1662 3295 1733 3343 rei
1754 3293 2097 3358 flumentarioe
2132 3293 2331 3351 tivnebat
2351 3313 2370 3346 .·

1336 3375 1525 3443 itaque,
1560 3371 1697 3432 nullu
1743 3375 2023 3443 interposita
2060 3391 2219 3433 moe-a,
2252 3393 2371 3427 sau-

1335 3455 1519 3503 ciorum
1558 3451 1699 3504 modo
1720 3491 1735 3514 ,
1766 3465 1869 3506 etc.
1894 3489 1912 3516 ,
1952 3471 2121 3523 usque
2162 3451 2230 3506 ad
2276 3452 2371 3504 has

1334 3549 1490 3584 voces
1534 3552 1633 3584 una
1658 3533 1786 3602 legio
1814 3536 1960 3584 missa
1994 3533 2231 3602 praesidio
2270 3544 2371 3594 est,-

1334 3623 1388 3662 et
1419 3612 1525 3664 hoc
1564 3611 1686 3666 loco
1724 3624 1885 3684 caput
1926 3612 2161 3672 absolvo,
2198 3613 2367 3664 Inter·

1337 3691 1568 3761 pretatio
1598 3693 1767 3752 fac-ilis
1786 3705 1867 3746 est
1880 3729 1897 3756 ,
1918 3703 1972 3746 et
1990 3710 2120 3744 vero
2141 3692 2376 3750 similior.

1335 3770 1551 3832 videtur
1582 3791 1742 3843 quam
1768 3773 2015 3843 Vulgata.

1419 3853 1549 3905 Cn.
1572 3853 1800 3906 LXXV.
1832 3871 1882 3905 1.
1912 3853 2011 3907 His
2038 3848 2276 3923 explicitis
2294 3872 2367 3904 re-

1337 3931 1645 4002 bus-Veget.
1680 3933 1715 3985 l.
1752 3949 1857 3998 111,
1887 3953 1951 3986 22
1983 3952 1996 3985 τ
2032 3933 2173 3986 Illud
2196 3936 2364 3984 ‘vitan-

1335 4012 1450 4066 dum
1480 4023 1556 4062 est
1570 4049 1587 4077 ,
1620 4031 1679 4064 ne
1722 4013 1878 4064 hostes
1920 4025 1965 4063 te
2006 4009 2220 4066 mcedere
2253 4033 2364 4066 sen-

1337 4095 1490 4152 tiant,
1522 4104 1571 4142 et
1598 4094 1763 4144 statim
1789 4095 2055 4148 irruant....
2076 4093 2363 4166 Aliquanti,

1335 4174 1597 4244 exploratis
1626 4172 1873 4226 itineribus
1889 4212 1905 4237 ‚
1934 4185 2077 4228 noctu
2096 4193 2201 4226 cum
2226 4193 2362 4228 exer-
