3025 5025
567 462 664 540 56
857 471 934 539 C.
993 470 1279 553 JULII
1336 468 1811 537 CAESARIS
1866 468 2423 539 COMMENT.

557 602 882 671 distrahat
895 652 915 691 ‚
948 600 1364 697 reliquasque
1406 626 1514 669 res
1524 588 1571 689 ⁴,
1606 588 2037 696 quascunque
2080 624 2279 696 agere
2320 599 2715 690 instituerit,

554 709 892 803 impediat.
936 708 1145 804 Cujus
1189 708 1459 805 cognito
1497 706 1809 795 consilio,
1865 710 2092 778 Caesar
2120 759 2141 794 ‚
2194 708 2443 777 frustra
2476 706 2715 777 diebus

555 814 807 910 aliquot
849 817 1257 909 consumptis
1279 868 1297 898 ‚
1329 839 1416 884 ne
1441 812 1771 909 reliquum
1809 828 2073 910 tempus
2110 815 2406 902 omittat,
2443 813 2712 883 infectis

553 908 630 990 iis
658 975 678 1009 ‚
715 947 862 1016 quae
907 946 1106 1017 agere
1147 921 1630 1010 destinaverat,
1668 921 1752 989 ab
1788 921 1955 991 urbe
1990 920 2434 1016 proficiscitur
2454 974 2475 1009 ,
2507 934 2712 1016 atque

551 1029 622 1094 in
659 1026 1044 1098 ulteriorem
1082 1026 1368 1097 Galliam
1411 1030 1734 1121 pervenit.

659 1136 987 1204 XXXIV.
1053 1136 1214 1223 Quo
1270 1158 1479 1228 quum
1515 1134 1804 1205 venisset
1828 1187 1847 1222 ,
1885 1135 2229 1228 cognoscit
2251 1186 2272 1221 ‚
2314 1134 2590 1203 missum
2632 1135 2709 1202 in

553 1241 942 1335 Hispaniam
985 1265 1024 1309 a
1073 1242 1393 1335 Pompeio
1443 1239 1817 1311 Vibullium
1880 1240 2133 1311 Rufum
2159 1293 2180 1328 ‚
2230 1265 2431 1336 quem
2476 1240 2710 1335 paucis

551 1345 783 1416 diebus
823 1361 979 1417 ante
1014 1348 1296 1417 Corfinii
1338 1361 1613 1441 captum
1664 1348 1805 1442 ipse
1851 1345 2189 1417 dimiserat
2211 1345 2230 1370 ¹
2264 1374 2281 1415 ε
2327 1345 2707 1442 profectum

548 1454 710 1522 item
747 1455 1118 1522 Domitium
1157 1453 1242 1523 ad
1277 1453 1739 1549 occupandam
1770 1451 2132 1524 Massiliam
2160 1454 2440 1523 navibus
2475 1466 2705 1523 actua·

548 1560 661 1629 riis
699 1562 868 1649 VII,
893 1584 1059 1655 quas
1101 1558 1312 1655 Igilii²
1351 1576 1415 1629 et
1457 1563 1528 1628 in
1563 1562 1831 1632 Cosano
1858 1584 1899 1629 a
1926 1562 2199 1656 privatis
2239 1575 2537 1648 coacta5‚
2563 1586 2703 1631 ser·
2766 1641 2770 1646 ,

548 1668 683 1754 vis,
722 1664 970 1737 libertis
1001 1719 1020 1753 ‚
1077 1666 1328 1736 colonis
1371 1669 1505 1735 suis
1545 1666 1999 1761 compleverat
2030 1692 2046 1735 ε
2086 1669 2461 1761 praemissos
2498 1668 2701 1737 etiam

473 1815 478 1825 ·
550 1770 802 1867 legatos
855 1772 1298 1843 Massilienses
1351 1772 1661 1862 domum,
1703 1774 1959 1843 nobiles
2008 1772 2461 1843 adolescentes
2481 1827 2502 1862 ‚
2528 1800 2700 1869 quos

549 1879 634 1946 ab
685 1880 854 1948 urbe
902 1879 1244 1949 discedens
1306 1882 1663 1975 Pompeius
1714 1895 1858 1949 erat
1908 1880 2301 1949 adhortatus
2318 1934 2339 1968 ‚
2378 1906 2465 1949 ne
2517 1906 2701 1951 nova

547 1986 830 2055 Caesaris
874 1985 1096 2055 officia
1125 2000 1430 2056 veterum
1471 2012 1748 2056 suorum
1778 1986 2259 2057 beneficiorum
2306 1988 2375 2054 in
2407 2012 2521 2057 eos
2555 2012 2697 2057 me-

633 2177 685 2233 4.
717 2172 1034 2245 Reliquasque
1057 2190 1148 2224 ms.
1184 2172 1333 2225 Inter
1361 2170 1472 2223 illas
1502 2192 1579 2224 re-

550 2254 705 2323 liquas
728 2271 826 2314 res,
853 2251 1163 2323 expilationi
1185 2252 1353 2305 aerarii
1373 2252 1581 2305 obstitit

547 2332 794 2385 Metellus
810 2370 825 2396 ‚
855 2331 923 2384 de
945 2350 1048 2405 qua
1070 2352 1138 2384 ne
1161 2333 1330 2384 ullum
1352 2332 1579 2385 verbum

547 2408 697 2463 addit
714 2411 886 2463 Caesar
897 2449 912 2476 ,
925 2411 1052 2464 licet
1067 2430 1282 2465 omnem
1294 2412 1579 2483 pecuniam

547 2490 836 2544 sustulerit.
852 2492 1034 2556 Quum
1052 2504 1228 2545 autem
1246 2490 1314 2544 de
1331 2491 1435 2546 hoc
1453 2508 1581 2545 sera-

546 2573 630 2625 rio
653 2573 842 2643 saepius
863 2571 1097 2642 egimus,
1122 2571 1254 2644 quid
1281 2573 1470 2634 fuerit,
1499 2571 1578 2624 di-

544 2670 726 2704 camus
743 2669 954 2705 necesse
972 2664 1067 2705 est.
1090 2652 1296 2705 Plinius
1316 2652 1544 2725 protulit
1556 2691 1573 2718 ,

544 2733 639 2784 lib.
671 2749 871 2796 xxnu,
897 2726 928 2792 S
964 2749 1029 2801 17
1053 2749 1067 2784 ε
1094 2733 1294 2784 laterum
1324 2751 1575 2784 aureorum

545 2830 648 2864 xxv
680 2811 832 2863 millia
864 2811 932 2862 ibi
942 2813 1102 2878 fuisse
1121 2813 1389 2874 recondita,
1421 2824 1472 2863 et
1489 2832 1577 2864 nu·

545 2903 727 2943 mer-ato
760 2891 926 2960 pondo
964 2910 1074 2945 ccc.
1115 2891 1279 2961 Cujus
1322 2890 1576 2964 ponderis

546 2982 720 3024 essent
757 2970 837 3022 illi
867 2971 1054 3024 lateres
1081 2971 1228 3024 aurei
1266 2989 1377 3024 non
1417 2970 1575 3044 docet

546 3051 768 3104 Plinius.
782 3049 1006 3103 Budaeus
1013 3051 1081 3103 de
1093 3069 1202 3104 asse
1209 3052 1389 3104 locum
1397 3071 1576 3105 emen-

546 3129 638 3183 dat
655 3169 673 3196 ,
703 3143 757 3184 et
777 3129 905 3204 legit
936 3131 1164 3183 laterum
1188 3150 1470 3184 aureorum
1499 3151 1573 3184 xv

547 3210 703 3276 mill„
718 3223 1092 3280 argenteorum
1113 3229 1250 3264 xxxv
1271 3212 1424 3277 mill„
1439 3213 1569 3264 etin

543 3310 773 3344 numero
784 3328 797 3354 ,
813 3291 1240 3364 quadringenties
1271 3293 1571 3344 sestertium

547 3371 650 3423 CD
681 3384 902 3424 centena
940 3371 1054 3423 HS.
1081 3366 1288 3442 (quatre
1328 3383 1438 3422 cent
1465 3373 1573 3438 sois

551 3470 795 3516 100‚ooo
821 3465 1067 3512 sesterces,
1084 3451 1247 3504 scilic.
1269 3453 1573 3516 8‚2oo,ooo

544 3532 593 3582 fr
629 3528 650 3595 )
677 3534 747 3583 At
773 3531 994 3584 Orosius
1023 3531 1250 3584 sublatas
1279 3549 1508 3583 summas
1540 3551 1572 3584 a

545 3610 750 3664 Coesare
787 3613 973 3666 scribit
993 3629 1048 3663 tv
1081 3611 1214 3664 mill.
1261 3623 1315 3664 et
1353 3623 1567 3664 centum

541 3703 596 3743 et
615 3692 832 3763 triginta
848 3692 1010 3745 libras
1030 3691 1175 3757 auri,
1201 3702 1254 3743 et
1276 3703 1571 3762 nongentas

541 3773 761 3841 argenti.
786 3772 1080 3843 Eutropius
1107 3784 1375 3841 nongenta
1403 3771 1571 3824 millia

541 3852 770 3923 argenti,
785 3850 930 3922 quod
943 3851 1272 3920 probabilius
1289 3863 1383 3904 est.
1399 3852 1570 3904 Porro

544 3938 575 3995 4
588 3949 611 3984 1
627 3933 718 3997 30,
731 3933 852 3984 libr.
865 3921 999 3997 aurs,
1007 3949 1323 4003 unaquaque
1335 3937 1366 3994 4
1377 3931 1405 3984 5
1419 3951 1574 3984 num·

540 4029 656 4063 mos
680 4029 867 4064 aureos
890 4013 1185 4082 praebente,
1201 4031 1267 4057 =
1294 4031 1316 4064 1
1330 4012 1402 4066 85
1415 4050 1431 4077 ,
1453 4013 1568 4066 850

540 4109 689 4143 num.
723 4111 835 4144 aur.
867 4090 1050 4155 Quum
1083 4103 1258 4144 autem
1283 4094 1570 4164 unusquis-

540 4189 644 4243 que
671 4189 820 4224 num.
853 4189 964 4224 aur.
1000 4189 1064 4225 αι
1095 4172 1158 4224 fr.
1179 4183 1412 4238 constet,
1437 4171 1570 4236 185.

1670 2171 1785 2227 850
1802 2190 2008 2225 numm.
2029 2190 2142 2225 aur.
2166 2191 2233 2219 =
2255 2172 2455 2241 3,9os,
2476 2172 2591 2226 850
2606 2173 2698 2238 fn,

1666 2264 1721 2304 et
1737 2271 1988 2321 9oo‚ooo
2005 2252 2102 2305 lib.
2126 2264 2353 2322 argent„
2376 2270 2696 2324 unaquaque

1663 2331 1799 2385 libra
1828 2343 2103 2385 constante
2127 2335 2200 2395 84
2234 2330 2417 2385 denar.
2456 2344 2694 2403 argent„

1665 2432 1723 2457 =
1738 2412 2087 2481 75,6οο,οοο
2100 2410 2220 2464 den.
2242 2423 2442 2482 argent.
2462 2430 2695 2485 quorum

1664 2492 2029 2564 unusquisque
2041 2513 2109 2540 =
2123 2495 2153 2547 8
2164 2512 2193 2545 α
2215 2504 2354 2546 cent.
2368 2504 2563 2546 nostrae
2580 2508 2694 2546 mo-

1660 2585 1799 2624 netae
1832 2591 1849 2625 ε
1878 2591 2085 2626 summa
2124 2591 2276 2644 ergo,
2307 2577 2694 2642 61,992‚ooo;

1662 2665 1717 2705 et
1756 2671 1963 2705 summa
2006 2664 2117 2706 tota
2132 2690 2149 2717 ‚
2182 2665 2298 2706 tum
2339 2654 2486 2720 auri,
2520 2671 2692 2724 quum

1660 2732 1865 2804 argenti
1893 2753 1961 2780 τε
1990 2733 2345 2802 65,894,85ο
2379 2733 2446 2786 fr.
2494 2746 2694 2788 nostru
2732 2787 2741 2792 .

1659 2825 1905 2866 monetae.
1935 2813 2069 2878 Quae
2104 2831 2339 2879 summa,
2368 2813 2495 2866 licet
2521 2815 2691 2868 maxi-

1660 2911 1773 2950 ma,
1806 2911 1917 2945 non
1949 2904 2125 2945 tamen
2161 2891 2322 2946 fidem
2372 2911 2691 2964 exsuperare
2732 2919 2737 2924 ’

1657 2971 1956 3037 videbitur,
1994 2972 2265 3043 reputanti
2300 2972 2519 3026 cuilibet
2534 3009 2550 3037 ,
2576 2975 2689 3025 Ro-

1658 3071 1825 3116 mam,
1852 3053 1908 3104 in
1939 3052 2128 3104 urbem
2148 3053 2390 3104 omnium
2418 3053 2685 3123 reginam,
2724 3105 2731 3109 .

1657 3132 1839 3185 omnia
1873 3131 2004 3183 olim
2034 3150 2099 3184 ex
2140 3131 2390 3185 universo
2422 3143 2689 3187 terrarum

1663 3211 1795 3265 orbe
1812 3211 2086 3282 vectigalia
2106 3210 2389 3265 affluxisse.

1738 3289 1868 3344 Cn.
1901 3292 2165 3345 XXXIV.
2200 3311 2248 3345 1.
2277 3292 2389 3362 Ipse
2420 3291 2683 3348 damner-at.

1656 3370 1799 3423 Male
1838 3371 2071 3441 Scaliger
2093 3389 2279 3424 vocem
2318 3376 2416 3442 ipse
2448 3373 2653 3426 omittit
2666 3411 2685 3438 ,

1656 3468 1817 3522 quam
1842 3463 2133 3522 agnoscunt
2158 3451 2316 3504 codd.
2344 3465 2400 3504 et
2415 3464 2544 3508 vett.
2568 3451 2687 3506 edi·

1655 3531 1858 3596 tiones,
1885 3543 1939 3584 et
1968 3545 2149 3584 noster
2176 3533 2241 3584 R.
2268 3533 2439 3601 5764.

1742 3630 1793 3664 2.
1817 3612 1969 3680 Igilii.
1992 3612 2186 3664 Noster
2202 3610 2323 3664 cod.
2342 3611 2503 3664 habet
2514 3611 2681 3681 sigili.

1654 3721 1737 3734 --
1783 3692 2064 3743 Proemissos
2116 3689 2441 3744 Massilienses
2492 3691 2687 3745 domum

1655 3771 1851 3824 nobiles.
1877 3771 2041 3836 scal„
2066 3789 2131 3824 ex
2150 3771 2325 3826 Ciacc.
2350 3774 2687 3842 conjectura,

1654 3851 1894 3922 reposuit
1915 3851 2047 3903 domi
2070 3851 2251 3904 nobiles
2263 3873 2285 3913 ,·
2308 3865 2495 3905 contra
2520 3849 2684 3907 codd.

1657 3950 1860 3985 omnes.
1894 3932 2039 3983 Bene
2084 3932 2316 3985 restituit
2353 3930 2681 3985 Oudendor-

1655 4012 1795 4083 pius.
1811 4045 1893 4055 —-
1910 4013 2137 4063 Veterum
2147 4031 2341 4063 suorum
2352 4010 2683 4081 beneficiorum
2730 4065 2738 4083 ι

1658 4095 1945 4145 memoriam.
1982 4090 2133 4144 Idem
2164 4089 2298 4144 Scal.
2332 4109 2455 4164 cum
2484 4091 2683 4163 vulgat.

1656 4183 1885 4232 veterem,
1906 4171 2329 4242 repugnantibus
2344 4168 2505 4224 codd.
