3025 5025
718 454 861 521 DE
915 452 1262 521 BELLo
1317 452 1681 522 c1v1LL
1738 452 1927 523 LIB.
1984 454 2038 522 1.
2343 479 2430 551 71

388 588 638 657 XLIV.
699 588 934 656 Genus
976 599 1122 657 erat
1161 608 1406 681 pugnae
1433 583 1721 655 militum
1755 582 2052 675 illorum,
2075 600 2152 655 ut
2192 610 2439 684 magno

280 694 534 789 impetu
559 692 783 789 primo
806 707 1324 788 procurrerent,
1349 690 1667 763 audacter
1689 690 1915 763 locum
1948 708 2293 789 caperent,
2321 721 2439 765 or-

280 800 468 871 dines
505 826 666 871 suos
705 825 847 872 non
881 822 1290 895 magnopere
1317 812 1691 888 servarent,
1725 801 1861 868 rari
1881 799 2289 897 dispersique
2315 828 2441 898 pu·

283 923 604 1003 guarent3
625 908 682 977 si
701 921 1196 1003 premerentur,
1221 905 1462 1001 pedem
1485 906 1767 995 referre,
1796 922 1862 976 et
1889 904 2041 976 loco
2062 908 2417 979 excedere¹
2422 964 2445 999 ‚

277 1040 416 1083 non
453 1029 658 1111 turpe
685 1015 1168 1101 existimarent,
1199 1038 1356 1083 cum
1391 1014 1727 1086 Lusitanis
1764 1011 2163 1109 reliquisque
2192 1016 2449 1087 barba-.

281 1122 370 1193 ris
407 1146 662 1217 genere
695 1120 992 1216 quodam
1027 1144 1272 1215 pugnae
1309 1120 1665 1192 assuefacti
1700 1145 1714 1189 ε
1752 1120 1935 1214 quod
1979 1120 2117 1191 fere
2150 1120 2257 1209 fit,
2294 1124 2439 1217 qui·

281 1227 402 1298 bus
441 1230 728 1323 quisque
763 1229 832 1297 in
874 1225 1036 1297 locis
1070 1225 1257 1297 miles
1289 1227 1688 1297 inveteravit
1705 1280 1727 1315 ‚
1752 1228 1852 1295 uti
1880 1225 2167 1297 multum
2209 1252 2439 1298 earum

281 1336 632 1430 regionum
671 1334 1152 1415 consuetudine
1189 1348 1561 1405 move-atur.
1610 1336 1772 1408 Haec
1812 1347 2037 1403 tamen
2078 1334 2247 1413 ratio
2278 1360 2441 1405 nos-

282 1456 412 1521 tros
449 1442 880 1537 perturbavit
896 1438 944 1529 ²,
971 1441 1266 1511 insuetos
1298 1440 1500 1535 hujus
1538 1442 1797 1536 generis
1830 1465 2073 1537 pugnae
2104 1465 2119 1508 τ
2148 1441 2443 1511 circum-

279 1548 352 1617 iri
375 1551 564 1622 enim
591 1573 736 1621 sese
759 1549 844 1617 ab
866 1563 1102 1645 aperto
1117 1547 1346 1637 latere,
1359 1546 1913 1642 procurrentibus
1936 1545 2235 1643 singulis,
2254 1548 2441 1617 arbi-

283 1656 668 1742 trabantur-3
689 1656 816 1750 ipsi
837 1669 1061 1733 autem
1086 1679 1244 1725 suos
1273 1653 1543 1724 ordines
1564 1678 1862 1741 servare,
1884 1678 2100 1749 neque
2127 1654 2213 1723 ab
2242 1655 2443 1749 signis

282 1762 621 1834 discedere
639 1816 662 1850 ,
693 1786 910 1857 neque
952 1763 1091 1833 sine
1127 1762 1318 1857 gravi
1353 1784 1557 1833 causa
1598 1786 1755 1830 eum
1798 1758 2053 1849 locum,
2089 1784 2291 1856 quem
2330 1786 2441 1833 ce-

280 1884 518 1963 perant
539 1923 560 1954 ‚
610 1869 854 1939 dimitti
895 1882 1296 1941 censuerant
1329 1882 1660 1964 oportere.
1714 1870 1949 1961 Itaque
1968 1922 1991 1956 ,
2032 1866 2443 1963 perturbatis

282 1977 731 2071 antesignanis
749 2030 770 2065 ‚
814 1974 988 2071 legio
1038 1999 1186 2070 quae
1238 1976 1310 2043 in
1370 2000 1452 2047 eo
1497 1999 1712 2045 cornu
1774 1975 2167 2045 constiterat
2216 1973 2439 2046 locum

283 2107 422 2153 non.
445 2084 696 2171 tenuit,
729 2096 930 2177 atque
965 2083 1033 2151 in
1069 2082 1450 2177 proximum
1495 2080 1736 2151 collem
1774 2106 1917 2154 sese
1957 2082 2227 2177 recepit.

383 2192 604 2259 XLV.
662 2190 920 2276 Caesar,
955 2213 1146 2284 paene
1179 2190 1374 2259 omni·
1393 2190 1535 2259 acie
1571 2188 1954 2284 perterrita,
1985 2187 2167 2282 quod
2198 2203 2443 2283 praeter

285 2296 667 2392 opinionem
700 2295 1382 2391 consuetudinemque
1424 2293 2211 2382 acciderat‚,cohortatus
2250 2320 2405 2365 suos
2422 2348 2441 2382 ‚

285 2472 450 2527 multo
479 2472 667 2544 plures
685 2511 702 2537 ,
722 2473 946 2536 summis,
981 2472 1179 2544 absque
1205 2489 1320 2524 sen-

281 2572 358 2606 su.
389 2586 472 2598 -—
501 2553 667 2622 Yet-gna
695 2564 900 2606 venere.
925 2551 996 2604 Et
1021 2550 1080 2604 id
1107 2569 1319 2606 necesse

283 2646 410 2686 erat.
444 2633 672 2688 Caesaris
697 2651 828 2703 paee
859 2630 1064 2696 dicam3
1097 2631 1191 2686 sed
1222 2629 1321 2684 mi·

192 2751 204 2758 -
281 2713 424 2766 nime
469 2711 757 2784 prudentis
801 2724 914 2765 erat
955 2711 1166 2765 consilii
1213 2723 1319 2763 tres

283 2805 494 2846 tantum
522 2793 760 2864 legiones
793 2792 1006 2846 mittere
1046 2789 1116 2845 ad
1159 2807 1318 2844 occu-

281 2872 524 2945 pandum
566 2873 778 2938 locum,
803 2871 1036 2926 maximo
1079 2868 1319 2924 adstante

283 2953 520 3006 exercitu
535 2990 552 3018 ‚
572 2953 663 3005 cui
675 2964 757 3005 tot
771 2949 1018 3022 prasidia
1033 2950 1320 3004 subvenire

281 3045 528 3104 possent,
552 3045 670 3086 tum
695 3051 726 3086 a
742 3032 926 3089 castris
945 3029 1180 3086 Afranii.
1202 3041 1319 3082 tum

283 3131 312 3164 a
349 3126 522 3184 ponte
557 3124 614 3164 et
651 3112 804 3166 urbe.
837 3108 1001 3177 Quod
1049 3109 1094 3164 si
1143 3121 1319 3178 totum

281 3193 578 3245 exercitum
603 3211 762 3246 suum
787 3203 976 3246 contra
996 3202 1167 3244 castra
1193 3188 1319 3250 hos·

281 3272 414 3326 tium
465 3269 667 3324 ducere
713 3271 954 3326 finxisset
970 3307 989 3337 ‚
1018 3281 1074 3324 et
1108 3281 1319 3342 partem

277 3361 492 3406 tantum
532 3349 602 3404 ad
640 3349 1016 3422 occupandum
1048 3349 1318 3402 tumulum

280 3431 416 3486 clam
463 3429 862 3496 destinavisset,
887 3430 1068 3486 hostes
1110 3428 1350 3484 fecisset.

281 3510 476 3566 dubios
489 3549 508 3578 ,
535 3529 606 3564 an
631 3523 828 3576 castra,
851 3529 920 3564 an
951 3509 1116 3564 alium
1137 3507 1318 3562 locum

279 3590 534 3648 lacessere
553 3590 746 3658 vellet3
761 3589 863 3646 hac
879 3602 994 3644 arte
1015 3607 1200 3642 omnes
1222 3586 1318 3642 ad·

280 3691 464 3726 versus
481 3690 538 3725 se
555 3671 738 3742 copias
752 3671 1018 3741 explicare
1035 3668 1317 3740 coegisset,

281 3763 334 3804 et
357 3752 476 3824 ipse
503 3751 566 3804 in
602 3748 784 3804 medio
825 3747 1110 3817 conflictu,
1136 3749 1318 3804 locum

279 3832 522 3902 profecto
540 3831 922 3902 occupavisset.
937 3829 1066 3884 Haec
1079 3831 1190 3901 jam
1207 3830 1318 3884 ani-

279 3911 572 3966 madvertit
611 3912 799 3981 Tur-pin
825 3911 888 3962 de
919 3908 1096 3964 Crisse'.

360 3991 491 4047 Cu.
503 3991 709 4044 XLIV.
725 4009 770 4044 1.
785 3987 1314 4044 Locoexcedere.Edd.

283 4063 458 4138 Rom„
473 4073 697 4136 venet„
714 4083 770 4124 et
779 4068 1006 4124 Mediol.
1020 4072 1174 4124 locum
1187 4090 1320 4128 exce·

281 4151 422 4220 ἠως
437 4171 568 4208 nam
593 4170 734 4225 supe
756 4150 831 4206 ita
847 4151 956 4210 hoe
967 4152 1134 4208 verbo
1159 4163 1318 4206 utun-

1405 2482 1497 2523 tur
1528 2468 1850 2541 scriptores:
1878 2468 1997 2522 Liv.
2029 2486 2108 2535 11,
2140 2468 2242 2539 37»
2280 2462 2441 2531 (licet

1405 2548 1627 2622 quidam
1652 2545 1774 2601 edd.
1803 2549 2137 2620 scripserint,
2168 2549 2283 2600 urbe
2304 2569 2444 2601 exce-

1405 2626 1555 2694 dere)
1574 2641 1629 2681 et
1646 2627 1737 2680 alii
1752 2646 1769 2693 ς
1787 2628 1866 2682 nil
1897 2641 2075 2682 tamen
2100 2627 2440 2682 mutandum.

1408 2711 1679 2763 Caeterum
1722 2719 1912 2760 notatu
1955 2704 2182 2778 dignum
2212 2720 2317 2773 est,
2346 2707 2440 2761 de-

1405 2787 1747 2843 sultatorium
1770 2787 1877 2840 hoc
1894 2787 2024 2840 belli
2045 2805 2212 2858 genus
2227 2825 2245 2854 ‚
2257 2789 2325 2841 ab
2344 2807 2439 2842 an-

1405 2867 1717 2943 tiquissimis
1744 2866 2078 2938 temporibus
2105 2865 2174 2920 ad
2203 2879 2441 2922 nostram

1405 2960 1631 3015 atatem,
1643 2947 1909 3003 Lusitanis
1916 2946 2276 3020 Hispanisque
2290 2949 2438 3020 quasi

1403 3028 1689 3100 proprium
1707 3027 1868 3086 fuisse
1884 3044 1898 3079 ε
1917 3028 2247 3082 nostratibus
2261 3029 2409 3082 enim
2419 3064 2436 3094 ‚

1403 3107 1697 3180 novissimo
1731 3107 1873 3161 bello
1912 3106 2205 3178 Hispanico
2218 3146 2237 3174 ‚
2265 3109 2433 3180 pluri·

1404 3205 1557 3240 mum
1606 3186 1864 3240 molestiae
1912 3187 2107 3241 attulit.
2133 3219 2219 3230 --·
2249 3188 2435 3242 Gener·

1404 3267 1631 3340 quodam.
1658 3267 1847 3323 Mortis
1873 3267 2133 3338 proponit
2152 3286 2328 3338 genere
2358 3289 2441 3322 eo-

1402 3347 1528 3402 dm.
1560 3347 1685 3402 Non
1714 3347 1885 3410 male,
1910 3345 2005 3400 sed
2050 3347 2183 3402 sine·
2208 3349 2440 3402 auctori·

1403 3439 1510 3482 tate
1520 3467 1535 3482 .
1548 3457 1631 3470 —--
1647 3426 1921 3484 Move-atur.
1944 3424 2035 3478 Ad
2058 3426 2398 3481 imitandum.

1489 3527 1543 3562 2.
1576 3505 1905 3562 Per-turbavit.
1944 3507 2029 3562 Ita
2066 3504 2217 3577 apud.
2256 3524 2441 3564 omnes

1403 3585 1565 3646 codd.
1592 3587 1825 3658 Vulgata
1833 3585 2107 3658 perturbat.
2130 3584 2310 3640 Clark.
2328 3607 2441 3658 per-

1405 3666 1659 3734 turbabat,
1685 3680 1749 3720 ut
1776 3666 1967 3720 melius
1994 3663 2285 3720 concordet
2314 3685 2437 3720 cum

1403 3749 1573 3802 verbo
1599 3746 1843 3820 sequenti
1857 3784 1874 3812 ,
1897 3745 2277 3800 arbitrabantur.
2300 3745 2439 3814 Sed,

1403 3841 1468 3882 ut
1478 3828 1730 3884 observat
1739 3823 2117 3898 Oudendorp„
2128 3826 2286 3898 Angli
2294 3825 2441 3882 docti

1402 3908 1600 3981 passim
1640 3920 1883 3978 tempora
1912 3906 2285 3978 intempestive
2319 3927 2441 3962 mu-

1404 3999 1521 4044 tare
1550 3987 1753 4051 solent,
1776 3998 1841 4040 ut
1878 4005 2003 4040 eum
2030 3987 2222 4059 primis
2263 4007 2439 4060 gram-

1403 4067 1624 4122 matices
1650 4067 1849 4139 regulis
1874 4067 2050 4140 aptius
2066 4068 2436 4127 concilientur.

1405 4151 1480 4204 At
1507 4149 1615 4204 hoe
1639 4148 1763 4207 loeo
1786 4167 1899 4203 non
1928 4165 2143 4204 necesse
2169 4161 2267 4204 est.

1976 4216 2066 4300 54
