3025 5025
507 496 604 582 88

810 513 886 582 c.
942 511 1227 582 sumi
1281 511 1753 614 cAESAms
1808 511 2363 584 COMMENT.

503 638 933 712 Celtiberiam
975 641 1224 713 bellum
1274 643 1641 712 transferre.
1663 629 1709 712 ⁴.
1730 644 1929 728 ‘Huic
1978 642 2271 714 consilio.
2308 638 2645 733 suffraga-

499 747 701 816 batur
725 751 924 818 etiam
954 748 1063 818 illa
1088 776 1224 835 reS‚
1250 749 1431 843 quod
1458 775 1541 818 ex
1566 749 1827 820 duobus
1854 735 2235 820 contrariis⁵
2256 748 2647 844 generibus,

501 878 648 947 quae
687 857 1028 950 superiore
1053 909 1058 914 -
1079 855 1256 925 bello
1301 881 1456 924 cum
1499 859 1577 926 L.
1616 859 1911 926 Sertorio
1948 870 2267 931 steterant
2306 855 2607 930 civitates
2624 903 2649 939 ,

500 963 697 1030 victae
740 987 987 1031 nomen
1026 976 1226 1056 atque
1261 964 1617 1056 imperium
1648 948 1972 1033 absentis⁶
2002 962 2355 1050 timebant3
2388 983 2535 1056 quae
2572 959 2647 1040 in

499 1068 793 1136 amicitia
813 1070 1539 1164 manserant‚Pompeii
1560 1071 1818 1164 magnis
1840 1069 2099 1138 affectae
2125 1068 2463 1139 beneficiis
2486 1090 2644 1134 eum

499 1171 864 1266 diligebant
892 1202 907 1242 :
941 1175 1220 1245 Caesaris
1257 1190 1481 1244 autem
1513 1177 1584 1244 in
1620 1175 1922 1245 barbaris
1950 1190 2103 1245 erat.
2118 1200 2367 1246 nomen
2393 1173 2646 1242 obscu-

496 1281 656 1348 rius.
713 1283 888 1350 Hinc
931 1305 1210 1376 magnos
1253 1284 1585 1375 equitatus
1602 1281 1627 1320 ⁷
1664 1299 2039 1376 magnaque
2081 1281 2320 1352 auxilia
2363 1303 2647 1375 exspec-

498 1386 763 1474 tabant,
791 1402 860 1455 et
890 1389 1022 1456 suis
1060 1386 1221 1456 locis
1255 1387 1502 1457 bellum
1542 1391 1612 1456 in
1648 1388 1936 1458 hiemem
1966 1389 2209 1458 ducere
2240 1387 2645 1482 cogitabant.

499 1493 650 1560 Hoc
692 1494 858 1562 inito
899 1492 1210 1582 consilio,
1239 1507 1382 1564 toto
1417 1494 1693 1562 flumine
1723 1496 1925 1563 Ibero
1963 1519 2167 1563 naves
2208 1495 2646 1588 conquirere,

497 1611 565 1666 et
593 1599 996 1692 Octogesam
1027 1585 1304 1669 adduci⁸
1321 1600 1578 1693 jubent.
1607 1600 1689 1669 Id
1719 1615 1864 1668 erat
1876 1601 2209 1696 'oppidum
2234 1602 2526 1696 positum
2557 1598 2649 1668 ad

496 1701 802 1792 Iberum,
839 1705 1176 1799 milliaque
1214 1731 1529 1800 passuum
1575 1732 1612 1774 a
1658 1710 1889 1776 castris
1933 1707 2166 1776 aberat
2198 1731 2303 1775 xx.
2346 1705 2452 1776 Ad
2488 1729 2646 1774 eum

519 1833 719 1879 ocum
761 1811 1086 1901 fluminiS‚
1131 1813 1413 1884 navibus
1443 1813 1724 1907 junctiS,
1771 1827 2047 1910 pontem
2089 1815 2421 1910 imperant
2460 1811 2645 1900 fieri,

579 2035 633 2092 4.
670 2029 748 2081 Et
761 2032 812 2081 in
842 2029 1148 2083 Celtiberiam
1171 2031 1342 2084 bellum
1364 2043 1525 2084 trans-

481 2109 633 2174 ferre.
677 2110 896 2180 Sapiens
940 2108 1157 2182 quidem
1204 2113 1525 2177 consilium;

490 2201 687 2258 praeter
723 2191 868 2241 enim
907 2209 1112 2256 causas,
1149 2211 1280 2264 quas
1323 2193 1382 2243 in
1419 2193 1525 2244 hoc

491 2267 610 2338 ipso
649 2269 822 2339 capite
861 2271 1040 2323 attulit
1063 2271 1261 2338 Caesar,
1295 2271 1340 2324 si
1367 2271 1523 2324 Afra-

492 2347 614 2400 nius
653 2349 792 2400 ultra
827 2351 1046 2403 Iberum
1083 2369 1207 2404 cum
1247 2353 1525 2416 Varrone,

491 2424 624 2501 duas
653 2427 885 2498 legiones
923 2431 1128 2483 tenenti
1159 2431 1218 2483 in
1248 2429 1525 2485 Lusitania

491 2518 546 2559 et
569 2507 868 2561 Vettonum
892 2529 1020 2581 agro
1045 2505 1068 2573 (
1085 2509 1209 2563 vide
1246 2530 1362 2582 cap.
1403 2511 1474 2563 38
1499 2507 1522 2573 )

489 2586 670 2657 copias
717 2589 974 2659 junxisset
992 2628 1008 2655 ,
1054 2591 1274 2646 Iberum
1329 2590 1524 2650 Caesari

489 2666 800 2737 objiciebat,
827 2671 977 2739 cujus
1003 2668 1240 2722 fluminis
1270 2670 1521 2723 transitus

487 2746 661 2797 multo
679 2748 886 2800 facilius
904 2747 1119 2801 defendi
1136 2762 1310 2821 potest
1324 2787 1341 2815 ,
1359 2768 1525 2819 quam,

486 2824 716 2891 Sicoris3
751 2826 898 2897 quod
929 2829 974 2881 si
1003 2829 1263 2881 Caesarem
1292 2847 1404 2880 non
1443 2848 1523 2880 ar-

485 2922 608 2957 cere
643 2919 818 2975 posset
849 2927 878 2959 a
913 2905 1235 2961 transeundo
1265 2908 1521 2973 flumine,

487 2996 542 3037 at
569 2985 754 3037 saltem
778 3006 901 3039 eum
928 3007 958 3041 a
985 2988 1176 3053 Gallis,
1201 2987 1349 3040 unde
1370 3006 1519 3041 com-

483 3075 692 3117 meatus
734 3078 788 3118 et
829 3068 968 3120 vires
1009 3080 1321 3131 arcesseret,
1373 3087 1519 3119 amo-

486 3144 677 3209 vebat,
736 3158 894 3217 atque
941 3148 1081 3200 inter
1131 3144 1360 3219 populos
1416 3146 1519 3199 sibi

486 3225 685 3277 amicos
709 3239 764 3277 et
783 3227 922 3279 hosti
948 3227 1182 3281 infensos
1203 3227 1403 3279 bellum
1427 3246 1521 3297 pe-

483 3303 778 3357 riculosum
824 3319 877 3359 et
918 3307 1029 3359 alea
1071 3308 1292 3379 plenum
1335 3324 1519 3377 gerere

485 3386 726 3454 cogebat.
755 3385 950 3438 Omnia
985 3406 1146 3453 vere,
1179 3386 1519 3458 quantumvis

485 3462 782 3533 prudenter
829 3468 1151 3538 excogitata,
1195 3466 1347 3517 irrita
1393 3484 1518 3517 eva-

483 3558 745 3609 nuerunt,
765 3558 818 3597 et
834 3548 1055 3619 segnitie
1078 3545 1305 3609 ducum,
1323 3557 1376 3597 et
1401 3546 1518 3597 Cae-

484 3624 616 3675 saris
633 3625 853 3695 peritia,
873 3639 932 3679 ut
947 3628 1089 3679 infra
1106 3624 1287 3679 videre
1304 3624 1486 3678 licebit
1497 3662 1513 3683 ,

482 3697 782 3758 dummodo
824 3706 991 3759 lector
1037 3704 1273 3758 attendat
1319 3717 1515 3775 quanta

481 3801 607 3835 cum
635 3798 745 3839 arte
776 3805 841 3838 eo
869 3787 1159 3857 imperator
1192 3803 1308 3837 rem
1341 3782 1512 3837 dedu-

481 3865 648 3931 xerit,
666 3878 726 3917 ut
742 3906 755 3930 ,
776 3865 926 3919 nulla
948 3882 1170 3917 suorum
1196 3877 1250 3917 et
1273 3864 1511 3919 hostium

475 3944 706 4012 jactura,
731 3944 948 3998 Afranii
979 3956 1032 3997 et
1058 3944 1256 3997 Petreii
1281 3944 1384 3998 iter
1408 3944 1512 3997 im-

479 4023 719 4093 pediret,
750 4040 906 4096 atque
937 4024 1055 4077 illos
1085 4022 1153 4076 ad
1181 4022 1510 4077 deditionem

479 4119 689 4174 cogeret
714 4124 730 4170 3
783 4123 944 4175 quam
997 4122 1114 4157 rem
1167 4105 1511 4178 sequentibus

481 4200 636 4257 capp.
656 4186 918 4239 illustrare
937 4178 1266 4238 conabimur.

1698 2033 1750 2087 5.
1790 2032 2061 2085 Contrariis
2096 2033 2365 2103 gener-ibus.
2395 2034 2645 2098 Quorum

1612 2111 1702 2166 alii
1733 2114 1986 2166 Romanis
2010 2111 2365 2177 adhaeserant,
2399 2112 2489 2164 alii
2515 2129 2645 2164 cum

1611 2192 1850 2245 Sertorio
1878 2204 2149 2246 steterant.
2645 2251 2648 2260 ι

1694 2275 1748 2324 6.
1780 2271 1969 2325 Nomen
1990 2272 2214 2324 absentis.
2230 2270 2355 2323 Scil.
2376 2269 2643 2340 Pompeii.

1611 2352 1855 2404 Davisius
1884 2350 2139 2404 suadebat
2158 2369 2355 2408 nomen
2372 2351 2595 2420 Pompeii
2608 2369 2649 2404 e

1608 2431 1748 2482 linea
1769 2444 2021 2501 sequente
2037 2429 2103 2484 ad
2120 2431 2266 2482 hunc
2282 2430 2461 2482 locum
2473 2442 2645 2484 trans·

1609 2511 1764 2563 ferre.
1786 2509 1891 2563 Sed
1912 2524 2055 2565 recte
2074 2522 2129 2565 et
2155 2512 2421 2580 eleganter
2441 2509 2499 2561 in
2519 2528 2641 2565 sen·
2686 2572 2691 2578 ι

1608 2590 1775 2643 tentia
1810 2592 2123 2655 bimembri,
2155 2608 2354 2643 nomen
2388 2587 2537 2659 quod
2570 2587 2643 2641 ad

1608 2684 1887 2741 utramque
1910 2669 2121 2742 periodi
2143 2682 2350 2741 partem
2370 2669 2641 2739 pertinet,

1606 2751 1665 2803 in
1687 2752 2041 2821 posteriorem
2060 2750 2317 2821 rejicitur.

1689 2850 1745 2899 7.
1769 2830 1983 2899 Magnos
2002 2834 2256 2902 equitatus.
2283 2830 2485 2881 Rarum
2501 2829 2608 2881 hoc
2623 2866 2643 2894 ,

1608 2909 1785 2979 inquit
1797 2911 1975 2975 Voss„
1991 2922 2053 2963 ut
2068 2928 2173 2965 vox
2192 2912 2433 2981 equitatus
2444 2908 2503 2961 in
2514 2908 2640 2979 plu·

1608 2989 1707 3041 rali
1743 3002 2048 3060 usurpetur.
2092 2989 2205 3041 Nec
2225 3001 2449 3053 -tamen,
2488 2986 2641 3041 addit

1608 3068 1787 3127 Davis.
1801 3106 1818 3133 ,
1850 3069 1963 3121 sine
1992 3067 2235 3139 exemplo
2278 3080 2373 3121 est.
2414 3066 2606 3120 Florus
2619 3105 2637 3133 ‚
2704 3104 2709 3109 -

1606 3148 1643 3200 1.
1677 3166 1777 3212 111,
1804 3166 1851 3201 c.
1887 3167 1909 3200 1
1928 3167 1950 3201 1
1968 3186 1983 3206 ,
2016 3152 2047 3203 8
2076 3165 2089 3201 :
2118 3160 2217 3199 tum
2242 3152 2347 3209 ‚sitae
2376 3166 2511 3199 mom
2538 3150 2639 3199 cir-

1607 3228 1813 3293 cumfusi
1826 3228 2031 3299 undique
2046 3225 2285 3301 equitatus
2298 3246 2317 3279 :
2333 3239 2386 3279 et
2407 3228 2640 3298 scriptor

1607 3304 1675 3358 de
1703 3307 1835 3359 Bell.
1865 3307 2018 3379 Hisp.
2035 3326 2113 3375 ,c.
2150 3309 2222 3361 36
2242 3326 2255 3359 :
2266 3306 2564 3378 peditatibus
2590 3318 2643 3362 et

1606 3386 1911 3457 equitatibus.

1688 3468 1742 3519 8.
1770 3467 1931 3521 Nam
1956 3470 2249 3539 conquirere,
2265 3478 2315 3517 et
2342 3466 2636 3535 Octogesam

1605 3546 1798 3599 adduci.
1824 3546 2151 3600 Subauditur
2170 3547 2341 3605 milites
2366 3558 2489 3599 ante
2516 3565 2635 3597 con-

1604 3630 1787 3697 quirere
1805 3646 1825 3681 .·
1848 3624 1941 3679 sed
1970 3626 2215 3681 Ciaccon.
2242 3626 2471 3679 malebat
2492 3644 2637 3677 naves

1602 3710 1835 3778 conquiri.
1874 3708 2081 3759 Durior
2122 3724 2261 3767 sane·
2292 3718 2371 3759 est
2414 3702 2637 3758 Caesaris

1602 3785 1829 3853 locutio,
1858 3786 1985 3839 alibi
2006 3799 2183 3837 tamen
2208 3802 2333 3839 cum
2363 3783 2634 3837 infinitivo

1604 3867 1779 3919 activo
1800 3878 1854 3918 et
1870 3866 2079 3938 passivo
2096 3866 2255 3918 simul
2276 3864 2500 3919 struitur
2511 3883 2635 3917 ver-

1600 3945 1733 3999 bum
1746 3945 1946 4016 jubere,
1978 3958 2039 4001 ut
2066 3964 2153 4017 ap.
2178 3945 2379 3999 Lucan.
2408 3961 2458 4010 1,
2487 3944 2629 4013 589:

1600 4041 1900 4094 Mousti-:jubet
1907 4042 2092 4094 primum,
2102 4053 2189 4094 quae
2196 4038 2311 4079 nullo
2320 4040 2471 4079 nemine
2480 4039 2633 4079 discors

1598 4110 1821 4150 Protulerat
1838 4121 1979 4150 natura
1990 4138 2000 4155 ,
2016 4112 2126 4163 rapi,
2146 4108 2346 4163 sterilique
2360 4107 2549 4147 nefandos

1600 4180 1661 4219 Ex
1678 4190 1787 4219 utero
1806 4181 1923 4221 foetus
1941 4180 2123 4219 infaustis
2141 4193 2255 4229 urere
2271 4178 2452 4218 flammis.
