3025 5025
735 464 883 535 DE
925 465 1281 535 BELLO
1337 468 1717 539 CIVILI.
1775 472 1969 541 LIB.
2024 472 2079 540 I.
2392 474 2489 548 35

347 620 620 667 numero
645 598 736 667 ad
778 601 1112 669 Caesarem
1155 600 1454 669 mittunt:
1509 630 1546 665 α
1594 626 1735 675 sese,
1778 599 2046 697 paratos
2088 630 2229 675 esse
2263 622 2493 703 portas

343 706 594 797 aperire
625 758 645 792 ‚
691 730 971 799 quaeque
1029 708 1462 801 imperaverit
1484 760 1504 794 ‚
1559 706 1815 798 facere,
1870 725 1939 779 et
1991 713 2067 781 L.
2112 715 2493 785 Domitium

345 812 566 881 vivum
611 814 686 879 in
729 812 872 906 ejus
915 828 1313 907 potestatem
1357 814 1638 884 tradere.
1690 824 1727 880 ἡ

445 922 638 987 XXI.
687 919 954 1008 Quibus
988 918 1187 989 rebus
1225 922 1508 1015 cognitis
1541 974 1560 1009 ‚
1602 924 1859 1009 Caesar,
1902 925 2024 992 etsi
2072 930 2297 1021 magni
2340 930 2498 999 inte·
2546 903 2555 920 l

347 1048 516 1095 resse
538 1026 993 1095 arbitrabatur
1021 1078 1040 1115 ‚
1075 1050 1276 1122 quam
1295 1030 1589 1122 primum
1628 1029 1877 1124 oppido
1894 1032 2095 1124 potiri
2121 1086 2140 1119 ‚
2169 1034 2501 1105 cohortes-

347 1156 468 1226 que
501 1132 589 1201 ad
631 1158 702 1203 se
743 1134 812 1201 in
853 1147 1071 1203 castra
1111 1133 1498 1222 traducere,
1525 1160 1609 1204 ne
1660 1160 1792 1231 qua
1840 1151 1957 1206 aut
2007 1136 2465 1232 largitionibus
2481 1196 2501 1230 ,

345 1254 460 1307 aut
503 1241 716 1308 animi
769 1239 1280 1310 confirmatione
1308 1240 1352 1329 ¹,
1395 1256 1512 1310 aut
1548 1241 1727 1311 falsis
1770 1245 2019 1313 nuntiis
2068 1251 2504 1318 commutatio

350 1345 538 1415 fieret
591 1345 955 1415 voluntatis
987 1398 1006 1434 ‚
1047 1347 1228 1441 quod
1289 1372 1462 1443 saepe
1522 1350 1591 1417 in
1647 1349 1822 1418 bello
1870 1353 2093 1444 parvis
2147 1356 2507 1426 momentis

349 1454 572 1547 magni
615 1477 808 1522 casus
841 1454 1330 1523 intercederent
1363 1453 1386 1479 ²
1414 1480 1433 1542 ;

1475 1470 1699 1524 tamen
1761 1459 2013 1526 veritus
2034 1512 2053 1547 ,
2092 1482 2179 1527 ne
2220 1458 2508 1529 militum

347 1559 624 1631 introitu
647 1574 734 1629 -et
785 1562 1098 1631 nocturni
1151 1563 1474 1655 temporis
1530 1560 1793 1631 licentia
1823 1549 1845 1587 ³
1892 1563 2217 1658 oppidum
2264 1565 2508 1660 diripe-

353 1798 604 1853 Domn
633 1795 876 1867 plebeia,
908 1811 938 1846 e
969 1810 1076 1865 qua
1122 1791 1232 1845 duo
1272 1812 1392 1848 sur-

350 1889 482 1950 gimt
527 1876 700 1941 rami3
733 1876 845 1931 scil.
875 1875 1088 1928 Domitii
1112 1872 1394 1927 AEnobarbi

356 1971 402 2010 et
425 1954 639 2010 Domitii
678 1956 888 2009 Caluini.
930 1954 1072 2005 Hinc
1097 1972 1394 2025 cognomen

355 2036 653 2091 AEnobarbi
698 2034 870 2107 gentis
905 2034 1111 2087 auctori
1145 2034 1390 2087 obvenit.

356 2119 539 2183 Quum
553 2113 842 2186 aliquando
853 2126 974 2167 ante
989 2132 1072 2167 an.
1089 2114 1159 2166 U.
1175 2114 1240 2165 C·
1259 2114 1289 2166 5
1301 2114 1330 2166 5
1345 2132 1366 2167 1
1377 2152 1394 2179 ‚

357 2217 479 2251 rure
500 2196 728 2251 domum
743 2207 1100 2248 reverteretur
1115 2231 1132 2259 ,
1152 2210 1396 2245 occurre-

359 2290 486 2331 runt
512 2276 595 2329 illi
611 2274 725 2328 duo
742 2276 963 2347 jurenes
990 2273 1174 2325 formae
1201 2291 1392 2343 augus-

363 2358 540 2423 tioris,
575 2357 766 2410 Castor
789 2367 844 2406 et
871 2354 1061 2407 Pollux
1075 2390 1092 2417 ,
1120 2353 1388 2423 jubentes,

359 2452 419 2491 ut
431 2437 712 2491 nunciaret
721 2434 926 2505 populo
937 2452 1072 2486 rom.
1086 2432 1366 2486 victoriam
1377 2469 1394 2496 ,

361 2539 476 2591 quae
517 2517 699 2571 adhuc
745 2515 1121 2586 ignorabatur:
1145 2525 1199 2565 at
1227 2531 1396 2584 quum

362 2619 470 2652 non
485 2595 732 2652 crederet
745 2633 760 2660 ,
785 2595 1006 2647 barbam
1020 2597 1132 2665 ejus
1151 2593 1397 2644 manibus

361 2679 760 2741 demulserunt,
798 2693 916 2746 quae
943 2674 1009 2726 e'x
1044 2675 1222 2737 fusca,
1261 2671 1398 2724 flava

257 2789 266 2799 ·
361 2761 538 2814 subito
579 2758 718 2810 sacta
757 2766 834 2808 est
853 2793 870 2819 ‚
896 2752 1040 2806 unde
1079 2752 1398 2806 AEmbarbus

363 2837 676 2912 appellatus.
702 2833 865 2901 Quod
893 2833 1092 2886 factum
1116 2833 1400 2885 confirmat

362 2937 614 2972 nummus
653 2929 934 2988 argenteus
965 2913 1129 2986 primi
1159 2911 1398 2978 moduli,

363 3003 512 3071 cujus
530 2997 708 3052 antica
723 3014 846 3068 pars
865 2995 1026 3046 offert
1039 3005 1198 3065 caput
1215 2993 1399 3044 Romae

365 3081 653 3150 galeatum,
675 3075 879 3148 postica
909 3091 1038 3127 vero
1057 3073 1179 3125 CN.
1200 3071 1318 3124 DO.
1345 3084 1399 3124 et

367 3161 423 3212 in
465 3161 578 3212 imo
628 3159 834 3221 Romu
870 3166 922 3207 et
972 3153 1253 3206 ascribitur
1300 3152 1399 3204 iste

365 3257 617 3293 nummus
657 3236 748 3289 illi·
785 3235 954 3289 Cneio
1000 3232 1240 3284 Domitio
1253 3269 1269 3297 ,
1303 3232 1400 3302 qui

366 3320 570 3392 primus
613 3316 788 3389 gentis
827 3313 968 3367 illius
1009 3311 1400 3383 magistratibus

366 3399 676 3452 honestatus
717 3409 826 3460 est;
861 3391 975 3447 scil.
1022 3404 1254 3464 quaestor
1299 3392 1402 3444 fuit

367 3497 489 3534 ann.
509 3479 619 3533 551
636 3514 655 3542 ‚
673 3477 798 3530 trib.
817 3475 893 3546 pl.
917 3473 1028 3526 555
1043 3511 1060 3537 ,
1078 3470 1246 3524 aedilis
1265 3471 1397 3541 557,

369 3573 564 3631 prator
585 3557 616 3611 5
627 3557 657 3610 5
666 3575 698 3626 9
711 3594 729 3622 ,
745 3554 932 3609 consul
945 3570 1071 3606 cum
1089 3553 1151 3604 L.
1172 3551 1400 3617 Quintio

369 3639 661 3702 Flaminio,
693 3635 764 3689 56
778 3653 800 3688 1
813 3675 826 3688 .
869 3633 1054 3687 Nostri
1078 3643 1256 3684 autem
1288 3632 1398 3682 Do·

370 3719 533 3786 mitii,
553 3717 708 3789 eujus
725 3728 1038 3788 praenomen
1055 3723 1178 3765 erat.
1188 3713 1364 3764 Lucius
1377 3748 1394 3772 ,

369 3800 679 3870 nulla,quae
699 3795 944 3848 noverim
959 3831 976 3859 ‚
1007 3805 1188 3847 extant
1207 3809 1402 3843 monu-

369 3892 571 3946 menta,
593 3877 706 3932 sive
730 3893 882 3940 cusa,
909 3873 1020 3928 sive
1039 3890 1308 3925 marmore
1327 3870 1407 3922 in-

369 3959 501 4023 cisa,
528 3956 626 4012 sed
653 3954 954 4022 honorifice
979 3952 1049 4007 de
1071 3972 1136 4006 eo
1157 3953 1406 4004 Lucanus

370 4039 635 4113 loquitur,
663 4036 763 4110 qui
793 4035 975 4086 omnia
1003 4032 1073 4086 ad
1103 4029 1409 4086 Corfinium

371 4134 512 4191 gesta
523 4115 855 4182 memorat,l.
873 4133 939 4179 11,
951 4131 1005 4168 v.
1023 4121 1092 4186 47
1102 4115 1134 4168 8
1151 4125 1205 4168 et
1219 4129 1366 4182 seqq.

1533 1800 1587 1841 At
1605 1812 1645 1841 te
1670 1802 1822 1842 Corfini
1846 1802 1983 1844 validis
2008 1804 2249 1845 circumdata
2274 1808 2402 1847 muri·

1532 1872 1651 1913 Tect-
1668 1882 1827 1923 tenent,
1844 1888 2003 1927 pugnax
2020 1874 2171 1915 Domiti
2192 1891 2205 1915 a
2234 1885 2310 1917 ete.

1563 1956 1693 2008 Cu’.
1710 1956 1863 2009 XXI.
1887 1974 1909 2009 1
1922 1997 1936 2009 .
1954 1956 2126 2011 Animi
2139 1956 2515 2028 confirmatione.

1480 2036 1636 2087 Tunc
1648 2036 1811 2088 animi
1826 2037 2230 2102 confirmantur,
2244 2056 2413 2109 quum
2428 2037 2518 2091 de-

1476 2117 1645 2186 jectos
1673 2126 1918 2168 recreant
1946 2118 2265 2187 eriguntque
2290 2118 2379 2170 ve}
2400 2136 2517 2189 spes

1481 2214 1663 2259 novae,
1696 2195 1781 2247 vel
1827 2196 2087 2267 gravioris
2129 2196 2235 2249 viri
2278 2195 2421 2250 dicta
2464 2212 2519 2251 et

1481 2275 1732 2341 consilia;
1762 2288 1822 2326 ut
1862 2276 2037 2329 Caesar
2080 2276 2195 2347 ipse
2236 2276 2518 2329 Gallorum

1484 2354 1689 2419 animos
1731 2355 1910 2408 verbis
1951 2355 2318 2421 confirmavit;
2356 2357 2454 2409 lib.
2491 2358 2519 2409 1

1482 2436 1547 2487 B.
1574 2434 1644 2487 G.
1661 2432 1805 2499 [33.
1836 2436 2005 2487 Acuta
2034 2435 2195 2487 nimis
2223 2448 2301 2488 est
2332 2454 2521 2488 eorum
2580 2456 2587 2465 ·

1483 2515 1742 2568 sententia
1756 2514 1895 2608 ,ᾚιιί
1926 2511 2211 2580 dixerunt,
2234 2516 2335 2568 hac
2372 2520 2521 2569 anima·

1483 2593 1843 2662 confirmatione
1894 2593 2182 2664 significari
2239 2607 2521 2650 contuma-

1483 2675 1623 2727 ciam
1674 2691 1861 2725 eorum
1876 2709 1891 2737 ,
1922 2674 2117 2744 quibus
2166 2671 2521 2729 deliberatum

1483 2754 1757 2826 fixumque
1796 2755 1898 2806 fuit
1914 2792 1930 2818 ‚
1961 2753 2174 2806 vincere
2190 2793 2207 2821 ,
2239 2767 2333 2808 aut
2360 2758 2517 2810 mori.

1572 2855 1623 2888 α.
1654 2835 2023 2888 Intercedemnt.
2059 2832 2345 2888 Interdum
2384 2831 2535 2890 acci—⁸

1483 2913 1674 2968 derent
1688 2953 1703 2980 ‚
1735 2916 2034 2969 evenirent:

1522 3023 1531 3032 .
1549 3023 1559 3032 .
1580 2994 1623 3033 Si
1641 2993 1749 3040 nulla
1766 2993 1953 3044 ahgi-itudo
1971 2992 2065 3032 huic
2082 2993 2223 3045 gaudio
2242 2995 2523 3034 intercesserit.

1485 3067 1610 3120 Ter.
1632 3065 1801 3119 Andr.
1820 3080 1917 3126 act.
1933 3084 2069 3131 v‚sc.
2096 3067 2125 3118 5
2139 3103 2156 3131 ,
2172 3086 2225 3119 v.
2246 3066 2297 3119 5.
2310 3067 2405 3120 «In
2420 3069 2524 3120 rei-

1485 3147 1715 3218 publicae
1745 3147 1987 3218 partibus
2014 3143 2271 3198 dissensio
2302 3147 2525 3200 interce-

1487 3226 1587 3280 dit.
1612 3253 1633 3274 »
1670 3227 1783 3281 Cic.
1807 3225 1875 3279 de
1896 3225 2155 3290 amicitia,
2178 3245 2225 3282 c.
2254 3245 2281 3278 ο
2298 3245 2344 3278 1.
2370 3227 2525 3279 Hanc

1489 3307 1709 3360 Caesaris
1742 3300 2055 3377 opinionem
2084 3305 2379 3375 magnificis
2408 3325 2523 3360 car·

1486 3387 1725 3440 minibus
1758 3386 2015 3458 explicuit
2058 3397 2203 3436 vates
2232 3402 2358 3438 vere
2389 3385 2523 3438 Tra·

1487 3469 1633 3538 gicus
1647 3505 1663 3531 ‚
1689 3467 1782 3538 qui
1803 3467 2064 3520 Caesarem
2082 3464 2247 3516 animi
2268 3464 2525 3519 interiora

1487 3549 1564 3600 sic
1590 3543 1883 3600 nudantem
1897 3584 1913 3612 ‚
1947 3547 2003 3598 in
2034 3562 2247 3596 scenam
2278 3541 2525 3598 induxit:

1475 3641 1513 3680 ..1
1518 3641 1567 3681 'ti
1584 3642 1690 3680 servi
1701 3669 1713 3690 ,
1728 3640 1977 3686 commende,
1992 3639 2135 3676 vnincu
2154 3646 2345 3689 quar-nte
2360 3639 2523 3686 ιιιιιόεις

1488 3713 1555 3754 Du
1576 3713 1719 3754 moade
1738 3721 1847 3756 entre
1860 3725 1942 3751 mes
1962 3710 2089 3748 min·
2098 3710 2169 3760 fni
2184 3721 2237 3748 vu
2248 3708 2305 3748 les
2318 3710 2527 3758 destinata

1489 3783 1545 3824 Et
1555 3784 1623 3836 sai
1642 3783 1821 3834 tcujours
1836 3795 1967 3820 connu
1984 3779 2102 3834 qu’en
2118 3778 2269 3832 chaque
2283 3779 2529 3828 evenenerit,

1492 3855 1550 3896 Le
1568 3856 1699 3894 destin
1718 3855 1787 3892 <les
1805 3854 1903 3891 etnts
1922 3852 2131 3904 dependait
2148 3851 2243 3892 d’uu
2265 3862 2454 3891 moment.

1742 3931 1871 3970 Von.
1885 3958 1897 3978 ,
1916 3937 2019 3968 mort
2036 3930 2085 3968 de
2100 3929 2245 3978 cesam
2264 3939 2337 3968 act.
2360 3943 2396 3981 1,
2416 3944 2467 3970 sc.
2492 3945 2527 3968 1.

1582 4024 1635 4078 3.
1670 4023 1724 4075 E
1727 4034 1750 4072 t
1788 4019 2009 4074 nocturni
2050 4025 2271 4092 tempori-5
2316 4021 2526 4075 licentia.

1477 4103 1745 4161 ‚ciaccom
1778 4107 1831 4156 in
1857 4114 1983 4156 noct.
2014 4113 2155 4178 temp.
2189 4102 2401 4178 lieentia.
2429 4101 2529 4154 Da·

2081 4223 2162 4294 3.
