3025 5025
625 511 760 579 DE
814 509 1162 577 BELLo
1220 510 1593 579 civim.
1650 486 1838 577 ΜΒ.
1895 510 2047 578 111.
2246 513 2391 611 267

255 656 443 737 atque
475 644 864 729 ostentavit3
884 666 1040 709 nam
1069 657 1224 711 ante
1257 642 1325 710 id
1360 656 1624 736 tempus
1652 666 1885 730 nemo,
1906 658 2022 712 aut
2038 643 2255 732 miles,
2283 662 2399 715 aut

253 773 445 843 eques
463 803 483 838 ‚
505 774 540 817 a
559 752 822 819 Caesare
843 748 928 818 ad
948 751 1338 844 Pompeium
1365 752 1721 819 transierat
1737 803 1756 837 ‚
1778 774 1987 843 quum
2016 776 2203 845 paene
2234 780 2399 847 quo-

253 854 401 925 tidie
425 880 468 924 a
495 856 810 951 Pompeio
849 856 934 923 ad
967 859 1301 925 Caesarem
1329 855 1761 951 perfugerent
1780 911 1799 944 ‚
1836 855 2041 951 vulgo
2076 884 2239 928 vero
2262 863 2401 928 uni·

251 962 452 1031 versi²
487 966 553 1031 in
579 965 791 1058 Epiro
832 977 1028 1057 atque
1049 962 1294 1032 AEtolia
1329 964 1695 1056 conscripti
1730 963 2006 1051 milites,
2036 990 2398 1060 earumque

253 1072 596 1163 regionum
637 1071 979 1157 omnium,
1022 1095 1168 1163 quae
1221 1094 1262 1138 a
1317 1073 1584 1163 Caesare
1629 1070 2044 1139 tenebantur.
2104 1073 2235 1139 Sed
2284 1073 2399 1157 hi,

253 1178 526 1270 cognitis
574 1178 884 1245 omnibus
927 1176 1128 1245 rebus
1151 1161 1199 1263 ³,
1246 1201 1362 1245 seu
1397 1176 1558 1271 quid
1602 1177 1670 1244 in
1712 1178 2195 1247 munitionibus
2248 1205 2399 1274 per-

253 1282 496 1363 fectum
522 1308 661 1352 non
689 1298 867 1366 erat,
896 1308 1012 1351 seu
1045 1283 1207 1377 quid
1241 1308 1282 1353 a
1321 1283 1744 1377 peritioribus
1780 1286 1876 1351 rei
1903 1280 2203 1353 militaris
2242 1286 2405 1354 desi·

254 1388 462 1457 derari
479 1379 862 1475 videbatur,
884 1390 1424 1484 temporibusque
1445 1414 1670 1458 rerum
1684 1444 1703 1477 ‚
1726 1404 1795 1459 et
1812 1392 2037 1485 spatiis
2066 1390 2365 1461 locorum
2382 1447 2401 1481 ‚

255 1509 314 1563 et
340 1496 801 1565 custodiarum
816 1498 1011 1596 ‘varia
1047 1495 1382 1591 diligentia
1418 1496 1883 1565 animadversa
1904 1552 1921 1585 ,
1951 1513 2153 1590 prout
2193 1500 2404 1591 cujus·

257 1627 374 1695 que
402 1627 672 1704 eorum,
699 1599 814 1697 qui
839 1604 1119 1696 negotiis
1148 1617 1508 1697 praeerant,
1530 1618 1646 1671 aut
1672 1618 1940 1691 natura,
1962 1619 2078 1673 aut
2106 1605 2400 1675 studium

255 1708 530 1797 ferebat,
567 1710 712 1779 ha'ec
755 1709 840 1776 ad
877 1711 1269 1804 Pompeium
1309 1711 1536 1778 omnia
1580 1707 1971 1778 detulerant.

352 1817 572 1885 LXII.
607 1816 871 1904 Quibus
894 1814 1003 1884 ille
1027 1818 1338 1909 cognitiS‚
1359 1817 1855 1909 eruptionisque
1868 1818 2007 1910 jam
2033 1832 2187 1886 ante
2206 1833 2404 1912 capto

259 1921 527 1990 consilio
553 1977 574 2011 ‚
615 1936 695 1991 ut
731 1921 1264 1991 demonstratum
1307 1937 1404 1990 est
1429 1976 1448 2009 ‚
1489 1925 1852 2017 tegimenta
1898 1922 2135 2017 galeis¹
2162 1925 2405 1995 milites

257 2052 330 2119 ex
367 2029 732 2098 viminibus
788 2028 1005 2098 facere
1035 2082 1054 2116 ‚
1101 2043 1298 2123 atque
1349 2054 1663 2123 aggerem
1724 2046 2147 2125 comportare
2191 2031 2401 2123 jubet.

258 2136 368 2203 His
409 2138 661 2230 paratis
701 2135 902 2204 rebus
923 2189 942 2222 ‚
986 2124 1307 2229 magnum
1347 2160 1704 2204 numerum
1743 2135 1907 2206 levis
1945 2153 2299 2207 armaturae
2340 2154 2408 2206 et

257 2243 746 2336 sagittariorum
769 2297 788 2329 ,
837 2259 1282 2337 'aggeremque
1327 2266 1599 2333 omnem
1642 2257 1848 2310 noctu
1890 2246 1955 2311 in
2012 2245 2294 2339 scaphas
2341 2260 2409 2313 et

257 2373 453 2418 naves
483 2348 814 2417 actuarias
849 2351 1135 2444 im‘ponit
1156 2402 1175 2435 ‚
1213 2363 1281 2417 et
1309 2347 1392 2416 de
1429 2348 1649 2418 media
1688 2364 1889 2419 nocte
1910 2351 2229 2419 cohortes
2249 2354 2407 2437 LX,

255 2551 416 2603 Lauta
471 2550 841 2622 suppellectile
897 2562 952 2602 et
997 2547 1284 2622 splendido
1373 2550 1500 2602 tolie.
1528 2549 1633 2614 Sic,
1650 2550 1744 2601 lib.
1770 2567 1821 2614 1,
1841 2551 1905 2602 B.
1924 2549 2021 2615 G..,
2038 2569 2087 2602 c.
2110 2551 2180 2619 39
2201 2570 2213 2603 :
2236 2553 2405 2621 Vulgo

258 2632 446 2684 viatico
475 2631 742 2684 instructi.

336 2732 385 2765 α.
406 2712 582 2781 Vulgo
603 2731 722 2762 vero
739 2715 960 2763 universi.
989 2711 1072 2762 Ita
1099 2729 1284 2762 omnes

258 2789 408 2844 codd.
437 2791 634 2844 Nescio
661 2809 784 2855 cur,
816 2790 922 2843 hoc
951 2791 1072 2843 loco
1090 2829 1105 2855 ,
1125 2791 1287 2842 inter-

258 2873 494 2941 pretibus
531 2869 717 2924 videre
751 2870 1012 2942 placuerit
1040 2872 1285 2942 pleonas-

259 2970 402 3004 mum
432 2953 720 3023 ingratum.
748 2949 911 3003 Unde
935 2951 1026 3002 alii
1059 2951 1285 3002 alterum

263 3045 348 3085 aut
393 3033 624 3085 alterum
663 3049 730 3083 ex
777 3031 862 3083 his
907 3031 1087 3082 verbis
1117 3029 1288 3082 deleri

258 3113 472 3183 jubent:
498 3112 590 3164 alii
613 3123 796 3163 contra
825 3111 1054 3182 probare
1083 3123 1288 3164 tentant

262 3193 516 3264 exemplis
523 3191 826 3264 desumptis
841 3211 872 3243 e
889 3189 1112 3243 diversis
1125 3191 1290 3262 scrip-

263 3275 464 3326 toribus
480 3311 498 3338 ,
521 3272 692 3326 veluti
727 3289 792 3324 ex
823 3271 1000 3324 Plauti
1037 3271 1284 3323 Tri-num.

263 3372 343 3417 lv,
377 3354 406 3406 3
422 3392 439 3419 ‚
467 3354 572 3421 39,
605 3352 820 3403 omnibus
848 3355 1106 3413 >universim
1131 3349 1288 3416 ibid„

269 3452 316 3497 1,
351 3453 380 3485 τι
399 3472 415 3498 ,
443 3452 468 3486 1
486 3434 556 3495 34
570 3470 586 3498 ,
601 3452 798 3501 gregem
819 3436 1084 3486 universum
1105 3443 1254 3482 totum
1268 3452 1290 3493 ‚·

263 3511 476 3566 Terent.
499 3511 639 3564 And.
660 3529 726 3578 ιι,
747 3533 799 3577 2,
825 3532 923 3576 10,
937 3513 1117 3564 Hercle
1136 3524 1288 3573 certe,-

264 3611 374 3662 quae
419 3592 665 3663 exernpla
705 3593 782 3644 ni‘l
824 3593 1028 3646 facituit
1057 3591 1124 3644 ad
1151 3609 1286 3644 rem.

266 3673 433 3727 Caesar
451 3673 602 3725 enim
629 3670 762 3725 dicit
780 3691 954 3743 :poene
972 3673 1182 3744 quotidie
1205 3675 1291 3722 mi·-

265 3752 365 3804 lites
401 3771 720 3826 quoscumque
766 3758 967 3804 transire
999 3773 1034 3804 a
1059 3753 1290 3822 Pompeio

266 3833 333 3883 ad
357 3835 630 3896 cenarem,-
655 3844 708 3886 et
733 3831 882 3886 addit
904 3834 1057 3902 vulgo
1073 3827 1093 3894 (
1108 3831 1292 3883 adver-

267 3912 474 3967 bialiter
505 3914 746 3985 positum
763 3911 803 3979 )‚
814 3917 1084 3984 praecipue,
1112 3911 1292 3980 utplu-

267 3996 431 4046 rimum
447 4033 462 4056 ,
503 4013 664 4045 omnes
711 3999 798 4066 qui
841 3997 891 4046 in
936 3995 1098 4063 Epir-o
1147 4001 1290 4064 atque

267 4073 342 4124 AE
345 4076 414 4125 tol
416 4078 466 4126 ia
477 4077 732 4144 conscripti
743 4095 762 4127 .·
770 4075 1169 4144 principalement
1185 4085 1290 4150 mgis

269 4153 330 4204 les
354 4155 539 4206 soldats
572 4156 690 4209 [σφεῖς
722 4155 844 4206 dans
871 4139 1068 4224 l’E'pire
1097 4165 1146 4203 et
1169 4152 1288 4202 l’E-

1374 2632 1486 2681 totis
1501 2632 1673 2680 castr-is
1694 2641 1977 2680 testamenta
1996 2631 2402 2699 obsignabantur,-

1371 2721 1425 2761 et
1457 2709 1597 2762 libro
1623 2726 1670 2760 11
1683 2726 1769 2773 ·‚c.
1808 2727 1863 2761 1:
1886 2711 2039 2780 vulgo
2078 2729 2230 2779 regna
2262 2732 2403 2763 occu-

1364 2789 1637 2859 pabantur,
1671 2801 1727 2840 et
1746 2789 1891 2841 alibi.

1456 2869 1508 2921 3.
1530 2868 1634 2920 Sed
1652 2869 1727 2929 ki,
1754 2873 1961 2938 cognitis
1996 2870 2210 2922 omnibus
2246 2872 2401 2924 rebus.
2473 2861 2487 2868 “

1373 2950 1504 3014 Quoe
1534 2949 1592 3000 in
1626 2949 1847 3001 C'aesaris
1868 2951 2056 3002 castris
2078 2951 2294 3005 fiebant.
2324 2984 2405 2994 -—-

1381 3029 1691 3100 Temporibus
1716 3049 1887 3082 rerum.
1924 3031 2191 3102 Tempora
2217 3051 2400 3084 rerum

1374 3122 1502 3162 suut
1550 3109 1978 3181 opportunitates
1998 3148 2014 3174 ,
2060 3112 2363 3164 occasiones
2390 3153 2405 3178 ,

1374 3207 1493 3261 quae
1524 3191 1659 3242 tanti
1690 3202 1816 3242 sunt
1843 3191 1903 3242 in
1944 3189 2097 3243 bessis
2142 3193 2403 3264 quibusli·
2457 3212 2462 3216 ·

1373 3271 1464 3322 bet
1477 3308 1494 3334 ,
1523 3269 1819 3341 prasertim
1840 3271 2093 3324 civilibus
2104 3308 2122 3336 ‚
2136 3273 2407 3344 pretii.—

1377 3351 1537 3402 Varia
1572 3351 1844 3420 diligentia.
1879 3353 1962 3403 Ita
1990 3352 2183 3423 optimi
2210 3351 2369 3404 codd.
2388 3390 2403 3416 ,

1379 3443 1432 3483 et
1459 3443 1641 3483 noster
1670 3431 1841 3500 5768.
1875 3431 1984 3483 Alii
2012 3445 2298 3502 corrupte,
2320 3437 2405 3481 ‘m‘-

1375 3513 1452 3562 ria
1466 3548 1483 3577 ,
1509 3511 1626 3563 sine
1646 3529 1805 3564 sensu
1822 3528 1839 3560 t
1858 3510 2005 3563 unde
2032 3513 2255 3564 Vossius
2274 3531 2402 3564 con-

1371 3591 1499 3662 jecit
1515 3629 1531 3657 ,
1568 3591 1784 3652 vir-ibus,
1828 3590 1975 3662 quod
2020 3591 2077 3646 in
2114 3591 2405 3644 Petaviano

1375 3683 1430 3724 et
1458 3669 1579 3723 cod.
1612 3671 1830 3724 Norvic.
1871 3671 2093 3741 legitur,
2110 3683 2167 3722 et
2198 3671 2277 3723 rei
2310 3691 2403 3742 ap-

1375 3751 1641 3804 tissimum
1681 3763 1778 3802 est.
1826 3749 2037 3802 Idcirco
2084 3752 2407 3805 recentiores

1375 3844 1498 3902 post
1521 3831 1827 3895 Clarkium,
1847 3831 1928 3880 De
1950 3831 2039 3883 W
2030 3830 2170 3901 ailly,
2198 3844 2253 3884 et
2276 3833 2405 3884 Tur-

1367 3913 1462 3981 pin
1475 3910 1537 3960 de
1556 3909 1739 3974 Cnsse,
1758 3909 1958 3980 'aliique
1980 3925 2313 3982 receperunt.

1459 3989 1589 4043 CAP-
1604 3990 1776 4042 LXII.
1792 4009 1830 4042 x1
1843 4030 1856 4042 .
1881 3992 1931 4042 T
1925 3994 2162 4060 egimenta
2174 3993 2407 4062 galeis....

1377 4091 1437 4121 ex
1463 4070 1723 4121 viminibus
1738 4071 1921 4137 sacer-e.
1946 4068 2032 4122 Ad
2053 4091 2219 4143 quem
2249 4091 2405 4126 usum

1379 4149 1551 4222 capite
1582 4149 1823 4221 sequenti
1852 4149 2077 4204 dicetur.
