3025 5025
976 481 1558 553 AFRICANo.
2193 448 2336 580 567

216 616 445 695 erecta„
480 604 898 699 vibrantique
924 605 1209 675 stridore
1249 607 1910 699 maximo-premeret
1943 617 2143 700 atque
2187 632 2342 677 ene-

142 786 149 790 ,
216 725 407 798 caret;
428 711 611 781 miles
648 713 756 781 hic
800 738 939 782 non
977 715 1199 807 potuit
1234 714 1407 806 pati,
1436 714 1598 805 quin
1635 736 1705 780 se
1743 726 2075 781 armatum
2115 712 2342 783 bestiae

213 816 474 887 offerret.
536 822 759 909 Quem
814 834 1168 913 postquam
1220 817 1614 913 elephantus
1659 816 1745 887 ad
1803 843 1872 887 se
1918 817 2051 887 telo
2101 820 2342 891 infesto

212 927 412 993 venire
444 926 941 1013 animadvertit,
974 926 1205 995 relicto
1243 925 1606 1011 cadavere,
1637 924 1916 995 militem
1945 925 2343 1047 proboscide

212 1030 549 1101 circumdat
566 1048 809 1128 ,atque
840 1035 909 1101 in
937 1032 1217 1103 sublime
1246 1031 1501 1103 extollit
1529 1046 1902 1101 armatum:
1934 1033 2140 1126 quiin
2169 1034 2312 1126 ejus

212 1136 369 1205 modi
430 1139 727 1234 periculo
772 1164 977 1233 quum
1032 1154 1415 1209 constanter
1468 1138 1804 1235 agendum
1866 1138 1993 1207 sibi
2039 1139 2344 1228 videret,

212 1239 407 1334 gladio
428 1246 931 1340 proboscidem,
952 1270 1086 1341 qua
1117 1260 1261 1327 erat
1289 1243 1774 1315 circumdatus²
1783 1298 1804 1331 ,
1826 1244 2079 1315 caedere
2095 1298 2116 1331 ,
2133 1271 2342 1341 quan·

118 1436 120 1441 .
212 1360 334 1417 tum
377 1354 629 1423 viribus
676 1368 974 1448 poterat,
1018 1378 1157 1421 non
1223 1353 1522 1423 destitit:
1567 1377 1703 1445 quo
1741 1351 1973 1421 dolore
2017 1352 2346 1423 adductus

209 1452 608 1549 elephantus,
636 1458 842 1529 milite
872 1460 1162 1553 abjecto,
1192 1461 1488 1528 maximo
1517 1483 1672 1527 cum
1699 1458 1982 1527 stridore
2013 1483 2345 1555 cursuque

208 1583 545 1637 conversus
586 1566 673 1637 ad
716 1565 999 1659 reliquas
1037 1566 1281 1635 bestias
1318 1590 1387 1635 se
1426 1566 1695 1659 recepit.

296 1662 634 1743 LXXXV.
693 1674 970 1743 Interim
1007 1672 1277 1766 Thapso
1322 1673 1435 1767 qui
1480 1686 1675 1741 erant
1715 1671 2024 1766 praesidio
2044 1725 2064 1760 ,
2103 1698 2184 1741 ex
2221 1698 2341 1767 op-

205 1775 341 1867 pido
376 1782 795 1875 eruptionem
837 1794 1033 1875 porta
1074 1780 1412 1849 maritima
1451 1778 1736 1865 faciunt,
1775 1792 1876 1866 et,
1920 1779 2058 1849 sive
2095 1793 2171 1847 ut
2207 1780 2342 1849 suis

205 1882 475 1957 subsidio
516 1902 951 1956 occurrerent
972 1940 995 1973 ,
1048 1887 1185 1956 sive
1228 1901 1305 1956 ut
1322 1940 1342 1973 ,
1386 1883 1638 1980 oppido
1679 1884 1981 1973 deserte,
2025 1885 2188 1981 fuga
2229 1910 2341 1955 sa·-

204 1984 387 2061 lutem
435 1995 561 2063 sibi
611 2008 929 2087 pararent
951 1992 996 2082 ¹,
1052 1993 1532 2089 egrediuntur3
1579 2007 1780 2087 atque
1841 1994 1936 2061 ita
1987 2017 2109 2089 per
2156 2018 2341 2063 mare

202 2097 475 2169 umbilici
524 2100 660 2169 fine
712 2101 987 2196 ingressi
1018 2155 1037 2188 ,
1087 2116 1335 2169 terram
1387 2099 1707 2194 petebant
1749 2125 1764 2167 ε
1813 2101 1928 2192 qui
1969 2124 2008 2167 a
2057 2102 2337 2169 servitiis

200 2206 567 2302 puerisque,
604 2209 719 2301 qui
760 2209 828 2274 in
873 2209 1106 2277 castris
1142 2221 1373 2294 erant,
1417 2206 1752 2300 lapidibus
1794 2205 2074 2301 pilisque
2113 2207 2336 2302 prohi-

185 2307 305 2377 biti
351 2328 598 2385 terram
642 2316 967 2409 attingere
988 2367 1008 2399 ,
1049 2338 1279 2381 rursus
1323 2338 1393 2383 se
1434 2314 1503 2381 in
1549 2310 1872 2406 oppidum
1918 2328 2332 2407 receperunt.

196 2414 454 2489 Interim
494 2422 821 2516 Scipionis
861 2422 1069 2517 copiis
1098 2422 1483 2515 prostratis,
1515 2420 1895 2515 passimque
1923 2432 2066 2487 toto
2099 2444 2339 2515 campo

172 2520 615 2618 ¹fugientibus,
640 2528 989 2598 confestim
1018 2529 1299 2597 Caesaris
1323 2526 1616 2622 legiones
1639 2527 1991 2620 consequi,
2017 2529 2340 2621 spatium-

194 2651 309 2720 que
344 2658 413 2702 se
453 2661 595 2704 non
639 2634 800 2702 dare
842 2634 1211 2729 colligendi.
1250 2635 1387 2723 Qui
1430 2649 1788 2728 postquam
1826 2633 1910 2701 ad
1955 2657 2033 2701 ea
2078 2647 2296 2703 castra
2318 2687 2337 2720 ,

192 2759 325 2830 quae
364 2741 719 2836 petebant,
780 2737 1255 2835 perfugerunt,
1314 2754 1392 2810 ut
1422 2793 1442 2827 ,
1487 2739 1752 2808 refectis
1793 2741 2028 2808 castris
2047 2794 2066 2828 ,
2108 2765 2336 2809 rursus

192 2865 318 2912 sese
354 2847 834 2936 defenderent,
878 2848 1120 2917 ducem
1166 2846 1451 2966 aliquem
1501 2843 1886 2944 requirunt'
1894 2900 1913 2934 ,
1955 2871 2154 2940 quern
2201 2871 2335 2917 res-

191 2951 508 3044 picerent,
546 2954 737 3047 cujus
770 2957 1165 3023 auctoritate
1200 2955 1616 3084 imperioque
1655 2976 1796 3021 rem
1837 2969 2164 3047 gererent.
2199 2955 2338 3042 Qui

186 3074 535 3156 postquam
586 3045 1257 3146 ειηέιηεᾶνεηοιυηῐ3,
1291 3062 1624 3129 neminem
1671 3084 1812 3128 esse
1857 3060 1944 3128 ibi
1993 3061 2300 3156 praesidio
2320 3115 2338 3148 ,

188 3169 519 3258 protinuS,
542 3167 742 3238 armis
764 3165 1071 3261 abjectis,
1098 3170 1169 3236 in
1196 3167 1378 3263 regia
1401 3182 1619 3237 castra
1643 3165 1875 3262 fugere
1903 3167 2334 3236 contendunt.

185 3357 403 3414 latinum
440 3373 538 3414 est.
568 3391 653 3404 ·--
676 3360 954 3414 Armatam.
996 3361 1102 3415 Alii
1125 3381 1212 3412 ar-
1387 3379 1415 3413 2
1428 3398 1440 3411 .
1487 3359 1674 3412 Ducem
1705 3362 1968 3431 requirunt.
2014 3360 2152 3414 Nam
2184 3361 2336 3413 Afra-

188 3451 335 3492 matue
350 3460 372 3502 ,-
399 3439 627 3512 perinde
659 3453 753 3494 εει.
1300 3440 1421 3492 nius
1434 3477 1453 3506 ,
1474 3438 1654 3510 Scipio
1673 3451 1728 3491 et
1747 3439 1837 3492 alii
1852 3440 2187 3510 aufugerant.
2202 3441 2333 3512 Cap.

265 3540 314 3572 τι.
357 3521 481 3590 Qua
524 3532 634 3572 erat
668 3521 1005 3574 amandatus.
1048 3521 1209 3574 Bene.
1305 3539 1399 3589 91,
1428 3524 1501 3589 96
1521 3539 1537 3584 3
1557 3519 1662 3572 Dio
1679 3520 1846 3584 Cass„
1867 3537 2040 3584 xmn,
2068 3540 2122 3588 9,
2145 3537 2231 3572 ιο.
2253 3521 2332 3573 Μ.

185 3593 430 3654 Refertur
460 3599 531 3654 ad
549 3599 939 3672 proboscidem.
970 3601 1079 3652 Alii
1094 3617 1210 3673 quo.
1385 3602 1437 3656 3.
1484 3600 1592 3670 Qui
1612 3612 1870 3671 postquam
1900 3600 2336 3654 animadverterunt

262 3679 393 3734 Cn.
418 3681 705 3734 LXXXV,
740 3699 765 3734 ι
818 3683 1081 3734 Pae-arem.
1104 3681 1213 3738 Atii
1300 3685 1528 3732 neminem
1550 3699 1652 3732 esse
1675 3681 1770 3740 ibi,
1795 3693 1899 3734 etc.
1931 3679 2110 3750 Scipio
2141 3699 2224 3734 ιιι
2251 3699 2335 3734 ca-

178 3772 429 3826 parer-ent,
453 3773 519 3814 ut
548 3780 596 3814 e.
624 3759 718 3814 50.
738 3792 823 3804 —-·
851 3758 1209 3828 Habilicifine.
1298 3760 1590 3831 taphi-actio
1643 3759 1870 3812 navibus
1913 3759 2206 3830 aufugerat.
2249 3791 2331 3802 --

180 3835 243 3888 ld
282 3853 393 3906 est,
432 3859 603 3911 usque
624 3840 703 3894 nd
743 3840 1101 3896 umbilicum·
1134 3839 1210 3894 sic
1292 3840 1467 3894 Armis
1500 3839 1728 3909 abjectis,
1766 3857 1878 3890 non
1923 3838 2204 3904 omnibu&
2235 3838 2330 3894 sed

180 3877 491 3987 Sallustius,
516 3921 612 3974 lib.
645 3938 715 3974 ιιι
746 3921 911 3984 hist,
948 3918 1086 3974 dixit
1102 3918 1210 3989 fine
1297 3937 1417 3991 quo
1440 3917 1828 3990 impedimento
1850 3919 1990 3990 fugo
2010 3933 2160 3972 erant
2176 3958 2193 3985 ,
2215 3939 2330 3974 scu-

178 3999 427 4067 inguinum
450 4001 789 4072 ingrediuntur
811 4017 959 4055 mam.
980 4001 1211 4072 Sicquo-
1295 4011 1353 4052 to
1374 3999 1636 4055 maxime:
1661 4016 1786 4052 nam
1805 3999 2066 4070 sequitur,
2085 4004 2231 4052 aruris
2247 4000 2332 4052 de-

176 4093 277 4146 que
299 4079 361 4134 B.
376 4081 449 4134 G.
466 4081 609 4146 VII,
637 4088 729 4152 4³7·
750 4111 835 4125 ·--
848 4080 903 4134 A
919 4084 1138 4136 soe-vitiis.
1160 4082 1209 4134 A
1295 4082 1451 4132 missis
1476 4079 1812 4133 salutationem
1821 4080 1932 4146 sac.
1956 4079 2098 4152 Ergo
2120 4079 2326 4136 habue-

175 4159 355 4212 servis.
380 4158 471 4214 Sic
488 4159 633 4230 sau..
662 4162 778 4216 Cat.
805 4168 894 4226 ²4·
1294 4171 1426 4214 runt
1452 4158 1629 4237 adbuc
1656 4157 1904 4231 quadam
1933 4179 2096 4217 arma.
2127 4161 2299 4216 Cau..
