3025 5025
679 464 817 532 DE
861 464 1212 532 BELLO
1267 462 1642 531 CIVILI.
1690 463 1883 529 LIB.
1940 463 2083 530 ΙΙΙ.
2308 462 2455 533 311·

299 592 622 690 inagnum
657 598 912 691 argenti
959 596 1222 690 pondus
1249 598 1653 690 expositum,
1684 590 2063 665 recentibus
2099 598 2458 692 cespitibus

297 703 734 773 tabernacula
777 718 1114 772 constrata
1135 756 1154 791 ,
1199 706 1274 771 L.
1323 705 1523 771 etiam
1565 701 1833 771 Lentuli
1879 717 1947 770 et
1980 703 2457 773 nonnullorum

297 810 731 879 tabernacula
774 823 1078 905 protecta
1115 809 1346 911 edera3
1393 809 1737 904 multaque
1780 823 2127 903 praeterea,
2167 835 2313 903 quoe
2356 813 2458 877 ni-

297 1020 426 1073 tiem
443 1060 460 1087 ‚
501 1034 566 1073 ut
607 1021 924 1073 recubantes
963 1020 1148 1071 cibum
1179 1038 1333 1089 cape-

294 1113 430 1153 rent.
448 1099 606 1153 Idem
622 1100 680 1151 in
695 1098 972 1152 Hadriano
991 1099 1331 1170 Spartianus3

300 1194 350 1233 et
371 1182 624 1233 Lucanus
643 1220 656 1243 ‚
689 1178 758 1232 de
786 1180 886 1231 hac
918 1180 1033 1251 ipsa
1056 1198 1146 1244 re,

410 1293 641 1305 .........
658 1265 776 1319 Capit
798 1266 978 1318 improb·
995 1264 1128 1317 piches

401 1336 566 1389 Cespite
582 1336 750 1388 patricio
771 1348 946 1373 somnos.

907 1406 1086 1459 Phars„
1099 1420 1176 1451 vn
1187 1438 1202 1459 ,
1228 1405 1333 1465 760.

298 1496 540 1567 Mag-num
585 1500 781 1566 argenti
828 1496 1020 1567 pondus
1069 1498 1335 1566 expositum

295 1577 516 1648 exponit
556 1577 874 1629 Plutarchus
896 1616 912 1641 .,
947 1576 1032 1628 καὶ
1066 1578 1332 1644 τραπέζαις

298 1658 610 1727 ἐκπωμάτων
633 1660 834 1727 μσς-αἶς,
859 1656 942 1710 καὶ
959 1659 1195 1727 κρατῆρες
1211 1655 1334 1707 οἴνου

297 1739 598 1807 προύκειντο.
638 1738 910 1789 Nimirum
937 1754 1060 1789 vasa
1088 1748 1334 1805 argentea

300 1818 473 1869 Caesar
487 1816 759 1887 intelligit.
774 1817 1014 1868 Locutus
1030 1816 1104 1868 sic
1119 1834 1333 1886 quoque

297 1896 510 1949 Tullius
525 1934 542 1961 ,
565 1898 749 1960 Vena,
773 1914 865 1949 vx:
892 1916 1036 1968 quum
1061 1907 1217 1947 essent
1243 1900 1330 1947 tri-

295 1977 444 2028 olt’m'a
477 1988 662 2037 serata,
700 1988 1044 2049 argentumque
1067 1980 1330 2047 expositum

297 2059 345 2107 in
383 2057 588 2109 cedibus.
621 2056 772 2107 Nihil
803 2057 996 2109 clarius
1023 2074 1035 2108 τ
1063 2054 1296 2127 denique
1315 2094 1330 2121 ,

299 2137 614 2188 tabernacula
627 2149 851 2207 protecta
873 2137 1070 2197 hedera,
1097 2148 1222 2188 sunt
1249 2149 1332 2187 to-

297 2216 416 2285 pia,
433 2234 668 2288 quorum
701 2229 754 2269 et
784 2217 842 2269 in
872 2216 1153 2288 spartiano
1179 2234 1330 2267 men-

297 2296 406 2363 ti03
437 2310 500 2348 ut
523 2297 704 2349 nullus
738 2297 1002 2366 ambigam
1029 2310 1082 2348 et
1111 2296 1331 2347 Caesaris

296 2390 348 2428 et
360 2376 631 2447 Spartiani
651 2377 831 2428 locum
851 2376 1185 2429 sanissimum
1200 2394 1328 2428 esse.

299 2457 362 2509 D.
387 2459 547 2511 Voss.
569 2457 761 2509 Fateor
788 2457 990 2528 optime
1005 2457 1161 2528 jungi
1183 2458 1332 2507 tricli-

297 2542 378 2588 nia
416 2549 611 2607 strata,
639 2549 690 2588 et
731 2549 983 2606 argentum
1027 2543 1291 2608 expositum
1306 2576 1322 2598 ‚

295 2635 413 2687 ‹1⁸1ae
459 2617 746 2688 saepissime
782 2617 942 2669 simul
985 2617 1330 2688 reperiuntur

297 2696 438 2768 apud
467 2698 812 2764 Ciceronem,
844 2711 906 2749 ut
930 2696 1116 2750 docuit
1147 2697 1328 2750 multis

297 2777 552 2848 exemplis
595 2777 911 2830 Hottnanus.
951 2775 1105 2828 Adde
1143 2777 1324 2829 Valer.

297 2857 458 2924 Max„
482 2858 520 2910 l.
548 2873 658 2922 vu,
686 2877 733 2909 c.
761 2857 792 2909 5
813 2853 876 2924 ‚S
901 2866 968 2909 1':
995 2858 1246 2926 Rogatus,
1273 2869 1330 2908 ut

297 2937 558 2992 triclinium
571 2948 802 2988 sterneret
813 2975 828 2999 ,
853 2937 1047 2988 lectulos
1059 2940 1325 3008 punicams

289 3017 494 3086 pellibus
525 3017 730 3070 haedinis·
755 3021 950 3078 stravit,
973 3029 1024 3067 et
1031 3037 1124 3086 pro
1146 3035 1323 3086 argen-

299 3101 382 3148 teis
401 3101 538 3148 vasis
559 3096 730 3148 Samia
751 3101 985 3166 exposuit.
1010 3098 1192 3162 Quare
1214 3115 1326 3149 om-

295 3178 424 3230 nino
462 3175 770 3230 accedere-m
793 3178 1064 3232 Hotmano
1081 3217 1096 3244 ,
1110 3178 1323 3242 Vossi0,

297 3257 513 3328 aliisque
529 3257 660 3310 viris
677 3256 848 3310 doctis
871 3258 1081 3308 triclinia
1094 3257 1326 3310 retinen-

297 3336 436 3389 tibus
457 3377 472 3404 ,
503 3337 548 3390 si
585 3338 672 3390 vel
699 3357 838 3389 unus
871 3336 1141 3389 addiceret
1170 3349 1323 3389 vetus

294 3416 451 3475 liber,
471 3418 597 3470 licet
613 3429 865 3488 sequatur
881 3418 1040 3470 etiam
1057 3428 1320 3469 constrata.

298 3496 502 3548 Verum
515 3516 680 3568 quum
700 3498 818 3549 haec
837 3515 941 3549 vox
959 3495 1177 3548 demum
1194 3517 1322 3568 pro-

297 3573 509 3629 fluxerit
535 3595 609 3636 ,ex
648 3576 774 3630 Aldi
803 3577 1019 3631 officina
1037 3617 1052 3645 ‚
1079 3590 1132 3630 et
1168 3577 1320 3630 MSS.

300 3669 562 3728 quotquot
577 3658 645 3709 ab
662 3657 778 3709 aliis
789 3658 875 3710 vel
899 3677 929 3709 a
948 3675 1035 3708 me
1047 3658 1148 3712 visi
1170 3670 1294 3709 sunt
1305 3696 1322 3722 ,

298 3749 392 3787 nec
419 3755 530 3788 non
561 3735 684 3790 edd.
718 3749 846 3790 vett.
871 3737 1102 3790 habeant
1131 3738 1322 3788 Trio-lac·-

301 3814 372 3864 Ias
397 3829 578 3869 stratas
599 3811 785 3893 (quod
801 3830 1078 3901 exponunt
1101 3815 1324 3888 quidam

300 3913 394 3963 per
434 3898 608 3949 abacos
653 3917 926 3969 mensasque
958 3901 1178 3968 potorius
1228 3901 1323 3948 tria

302 3973 435 4026 labra
479 3977 720 4031 labentes.
755 3980 836 4030 De
868 3977 1062 4048 quibus
1101 3978 1322 4029 consule

302 4053 510 4111 Salmas,
527 4055 694 4128 adjus
715 4058 874 4110 Attic.
890 4096 907 4124 ,
928 4078 984 4129 p.
1012 4058 1146 4126 493,
1171 4069 1269 4108 etc.
1280 4053 1321 4122 ),

301 4123 404 4187 non
449 4155 668 4208 possum
702 4157 814 4191 non
845 4139 1041 4192 summi
1085 4137 1323 4190 Salmasii

1425 1022 1787 1091 conjecturam
1796 1019 2042 1090 amplecti
2060 1020 2108 1071 T
2104 1020 2301 1071 achilas
2308 1032 2459 1073 strue·

1427 1112 1531 1161 tas,
1557 1100 1591 1151 i.
1621 1094 1835 1159 σκιάδας
1852 1139 1868 1163 ,
1886 1100 2194 1151 umbracula
2222 1101 2459 1154 luxurio-

1425 1198 1480 1231 sa
1495 1218 1510 1243 ‚
1524 1178 1949 1250 quibuscumque
1966 1178 2247 1232 frondibus
2265 1179 2332 1232 ad
2351 1200 2457 1233 οω-

1421 1259 1699 1311 nationem
1726 1271 1969 1312 contexta
1988 1298 2004 1322 ,
2024 1278 2051 1310 a
2086 1260 2280 1331 quibus
2304 1260 2456 1314 facile

1421 1338 1656 1391 discerni
1694 1352 1920 1410 possunt
1960 1339 2271 1391 tabernacula
2310 1342 2455 1392 edera

1411 1430 1665 1488 protecta,
1694 1432 1755 1470 ut
1786 1432 1963 1471 tamen
1987 1439 2099 1471 non
2125 1420 2194 1475 sit
2226 1424 2459 1473 ταυτολό-

1420 1518 1503 1568 γος
1519 1498 1709 1550 Caesar.
1737 1499 1877 1550 Male
1892 1498 2191 1551 Hotmanus
2218 1500 2345 1551 tales
2364 1500 2458 1551 tri-

1425 1579 1591 1631 chilas
1615 1577 1905 1631 confundit
1930 1596 2053 1631 cum
2076 1580 2207 1631 casis
2221 1598 2285 1631 ex
2302 1598 2459 1631 arun-

1421 1656 1550 1710 dine
1590 1672 1681 1711 aut
1713 1659 1810 1711 vili
1856 1658 2049 1711 fronde
2080 1660 2378 1723 contextis,
2409 1660 2454 1711 si

1419 1739 1761 1791 tabernacula
1802 1736 1993 1791 desint.
2032 1740 2207 1791 Immo
2254 1758 2321 1791 ex
2362 1758 2454 1791 eo-

1421 1816 1545 1871 dem
1584 1819 1858 1871 Plutarchi
1886 1820 2007 1873 loco
2023 1857 2038 1884 ,
2071 1838 2234 1889 quem
2282 1817 2452 1871 addu-

1417 1910 1549 1953 cunt
1570 1900 1677 1952 viri
1708 1897 1880 1965 docti,
1895 1911 2043 1970 patet
2066 1900 2281 1950 trichilas
2296 1911 2452 1951 struc-

1419 1990 1496 2030 tas
1522 1997 1704 2031 veram
1729 1998 1841 2031 esse
1864 1978 2167 2031 lectionem.
2189 1979 2280 2031 Ait
2306 1980 2453 2031 enim

1420 2058 1476 2109 in
1495 2059 1783 2132 Pompei0,
1799 2078 1853 2129 p.
1880 2059 1991 2127 657
2017 2062 2197 2133 {vtica
2219 2058 2313 2129 γὰρ
2336 2078 2454 2115 oxn-

1417 2138 1474 2194 νὴ
1495 2141 1748 2209 μυρσίναις
1773 2141 2059 2198 κατέςεπτο
2073 2178 2090 2204 ,
2105 2138 2187 2191 καὶ
2202 2142 2451 2209 ς’ρωμναῖς

1421 2218 1630 2279 ἀνθιναῖς
1650 2220 1841 2275 ἤσκητο
1857 2256 1874 2283 ,
1894 2222 1979 2271 καὶ
2000 2220 2271 2289 τραπέζαις
2296 2222 2455 2271 ἐκπω-

1417 2298 1590 2367 μάτων
1646 2300 1821 2369 μεςαῖς
1842 2337 1857 2357 .
1904 2300 1989 2350 καὶ
2040 2304 2278 2369 κρατῆρες
2324 2299 2451 2351 οἴνου

1418 2378 1701 2447 προύκειντο
1719 2416 1736 2440 ,
1761 2390 1881 2440 etc.,
1907 2396 2069 2448 quem
2112 2378 2293 2430 locum
2336 2378 2452 2430 sine

1416 2453 1587 2509 dubio
1613 2476 1677 2511 ex
1700 2458 1818 2528 ipso
1840 2458 2045 2512 Caesare
2076 2456 2270 2509 hausit.
2301 2457 2449 2523 Quin

1416 2549 1470 2588 et
1483 2535 1634 2590 addit
1660 2538 1977 2590 Plutarchus
1995 2551 2311 2608 apparatum
2325 2539 2453 2590 fuis-

1415 2635 1470 2668 se
1495 2617 1659 2688 magis
1688 2625 1789 2669 τῶν
1818 2618 2094 2668 τεθυκότων
2120 2617 2204 2669 καὶ
2230 2637 2452 2688 πανηγυ-

1415 2698 1637 2762 ριζόντων
1654 2736 1671 2759 ,
1706 2695 1765 2748 id
1806 2709 1885 2750 est
1900 2736 1915 2762 ,
1952 2696 2365 2748 sacrificantium
2396 2696 2451 2750 et

1414 2776 1575 2828 festos
1598 2774 1713 2829 dies
1744 2778 2043 2847 agentium,
2062 2795 2223 2847 quam
2246 2775 2315 2828 ad
2345 2796 2447 2847 pu-

1412 2875 1573 2925 gnam
1590 2857 1854 2910 euntium.
1874 2854 2026 2908 Adeo
2042 2869 2103 2908 ut
2118 2856 2322 2927 optime
2339 2857 2448 2908 huc

1411 2937 1679 3006 pertineat
1690 2936 1841 2988 locus
1854 2937 2079 3002 Tibulli,
2094 2953 2160 3003 11,
2176 2937 2243 2988 el.
2270 2935 2323 3004 5,
2343 2936 2444 3005 95:

1411 3024 1527 3063 Tune
1550 3034 1707 3077 operata
1726 3025 1810 3062 Deo
1829 3025 1954 3076 pubes
1972 3023 2189 3062 discumbet
2212 3025 2251 3062 iu
2275 3023 2394 3061 hei-lm
2408 3052 2421 3071 ‚

1462 3087 1629 3126 Arboris
1648 3088 1819 3139 autiquae
1844 3101 1922 3138 qua
1944 3085 2043 3125 levis
2064 3087 2203 3126 umbra
2222 3088 2339 3126 cadit.

1410 3147 1492 3188 Aut
1513 3163 1535 3188 e
1558 3159 1666 3188 veste
1688 3163 1756 3187 sua
1779 3150 1945 3187 tendent
1962 3147 2188 3188 umbracula
2200 3149 2313 3187 sertis

1463 3211 1610 3249 Vincta
1634 3226 1644 3248 ε
1668 3221 1876 3250 coronatus
1896 3211 2015 3250 stabit
2036 3221 2075 3249 et
2094 3221 2183 3250 ante
2204 3210 2318 3250 calix.

1411 3276 1464 3314 At
1485 3273 1562 3312 sibi
1580 3274 1747 3326 quisque
1770 3275 1911 3326 dapes,
1940 3283 1980 3312 et
1994 3273 2110 3312 festas
2132 3283 2304 3313 exstruet
2322 3274 2399 3313 alte

1463 3334 1693 3387 Capitibus
1710 3345 1881 3380 mensas,
1900 3335 2193 3388 capitibusque
2214 3345 2358 3374 torum.

1411 3416 1523 3468 Ubi
1546 3415 1791 3470 videmus
1819 3419 2005 3488 juncta
2036 3433 2251 3488 quoque
2285 3401 2449 3468 trichi-

1411 3496 1506 3557 las,
1540 3507 1590 3548 et
1626 3516 1777 3558 vasa,
1798 3509 1851 3547 et
1874 3500 2085 3567 cespites.
2124 3497 2193 3548 Et
2226 3515 2406 3566 quaeso
2428 3535 2445 3564 ,

1409 3575 1557 3628 unde
1584 3577 1792 3629 librarii
1838 3577 2103 3628 somniare
2150 3587 2447 3646 potuerunt

1411 3654 1479 3708 de
1507 3657 1711 3708 trichilc's
1724 3693 1739 3717 ,
1775 3656 1819 3708 si
1848 3656 1908 3708 in
1938 3655 2332 3726 antiquioribus
2361 3675 2449 3709 co-

1411 3734 1621 3788 dicibus
1670 3737 1882 3788 triclinia
1927 3735 2250 3788 invenissent
2264 3736 2289 3786 ?
2318 3737 2371 3787 N
2374 3755 2444 3789 on

1411 3815 1615 3868 alienus
1648 3818 1808 3868 etiam
1848 3817 1915 3868 ab
1940 3817 2040 3869 hac
2069 3817 2299 3868 lectione
2344 3816 2448 3868 fuit

1409 3895 1651 3965 Lipsius,
1672 3896 1763 3948 lib.
1784 3915 1838 3961 v,
1852 3896 2013 3948 Milit.
2035 3894 2327 3948 Rom.dial.
2357 3900 2442 3950 16.

1409 3975 1510 4027 ΙΙΙ.
1540 3975 1789 4029 Heinsius
1814 3977 2040 4046 margini
2067 3975 2263 4029 adlevit
2292 3977 2445 4028 tricli-

1411 4058 1495 4106 nia
1511 4093 1528 4116 ,
1556 4056 1751 4106 trichila
1776 4059 2000 4108 instrata.
2022 4055 2245 4108 Str-actas
2269 4069 2444 4127 autem

1414 4135 1470 4187 in
1503 4147 1685 4188 stratas
1706 4135 1893 4188 abiisse
1906 4174 1923 4201 ,
1942 4147 1995 4188 et
2026 4149 2238 4203 contra,
2259 4137 2445 4189 solem-

1930 4223 2074 4305 20⁴
