3025 5025
541 461 679 528 DE
732 411 1078 526 BELLo
1134 458 1499 527 clv1L1.
1561 460 1750 528 LIB.
1807 461 1954 528 111.
2051 443 2061 450 ’
2209 463 2370 537 305

268 602 673 696 «Sequimini
708 625 853 688 me,
888 601 1133 694 inquit,
1176 598 1626 694 manipulares
1661 602 1792 670 mei
1844 605 1958 697 qui
1996 603 2270 695 fuistis²,
2311 625 2380 677 et

260 723 447 778 vestro
481 709 898 802 imperatori,
925 731 1127 800 quam
1156 708 1586 774 constituistis
1599 733 1913 802 ,operam
1949 710 2119 780 date.
2147 715 2379 784 Unum

259 813 362 885 hoc
394 813 695 910 praelium
734 827 1063 907 superest3
1092 837 1225 906 quo
1270 812 1610 912 confect0‚
1634 829 1704 881 et
1729 814 1836 882 ille
1866 841 2054 884 suam
2085 818 2378 913 dignita-

258 935 394 1009 tem,
408 937 477 990 et
495 946 619 990 nos
638 933 937 988 nostram
964 919 1334 987 libertatem
1355 907 1976 1013 recuperabimus.»
2007 925 2214 992 Simul
2222 951 2378 1056 3res·

259 1030 475 1121 piciens
498 1029 868 1114 Caesarem,
880 1054 913 1089 ι(
939 1025 1179 1094 faciam
1190 1027 1469 1118 ,inquit,
1482 1025 1684 1102 hodie
1697 1053 1944 1122 impei
1946 1043 2123 1118 ator
2137 1017 2246 1099 ut³
2267 1051 2384 1104 aut

261 1137 389 1203 vivo
414 1133 611 1221 mihi,
638 1147 756 1201 aut
788 1146 1058 1219 mortuo
1098 1133 1345 1226 gratias
1372 1155 1548 1224 agas,
1573 1162 1608 1196 ιι
1656 1137 1816 1202 Haec
1843 1160 2050 1228 quum
2081 1083 2385 1230 dixisset,

258 1242 481 1333 primus
500 1266 582 1309 ex
591 1239 831 1308 dextro
850 1263 1062 1306 cornu
1080 1241 1536 1332 procucurrit,
1550 1253 1750 1332 atque
1762 1265 1916 1308 eum
1935 1241 2124 1311 electi
2145 1245 2384 1316 milites

257 1347 487 1416 circiter
523 1348 719 1415 CXX
756 1344 1114 1413 voluntarii
1152 1344 1450 1437 ejusdem
1480 1344 1796 1414 centuria}
1839 1363 1994 1416 sunt
2027 1355 2382 1443 prosecuti.

281 1479 289 1486 ·
340 1455 556 1522 XCII.
610 1456 801 1520 Inter
828 1452 995 1520 duas
1032 1452 1205 1519 acies
1234 1465 1494 1519 tantum
1531 1466 1676 1519 erat
1710 1452 2014 1522 relictum
2060 1459 2285 1551 spatii»,
2310 1474 2386 1526 ut

258 1559 390 1628 satis
412 1573 584 1628 esset
604 1557 691 1625 ad
714 1581 1117 1628 concursum
1142 1559 1489 1650 utriusque
1514 1560 1873 1628 exercitus:
1893 1561 2010 1628 sed
2032 1564 2386 1658 Pompeius

259 1668 371 1734 suis
397 1665 825 1760 praedixerat,
857 1679 935 1732 ut
973 1665 1253 1732 Caesaris
1291 1664 1613 1757 impetum
1659 1667 2070 1759 exciperent,
2107 1693 2274 1753 neve
2319 1699 2388 1742 se
2453 1672 2458 1676 ’

258 1769 387 1842 loco
418 1782 795 1857 moverent,
828 1769 1201 1864 aciemque¹
1242 1770 1383 1862 ejus
1410 1769 1692 1840 distrahi
1729 1787 2118 1866 paterentur
2146 1801 2160 1843 :
2189 1776 2388 1870 idque

257 1879 576 1950 admonitu
610 1880 687 1947 C.
718 1878 955 1944 Triarii
994 1877 1227 1946 fecisse
1256 1877 1634 1965 dicebatur,
1667 1892 1744 1945 ut
1773 1879 2029 1972 primus
2069 1907 2388 1954 excursus

258 2115 301 2154 ni
313 2116 399 2163 tihi,
408 2129 487 2154 ιιοιι
499 2125 683 2160 mortem,
696 2125 783 2166 quae
796 2112 947 2152 eunetis
961 2123 1075 2163 pena
1090 2118 1269 2162 pax-ntur,

257 2188 559 2242 Sedsetuiosmps
516 2189 673 2227 osmft
689 2186 893 2231 tu,aedent
904 2184 983 2224 cra
984 2186 1085 2224 stine
1100 2198 1186 2228 ‚mo
1190 2185 1263 2230 rti,

258 2259 584 2313 Cujustmtnm
631 2255 954 2316 mmmisiaeetln
956 2253 1165 2298 arimblln

258 2328 373 2368 Prim-
354 2329 543 2382 ιφιεΤΙιο
544 2343 603 2368 ss·
582 2272 775 2366 nli-mlta
778 2339 839 2364 ιιιι
841 2339 893 2364 no
905 2326 1091 2377 sangnine
1068 2325 1238 2362 eitnxit.

257 2419 318 2471 Et
346 2418 479 2472 idem
494 2429 717 2470 narrant
746 2433 931 2468 omnes
958 2415 1118 2486 hujus
1140 2413 1271 2472 belli

260 2499 537 2571 scriptores.

332 2600 358 2631 α
368 2620 379 2633 .
393 2580 721 2649 Manipulares
736 2581 827 2628 mei
838 2577 1113 2646 quificistis.
1131 2574 1269 2626 Nam

260 2678 428 2712 eorum
449 2658 693 2713 centurio
730 2658 979 2727 jamnon
1010 2668 1151 2719 erat,
1176 2651 1271 2706 sed

258 2753 588 2792 evocatus.---
606 2738 820 2807 Operam
838 2736 972 2785 date·
996 2734 1269 2786 Bentleius

259 2832 437 2884 navate,
458 2818 609 2891 quasi
634 2836 741 2871 vox
764 2816 879 2867 date
905 2814 973 2866 sit
1000 2812 1177 2867 dubiae
1205 2813 1271 2865 si-

259 2899 608 2968 gnificationis.

334 2980 379 3031 3.
418 2980 499 3031 Ut.
543 2974 807 3030 Nonnulli
850 2972 1009 3025 codd.
1053 2986 1108 3025 et
1142 2970 1267 3025 edd.

259 3056 460 3123 hahent,
482 3078 572 3109 neu
586 3076 606 3109 .·
624 3075 779 3108 sensu
798 3052 1093 3117 contrario,
1111 3052 1267 3105 male.

260 3137 423 3193 Nostri
450 3138 601 3190 MSS.
619 3136 819 3187 habent
850 3146 921 3185 ut.

328 3219 449 3273 Cir.
472 3218 646 3269 XCII.
676 3234 723 3267 1.
753 3216 1015 3285 Aciemque
1032 3214 1133 3281 ejus
1166 3212 1267 3263 dis·

261 3298 377 3349 trahi
408 3308 703 3368 paterentur.
736 3294 803 3347 Si
850 3304 1057 3364 aequato
1098 3291 1270 3361 gradu

261 3377 435 3430 milites
452 3385 855 3437 concurrerent,
882 3392 991 3425 non
1012 3370 1271 3423 distrahe-

260 3469 395 3509 retur
416 3458 547 3509 acies
564 3496 579 3522 ,
594 3453 687 3509 sed
716 3455 806 3509 vix
829 3451 891 3505 id
921 3451 1039 3503 fieri
1063 3463 1265 3521 potest:

260 3554 413 3605 quum
454 3538 598 3591 enim
634 3534 995 3607 plurimorum
1036 3532 1271 3584 militum

260 3616 418 3686 impar
436 3618 504 3669 sit
536 3616 811 3677 velocium,
840 3612 903 3665 fit
932 3611 1101 3670 ,etiam
1142 3610 1271 3662 inae-

262 3697 415 3765 qualis
430 3715 644 3763 cursus;
663 3692 807 3747 unde
826 3690 1099 3745 distractio
1124 3690 1273 3753 aciei,

258 3793 365 3845 quae
398 3775 485 3829 dat
520 3776 665 3829 hosti
688 3768 871 3826 locum
900 3771 1165 3840 singulos²
1186 3770 1273 3821 vel

259 3871 439 3924 paucos
454 3856 723 3927 dispersos
738 3846 1034 3906 adoriendi.
1054 3849 1272 3919 Sapiens

258 3934 459 4003 quidem
486 3948 597 3988 erat
612 3934 811 3987 Triarii
827 3930 1109 3985 consilium
1125 3964 1142 3995 ,
1160 3947 1273 3979 non

256 4025 423 4068 tamen
456 4018 519 4069 ab
546 4015 705 4068 omni*
726 4024 909 4085 parte:
931 4028 1057 4061 nam
1087 4008 1132 4060 si
1166 4008 1272 4059 ini-

254 4092 402 4149 litum
426 4097 629 4153 viribus
659 4107 714 4149 et
738 4090 919 4147 ordini
938 4090 1151 4160 longior
1180 4104 1277 4140 no-

350 4208 447 4273 II.

1336 2107 1442 2172 ,cet
1464 2113 1676 2159 cursus,
1708 2095 1942 2149 vicissim
1970 2099 2232 2153 stantibus
2275 2121 2388 2156 non

1357 2173 1503 2226 idem
1525 2193 1733 2245 semper
1760 2187 1838 2228 est
1859 2178 2066 2230 animus
2081 2217 2096 2243 ,
2121 2192 2176 2231 et
2197 2184 2388 2252 saepius

1357 2256 1529 2324 major
1580 2254 2008 2324 aggredientibus
2034 2277 2193 2328 quam
2231 2263 2390 2316 resis-

1358 2333 1594 2384 tentibus
1620 2335 1696 2385 vis
1724 2345 1776 2385 et
1800 2333 1986 2400 ardor3
2023 2337 2194 2406 unde,
2213 2354 2272 2392 ut
2296 2344 2389 2393 ob-

1356 2426 1532 2486 sernfat
1575 2414 1758 2483 Tur-pin
1793 2414 1854 2464 de
1900 2415 2088 2478 Cnsssse',
2128 2418 2172 2469 si
2192 2457 2208 2483 ‚
2254 2419 2388 2474 dum

1334 2493 1642 2549 'Coesariani
1681 2493 1874 2547 milites
1911 2496 1970 2547 in
2017 2496 2196 2550 medio
2225 2519 2386 2555 cursu

1355 2571 1552 2643 pedem
1595 2573 1778 2625 sistere
1829 2575 1995 2627 coacti
2027 2576 2276 2644 fuerunt,
2318 2602 2388 2634 ne
2460 2584 2464 2588 ’

1356 2652 1785 2705 exanimarentur
1811 2690 1828 2717 ,
1875 2651 2162 2725 Pompeius
2205 2661 2390 2729 jussis-

1356 2746 1438 2785 set.
1462 2733 1755 2787 exercitum
1794 2752 1950 2786 suum
1979 2737 2235 2805 paulatim
2278 2760 2390 2796 sese

1356 2830 1594 2873 movere,
1622 2811 1820 2867 deinde
1853 2814 2074 2867 incitato
2115 2836 2276 2871 cursu
2321 2819 2388 2875 ad

1357 2893 1449 2944 teli
1474 2894 1675 2963 jactum
1705 2893 1828 2963 pilis
1865 2896 2142 2965 conjectiS,
2171 2898 2388 2969 gladiis-

1357 2988 1461 3042 que
1488 2972 1710 3037 strictis,
1729 2973 1787 3024 in
1803 2975 2169 3029 Caesarianos
2153 2996 2391 3035 mcurre-

1356 3071 1433 3114 re,
1442 3052 1528 3103 vel
1539 3053 1714 3104 acrius
1727 3054 2041 3107 restitissent
2053 3056 2384 3132 Pompeiani,

1356 3132 1440 3185 vel
1470 3131 1634 3184 etiam
1660 3133 1886 3185 victores
1916 3133 2045 3187 inde
2074 3138 2384 3197 exivissent:

1356 3229 1481 3263 nam
1509 3211 1584 3267 eis
1615 3214 1859 3283 superior
1885 3232 2140 3269 numerus
2163 3233 2304 3287 erat,
2336 3238 2391 3277 et

1357 3310 1455 3362 par
1480 3290 1761 3345 fortitudo,
1794 3294 2056 3349 Praeterea
2087 3311 2262 3351 motus
2291 3303 2389 3355 iste

1358 3371 1640 3423 amborum
1707 3374 2035 3426 exercituum
2062 3415 2078 3442 ‚
2135 3377 2390 3437 immixtis

1357 3452 1585 3523 strepitu
1615 3452 1866 3505 tubarum
1897 3466 1951 3505 et
1990 3456 2220 3513 clamore
2249 3461 2391 3513 mili-

1360 3543 1504 3595 tum,
1547 3532 1842 3601 equitatum
1893 3533 2160 3589 incitasset
2178 3574 2194 3601 ‚
2231 3554 2392 3611 atque

1357 3629 1523 3663 novas
1546 3611 1796 3663 omnibus
1819 3612 1958 3669 vires
1988 3616 2390 3685 suppeditasset.

1358 3691 1602 3761 -qulce
1619 3690 1868 3741 admonitu
1891 3691 1950 3744 C.
1975 3694 2140 3745 Trcat
2113 3716 2174 3749 ιι
2193 3700 2302 3764 Qui
2323 3703 2396 3754 le.

1360 3782 1528 3841 gatus
1551 3770 1724 3821 fuerat
1763 3771 1808 3821 1
1809 3771 1975 3823 uculli
2014 3774 2072 3825 in
2113 3776 2254 3830 bello
2285 3781 2392 3834 Mi-

1361 3836 1676 3915 thridation,
1701 3862 1754 3901 et
1769 3849 1974 3903 cladem
1997 3872 2178 3923 passus
2199 3858 2318 3912 fuei
2307 3878 2388 3917 at.

1360 3926 1672 3979 Admodum
1697 3942 1873 3981 autem
1896 3944 2026 3984 natu
2046 3936 2260 4004 grandis
2285 3961 2394 3997 esse

1362 4006 1552 4061 debuit
1577 4008 1710 4060 hoc
1695 4027 1749 4060 m
1766 3999 1924 4063 bello.
1955 4012 2094 4065 Nam
2117 4017 2350 4075 Cicero
2335 4044 2390 4075 ιιι

1366 4088 1534 4145 Bruto
1555 4084 1622 4141 de
1639 4104 1704 4141 eo
1721 4089 1796 4147 sic
1812 4090 2084 4160 loquitur:
2103 4097 2193 4151 Me
2209 4104 2396 4171 quidem

1929 4224 2025 4269 20
