3025 5025
642 473 781 538 DE
835 453 1183 540 BELLo
1240 473 1602 540 clv1L1.
1663 475 1852 544 ΜΒ.
1910 479 2066 546 111.

2237 507 2407 577 ‚291

267 603 417 696 pido
462 617 680 671 castra
714 605 965 690 movit,
1010 619 1078 671 et
1113 605 1544 698 Metropolim
1589 607 1772 674 venit
1795 661 1814 694 ,
1859 611 1990 696 sic,
2028 626 2104 678 ut
2145 617 2411 684 nuntios

267 712 623 803 expugnati
656 710 883 804 oppidi
920 710 1298 804 famamque
1331 712 1768 781 antecederet.

363 818 684 884 LXXXI.
744 817 1190 911 Metropolitae
1216 869 1235 904 ‚
1266 819 1588 912 'primum
1647 819 1881 888 eodem
1934 825 2037 890 usi
2093 827 2366 896 consilio
2393 886 2410 912 ‚

262 922 491 990 iisdem
540 918 825 1018 permoti
862 924 1243 992 rumoribus
1268 976 1287 1011 ‚
1326 939 1556 1018 portas
1593 925 1976 996 clauserunt
1997 983 2016 1016 ‚
2053 955 2411 1028 murosque

258 1031 529 1096 armatis
588 1029 1095 1124 compleverunt
1114 1055 1143 1096 -t
1199 1031 1313 1099 sed
1356 1023 1589 1125 postea
1615 1085 1633 1120 ‚
1679 1057 1836 1102 casu
1880 1037 2167 1105 civitatis
2221 1063 2410 1109 com-

261 1135 639 1228 prehensis1
672 1139 941 1230 cognito
966 1161 1046 1204 ex
1073 1139 1570 1232 captivis‚.quos
1597 1139 1935 1208 Caesar'ad
1958 1167 2227 1212 murum
2258 1171 2410 1239 pro-

261 1241 600 1310 ducendos
641 1257 1030 1329 curaverat,
1074 1258 1301 1337 portas
1346 1259 1771 1339 aperuerunt.
1819 1248 2083 1336 Quibus
2125 1250 2411 1344 diligen-

258 1349 509 1416 tis'sime
551 1351 957 1418 conservatis
982 1403 1003 1436 ,
1042 1349 1281 1418 collata
1331 1351 1602 1420 fortuna
1651 1354 2159 1447 Metropolitum
2181 1355 2202 1380 ²
2257 1382 2410 1426 cum

258 1478 413 1523 casu
462 1456 995 1549 Gomphensium
1022 1510 1043 1543 ,
1086 1455 1269 1524 nulla
1302 1453 1658 1526 Thessaliae
1699 1458 1828 1526 fuit
1855 1461 2086 1528 civitas
2115 1514 2136 1546 ‚
2172 1478 2414 1556 praeter

258 1563 617 1630 Larissaeos
643 1615 662 1649 ‚
702 1563 815 1654 qui
858 1563 1115 1655 magnis
1156 1564 1552 1652 exercitibus
1602 1565 1926 1657 Scipionis
1969 1567 2371 1636 tenebantur
2393 1625 2410 1658 ‚

256 1669 414 1759 quin
440 1669 693 1736 Caesari
716 1683 1267 1762 parerent4atque
1288 1670 1618 1763 imperata
1643 1657 1983 1739 facerent³.
2002 1671 2145 1760 Ille,
2174 1679 2410 1768 segetis

254 1908 379 1947 tunc
426 1893 759 1958 abundabat,
790 1897 847 1946 se
874 1894 1150 1965 proluisse.
1174 1896 1284 1965 Ap-

251 1976 465 2045 pianus'
490 1993 619 2026 vero
634 2011 647 2030 ‚
684 1974 981 2025 Germanos
1020 1974 1288 2045 praecipue

250 2056 429 2107 ebrios
457 2073 703 2124 magnam
742 2054 877 2106 risus
914 2072 1124 2106 causam
1152 2071 1288 2124 praea·

250 2135 447 2187 buisse.
482 2131 646 2198 Quod
682 2124 728 2186 si
759 2133 1099 2185 intellexisset
1128 2133 1287 2184 Pom-

250 2215 405 2285 peius
421 2253 439 2278 .,
482 2226 537 2265 et
581 2212 797 2265 adortus
839 2225 1001 2277 esset,
1044 2231 1289 2282 magnam

248 2295 605 2346 calamitatem
634 2291 827 2346 caesari
854 2293 1046 2345 afferre
1082 2294 1288 2363 potuis·

248 2387 345 2427 set.
394 2373 754 2433 Pertinaciam
796 2391 925 2424 vero
974 2372 1288 2443 Gomphen-

250 2455 394 2506 sium
440 2454 528 2504 vel
586 2451 1009 2524 desperationem
1068 2450 1253 2523 prodit
1271 2490 1287 2518 ,

248 2534 384 2587 dum
412 2533 546 2586 djeit
560 2572 577 2597 ‚
600 2532 803 2604 oppido
827 2545 983 2604 capto
1000 2572 1015 2599 ,
1044 2532 1288 2596 inventos

248 2632 365 2667 esse
400 2612 549 2685 apud
580 2612 849 2665 medicum
892 2630 1007 2665 xxu
1036 2612 1179 2664 viros
1220 2611 1288 2664 de

248 2695 403 2746 urhis
416 2694 743 2764 primoribus
762 2693 1085 2744 exanimatos
1096 2730 1113 2756 ‚
1138 2692 1287 2743 nullo

248 2786 433 2826 tamen
465 2773 753 2843 conspicuo
793 2773 1046 2836 vulnere3
1079 2783 1285 2823 tantum

244 2855 442 2907 calices
469 2852 689 2905 astitisse
707 2852 956 2922 singulis3
988 2852 1140 2903 illum
1160 2858 1287 2903 vero

246 2935 347 3005 qui
360 2932 490 3003 ipsis
500 2922 882 3003 propinaverat
893 2931 1135 2982 similiter
1150 2948 1287 2982 com-

245 3025 531 3065 mortuum
562 3010 847 3063 medicum.
888 3012 1033 3063 Gon.
1066 3010 1284 3062 Factum

247 3112 377 3146 sane
415 3092 618 3143 mirum
662 3104 764 3155 est3
792 3103 843 3143 at
883 3088 1227 3143 recordemur
1258 3108 1285 3144 e

247 3174 577 3245 Scytharum
595 3188 785 3241 genere
803 3170 961 3222 fuisse
980 3170 1285 3236 Thessalos3

248 3266 517 3325 quantum
538 3264 715 3303 autem
740 3250 903 3311 fueri-t
932 3249 1141 3319 Scythis
1170 3268 1286 3301 om·

246 3335 413 3385 nibus
446 3332 561 3385 vini
598 3332 861 3402 impotens
892 3349 1074 3394 amor,
1098 3342 1287 3381 notum

247 3426 344 3466 est.
367 3445 438 3455 --
463 3411 787 3482 Metropolim.
809 3412 994 3463 Multae
1012 3421 1137 3461 sunt
1154 3410 1289 3461 mul-

248 3493 319 3545 tis
361 3493 419 3544 in
450 3492 584 3546 locis
622 3492 779 3544 urbes
816 3492 924 3543 hoc.
953 3490 1285 3559 cognomine.

247 3571 416 3637 Quod
459 3570 682 3643 quidem
724 3572 847 3623 satis
887 3568 1117 3634 indicat,
1148 3570 1285 3622 hane

248 3654 444 3705 urbem
492 3652 654 3705 fuisse
668 3688 683 3717 ‚
714 3651 881 3703 veluti
928 3652 985 3701 in
1030 3650 1283 3703 umbilico

247 3732 537 3785 Thessaliae
578 3732 731 3783 sitam
750 3771 765 3798 ‚
804 3732 944 3782 inter
989 3729 1284 3800 Gomphim

247 3824 304 3863 et
321 3806 617 3876 Larissam,
642 3814 791 3881 juxta
808 3812 1044 3863 Peneum
1062 3808 1279 3861 flumen.

329 3894 461 3943 Cam.
510 3892 764 3943 LXXXI.
810 3908 832 3941 1
847 3930 859 3943 .
908 3889 1279 3959 Comprclaeensis.

246 3971 480 4024 Restitui
514 3989 578 4023 ex
606 3988 729 4023 mss.
744 4008 760 4035 ,
792 3971 886 4040 qui
915 3970 1142 4021 habent:
1162 3988 1285 4019 com-

240 4056 457 4119 prensis,
486 4063 550 4102 ut
584 4062 762 4102 noster
793 4050 941 4120 5768
958 4087 975 4114 ,
1007 4048 1119 4110 vel,
1156 4067 1283 4099 com-

239 4132 521 4199 prehensis;
556 4130 668 4195 vel,
699 4142 761 4182 ut
796 4143 977 4185 noster
1002 4130 1065 4181 R.
1096 4126 1243 4198 5764
1268 4165 1285 4193 ‚

1374 1898 1648 1966 compressis
1663 1915 1684 1957 ;
1703 1895 1857 1948 Leid.
1882 1917 1964 1968 pr.
1993 1917 2296 1969 compressae,
2317 1903 2419 1954 ele-

1377 1975 1682 2046 gantissime
1699 2013 1716 2041 ,
1742 1989 1804 2028 ut
1836 1978 2098 2030 referatur
2127 1977 2196 2030 ad
2225 1999 2413 2034 vocem

1376 2057 1602 2107 civitatis.
1647 2055 1939 2127 Compressis
1985 2058 2197 2110 mallem
2251 2079 2411 2130 quam

1376 2136 1738 2204 comprehensis.
1786 2135 2043 2188 Phaedrus
2089 2138 2233 2190 enim
2275 2139 2414 2194 dixit

1374 2213 1469 2265 lib.
1503 2232 1588 2278 lv,
1621 2215 1724 2267 fab.
1765 2234 1790 2267 1
1811 2252 1828 2280 ,
1869 2235 2156 2286 compressus
2193 2221 2416 2272 occubuit

1374 2296 1494 2344 neci.
1518 2306 1570 2344 et
1594 2294 1862 2358 Florus‚l.
1891 2313 1969 2364 ιι,
1991 2314 2038 2348 e.
2066 2300 2128 2360 6,
2151 2292 2201 2356 S.
2233 2316 2295 2350 2:
2322 2301 2410 2353 Im-

1376 2376 1717 2445 opinantcrque
1756 2374 1932 2424 hostem
1946 2413 1960 2435 ,
1991 2376 2181 2425 collates
2225 2380 2408 2445 signis,

1376 2455 1748 2522 compresserint.
1789 2453 1974 2505 Lectio
2014 2467 2189 2506 autem
2203 2493 2218 2523 ‚
2247 2475 2408 2528 quam

1374 2532 1706 2602 praetulimus
1726 2568 1742 2596 ,
1787 2534 2128 2603 comprehensis
2177 2542 2376 2606 captivis
2390 2580 2404 2600 ,

1374 2612 1453 2663 nil
1478 2611 1640 2663 habet
1667 2612 1951 2677 absentum
1977 2614 2110 2684 quin
2138 2615 2306 2667 immo
2331 2631 2408 2671 est

1373 2692 1453 2742 rei
1479 2690 1816 2761 potissimum
1847 2694 2184 2745 conveniens·
2217 2695 2406 2749 Nescio

1376 2789 1483 2840 qua
1525 2771 1664 2823 mala
1703 2769 1896 2823 ductus
1941 2772 2056 2837 avi,
2095 2772 2406 2829 Ciacconius

1372 2850 1662 2902 lectionem
1695 2851 1844 2902 nullo
1875 2850 2122 2904 codicum
2157 2854 2406 2924 praesidio

1372 2930 1540 2983 fretus
1555 2968 1572 2995 ,
1603 2930 1893 2984 mutaverit
1939 2932 1996 2983 in
2050 2931 2366 3003 Gomphensis
2388 2974 2405 3001 ,

1374 3028 1536 3079 quam
1586 3008 2016 3063 emendationem
2055 3013 2405 3068 nihilominus

1374 3088 1633 3142 admisere
1667 3090 1896 3160 Scaliger
1928 3104 1981 3143 et
2010 3093 2270 3146 Davisius.
2299 3096 2402 3147 Dio

1374 3167 1618 3240 quidem,
1641 3171 1734 3241 qui
1762 3170 1847 3222 his
1879 3171 2035 3243 ipsis,
2063 3174 2258 3243 quibus
2286 3176 2400 3227 Cae-

1373 3268 1484 3313 sar,
1517 3250 1695 3304 verbis
1726 3253 1873 3303 usus‘
1883 3264 1990 3316 est,
2011 3252 2158 3305 hunc
2182 3252 2398 3323 adjecti-

1372 3348 1503 3381 vum
1526 3330 1841 3401 interponit,
1859 3329 1954 3383 sed
1972 3329 2118 3383 nulla
2137 3345 2216 3384 est
2232 3351 2402 3398 causa,

1372 3428 1469 3461 cur
1488 3410 1538 3461 ei
1565 3410 1912 3463 assentiamur
1925 3450 1940 3471 ,
1964 3424 2018 3463 et
2039 3410 2248 3463 codices
2267 3414 2393 3464 sub-

1374 3502 1666 3542 vertamus.

1458 3589 1510 3623 a.
1547 3570 1936 3639 .Met1·opolitum.
1979 3569 2173 3620 Forma
2215 3588 2398 3639 graeca.

1372 3656 1753 3720 Μετροπολιτῶν
1769 3687 1786 3713 ,
1813 3668 1912 3718 pro
1962 3648 2401 3719 Metropolitano·

1371 3748 1526 3794 rum,
1559 3742 1620 3779 ut
1644 3728 1849 3780 notavit
1879 3727 2118 3781 Vossius.

1458 3810 1507 3861 3.
1543 3808 1674 3877 Quin
1700 3807 1888 3859 Caesae-1·
1897 3818 2126 3877 parerent
2142 3819 2284 3880 atque
2313 3814 2398 3862 im·

1366 3900 1542 3957 perata
1557 3889 1795 3953 facerent.
1822 3888 1903 3939 Ita
1935 3886 2091 3939 codd.
2121 3890 2322 3955 nostri,
2350 3904 2404 3942 et

1372 3966 1568 4038 optimi
1589 3967 1678 4017 alii
1703 3966 1990 4036 permulti:
2017 3969 2261 4023 nonnulli
2279 4009 2295 4035 ‚
2307 3990 2402 4039 pa·-
2473 4020 2478 4025 .

1374 4058 1572 4099 terea...
1590 4046 1796 4112 faceret.
1827 4048 1970 4098 Bene
1999 4046 2057 4097 in
2087 4049 2280 4118 plurali
2307 4069 2403 4101 nu-

1374 4144 1523 4181 mero
1585 4128 1757 4181 verba
1809 4139 2184 4198 reponuntur,
2237 4132 2404 4184 civitas

2069 4233 2090 4259 2

1954 4258 2046 4329 19
