3025 5025
615 467 712 542 58
900 473 977 540 C.
1032 470 1322 540 JULII
1379 468 1854 540 CAESARIS
1910 467 2469 550 COMMENT.

607 627 772 675 vero
807 628 950 674 esse
993 627 1226 672 earum
1263 604 1554 699 partium
1586 605 1713 674 Cn.
1760 603 2151 698 Pompeium
2180 617 2250 672 et
2281 605 2359 673 C.
2392 605 2762 694 Caesarem,

606 725 928 806 patronos
972 711 1291 795 civitatis3
1325 735 1612 804 quorum
1655 708 1822 780 alter
1862 735 2059 804 agros
2094 709 2461 781 Volcarum
2501 712 2761 781 Areco-

610 819 940 888 micorum
971 832 1040 886 et
1071 815 1464 887 Helviorum
1491 816 1803 912 publice
1784 819 1863 887 lis
1892 804 2365 902 concesserit&
2391 816 2559 886 alter
2584 817 2765 888 bello

609 925 824 994 victas
883 923 1132 994 Gallias
1199 924 1614 1012 attribuerit,
1664 923 2143 1020 vectigaliaque
2200 926 2474 994 auxerit.
2528 925 2763 1014 Quare

609 1031 882 1125 paribus
937 1056 1172 1102 eorum
1221 1031 1559 1102 beneficiis
1606 1056 1836 1126 parem
1886 1056 1969 1161 5se
2022 1055 2289 1126 quoque
2345 1030 2765 1100 voluntatem

607 1137 904 1206 tribuere
926 1137 1200 1222 debere,
1220 1153 1288 1207 et
1311 1152 1625 1207 neutrum
1648 1163 1767 1206 eol
1766 1122 1909 1207 um⁵
1938 1152 2174 1208 contra
2190 1138 2519 1208 alterum
2494 1162 2766 1231 ¹luvam,

612 1256 727 1312 aut
762 1244 930 1313 urbe
968 1259 1084 1312 aut
1120 1245 1424 1338 portibus
1467 1247 1859 1340 recipere.»

718 1353 1047 1420 XXXVI.
1089 1354 1251 1421 Haec
1291 1351 1454 1421 dum
1495 1353 1670 1420 inter
1698 1376 1815 1420 eos
1846 1366 2139 1446 aguntur
2156 1403 2177 1438 ‚
2206 1352 2543 1420 Domitius
2578 1353 2769 1420 navi-

613 1455 742 1526 bus
773 1455 1138 1526 Massiliam
1182 1459 1524 1552 pervenit3
1562 1472 1757 1552 atque
1802 1459 1887 1527 ab
1922 1461 1998 1528 iis
2035 1473 2377 1553 receptuS‚
2410 1458 2563 1528 urbi
2596 1482 2768 1551 prae-

613 1561 856 1632 ficitur.
899 1565 1174 1633 Summa
1227 1566 1289 1633 ei
1345 1564 1500 1634 belli
1558 1564 2063 1634 administrandi
2123 1567 2548 1660 permittitur.
2604 1565 2773 1658 Ejus

617 1670 900 1763 imperio
930 1669 1207 1741 classem
1236 1695 1741 1766 quoquoversus
1768 1672 2143 1741 dimittunt:
2170 1673 2507 1740 onerarias
2531 1693 2773 1759 naveS,

616 1799 783 1870 quas
839 1777 1086 1871 ubique
1154 1792 1462 1872 possunt,
1518 1779 2064 1874 deprehendunt,
2112 1793 2311 1873 atque
2370 1780 2441 1846 in
2495 1791 2775 1872 portum

618 1880 960 1952 deducunt
998 1909 1014 1952 ε
1057 1909 1299 1979 parum
1343 1883 1547 1954 clavis
1592 1901 1707 1955 aut
1741 1885 2053 1956 materia¹
2096 1900 2295 1980 atque
2342 1885 2778 1956 armamentis

619 2073 772 2127 Hanc
799 2074 1087 2128 lectionem
1115 2076 1362 2130 revocavi
1389 2094 1455 2129 ex
1479 2077 1655 2130 omni-
1670 2091 1681 2098 ·
1732 2080 1922 2148 juvare.
1952 2078 2024 2130 Et
2049 2088 2225 2130 tamen
2252 2074 2590 2148 Pompeianis
2612 2075 2781 2147 parti-

616 2155 719 2207 bus
735 2153 894 2207 codd.
916 2167 1032 2208 tum
1047 2156 1271 2222 nostris,
1293 2169 1409 2208 tum
1432 2155 1656 2210 Ouden-

617 2229 895 2306 dorpianis
915 2253 930 2287 ε
955 2255 1055 2288 nec
1078 2233 1239 2289 video
1269 2256 1367 2289 cur
1391 2235 1658 2289 recentio-

621 2333 706 2366 res
779 2317 1118 2386 reposuerint
1174 2317 1422 2368 decernere
1443 2355 1458 2378 ‚
1508 2314 1659 2388 quod

619 2412 731 2446 non
756 2396 956 2447 malum
978 2415 1103 2448 sane
1121 2409 1225 2461 est,
1247 2395 1339 2449 sed
1360 2395 1511 2448 nulla
1535 2415 1658 2448 auc·-

623 2474 838 2528 toritate
873 2475 1152 2553 firmatur,
1185 2477 1310 2530 licet
1349 2475 1659 2568 Grqnovius

622 2567 678 2607 et
707 2556 954 2609 Davisius
979 2557 1038 2608 in
1063 2568 1267 2609 textum
1294 2557 1576 2628 recipiant.

641 2646 644 2649 ’
707 2641 762 2699 4.
778 2637 850 2689 Iis
864 2640 1162 2689 concesserit.
1176 2635 1525 2690 Marklandus
1538 2656 1663 2709 pro-

622 2716 781 2786 ponit
797 2717 916 2779 sibi,
947 2716 1313 2789 grammatices
1329 2718 1527 2789 regulis
1546 2736 1659 2769 ma-

623 2794 703 2866 gis
728 2809 1160 2851 consentaneum.
1175 2829 1257 2839 —
1273 2798 1344 2849 V
1325 2810 1446 2850 actas
1464 2796 1661 2851 Gallias

626 2876 916 2929 attribuerit.
959 2878 1118 2929 Certe
1160 2878 1346 2930 Galliae
1388 2896 1418 2929 a
1456 2877 1663 2930 Caesare

626 2974 738 3007 non
764 2955 983 3008 fuerunt
999 2956 1416 3009 Massiliensibus
1441 2956 1665 3009 attribu-

629 3046 718 3098 ιω,
761 3034 854 3087 sed
884 3054 1006 3106 pars
1033 3036 1254 3089 fortasse
1280 3036 1366 3089 vel
1391 3036 1613 3089 minima
1646 3053 1662 3088 :

629 3112 774 3167 unde
817 3113 1063 3168 Clarkius
1109 3128 1164 3169 et
1211 3114 1633 3187 Oudendorpius
1646 3152 1663 3181 ,

631 3195 695 3248 C.
722 3192 1043 3267 Glandorpii
1063 3198 1378 3268 conjectura
1397 3197 1631 3249 faventes
1646 3233 1664 3260 ,

629 3288 944 3347 proponunt
963 3279 1118 3327 victos
1139 3276 1339 3349 Salyes,
1362 3274 1458 3348 qui
1498 3275 1667 3330 vicini

629 3368 786 3409 erant
804 3356 1237 3410 Massiliensibus.
1254 3357 1415 3410 Forte
1429 3394 1445 3422 ,
1459 3369 1521 3409 ut
1536 3374 1666 3408 con·

629 3436 746 3507 jicit
768 3436 1076 3502 Oberlinus,
1105 3436 1362 3509 scriptum
1407 3450 1521 3490 erat
1551 3435 1667 3488 Sal-

633 3517 743 3587 lyas
757 3516 906 3589 quod
918 3517 1161 3589 proxime
1178 3515 1381 3571 accedit
1396 3515 1464 3570 ad
1480 3534 1669 3571 vocem

639 3596 855 3650 Gallias.
890 3598 1188 3651 Hotmanus
1216 3597 1487 3669 ingeniose
1527 3608 1670 3651 certe

635 3676 739 3749 legi
783 3678 900 3732 vult
939 3678 1065 3730 alter
1103 3678 1252 3737 bello,
1285 3680 1420 3730 victa
1466 3677 1665 3741 Gallia,

636 3758 925 3822 attribuerit,
943 3759 1056 3813 scil.
1067 3776 1219 3831 agros
1230 3758 1670 3812 Arecomicorum

638 3849 691 3889 et
742 3837 1058 3893 Helviorum
1095 3858 1127 3892 a
1158 3839 1420 3911 Pompeio
1456 3838 1671 3912 pridem

640 3935 914 3971 concessos
939 3919 1181 3991 publice,
1200 3918 1294 3973 sed
1317 3917 1561 3973 nondum
1584 3917 1674 3973 da-

646 4008 763 4051 tos:
781 3996 927 4053 unde
947 4019 1045 4072 par
1065 4000 1345 4073 utriusque
1361 4013 1496 4055 esset
1511 4002 1676 4054 bene-

644 4076 846 4131 ficium.

731 4158 783 4212 5.
812 4158 1051 4214 Neutrum
1079 4180 1240 4213 eorum
1275 4173 1444 4213 contra
1473 4161 1675 4213 alterum

1742 2157 1843 2211 bus
1885 2155 2249 2223 adhaeserunt;
2286 2155 2409 2228 quia
2425 2194 2442 2223 ‚
2467 2156 2512 2208 si
2555 2156 2779 2208 Lucano

1743 2235 2033 2290 credideris
2044 2275 2060 2302 ,
2086 2236 2289 2290 nullam
2302 2247 2512 2308 gentem
2529 2246 2779 2288 neutram

1743 2336 1855 2370 esse
1878 2318 2077 2371 sineret
2092 2318 2284 2371 Caesar.
2301 2317 2445 2369 Vere
2462 2312 2780 2368 admiranda

1744 2409 1825 2450 est
1863 2397 1921 2450 in
1948 2397 2043 2450 lib.
2074 2415 2178 2461 111,
2205 2416 2260 2450 v.
2298 2398 2434 2466 307,
2458 2395 2778 2460 Pharsaliae,

1744 2476 2158 2542 Massiliensium
2187 2474 2256 2529 ad
2285 2477 2543 2531 Caesarem
2574 2474 2779 2541 oratio,

1745 2557 1839 2629 qui
1856 2558 2050 2611 Caesari
2057 2556 2423 2629 Pompeioque
2435 2556 2613 2609 favere
2626 2573 2781 2627 aeque

1747 2637 2056 2709 postulant:

1744 2732 1807 2772 sit
1824 2731 1939 2773 locus
1963 2740 2145 2785 exceptu·
2162 2731 2303 2772 sceleri
2318 2760 2329 2779 ‚
2348 2730 2576 2783 Magnoque
2588 2758 2602 2778 ,
2620 2729 2782 2783 tibique
2848 2740 2867 2757 ²

1747 2802 1874 2842 Tutus
1886 2830 1897 2849 ,
1918 2810 1963 2841 ut
1978 2830 1990 2849 ‚
2007 2803 2160 2843 invict-
2186 2804 2309 2843 fatum
2330 2802 2365 2841 si
2385 2800 2565 2843 consulat
2584 2800 2699 2848 urbi,
2732 2847 2747 2853 ⁹

1746 2875 1883 2914 Γαδει-

1748 2956 1822 3009 At
1863 2974 2057 3027 parum
2104 2953 2325 3009 Caesaris
2367 2953 2607 3005 moribus
2650 2970 2782 3007 eon-

1748 3053 1941 3107 gruere
1981 3034 2119 3087 mihi
2146 3032 2398 3087 videntur
2440 3050 2559 3104 quae
2596 3032 2784 3102 legatis

1749 3113 2056 3187 respondet.
2089 3115 2357 3169 Caeterum
2390 3131 2607 3165 omnem
2638 3110 2785 3168 obsi·

1750 3192 1929 3249 dionis
1960 3195 2151 3249 seriem
2179 3196 2294 3248 fuse
2316 3192 2654 3266 persequitur
2674 3192 2785 3244 Lu·

1751 3293 1945 3343 canus,
1972 3295 2025 3329 v.
2064 3274 2175 3345 375
2211 3286 2266 3327 et
2292 3292 2437 3345 seqq.
2516 3304 2519 3309 -

1833 3354 1964 3409 CAP.
1982 3355 2236 3409 XXXVI.
2260 3373 2310 3407 1.
2329 3354 2513 3405 Parum
2529 3351 2677 3405 clavis
2694 3362 2786 3403 aut

1754 3438 1986 3498 materia,
2008 3446 2099 3489 etc.
2126 3435 2253 3487 Haec
2279 3433 2470 3498 lectio,
2496 3449 2661 3503 quam
2690 3449 2784 3485 ex-

1752 3516 1943 3569 hibent
1958 3534 2142 3568 omnes
2166 3512 2353 3580 codd„
2375 3512 2511 3565 mire
2527 3510 2787 3563 cruciavit

1754 3596 2099 3677 interpretes,
2131 3591 2276 3647 unde
2309 3592 2589 3656 nonnulli,
2618 3590 2786 3645 Scali-

1754 3695 1881 3748 gero
1904 3687 2207 3748 praeunte,
2238 3671 2591 3727 emendarunt
2619 3688 2787 3725 emm

1756 3756 1925 3819 clavis,
1947 3768 2035 3808 aut
2056 3759 2286 3819 materia,
2312 3766 2400 3807 etc.
2420 3753 2655 3823 Quoquo
2672 3770 2788 3803 mo-

1756 3835 1829 3890 do
1858 3836 2093 3907 ceperis‘
2076 3874 2095 3901 ‚
2119 3854 2300 3891 sensus
2334 3833 2647 3906 perspicuus
2672 3844 2785 3896 est,

1756 3929 1811 3971 et
1830 3935 2022 3988 parum
2050 3914 2251 3971 differt.
2281 3916 2371 3968 Ait
2401 3914 2575 3967 Caesar
2602 3911 2808 3964 Μωδεεῖ--

1760 3996 1952 4051 lienses
1967 4014 2087 4051 suas
2114 4014 2275 4051 naves
2304 3993 2571 4049 onerarias
2586 3992 2647 4045 in
2664 4010 2791 4063 por·

1761 4091 1879 4131 tum
1901 4076 2183 4131 deduxisse
2197 4074 2321 4143 3sed
2344 4075 2450 4129 illis
2461 4090 2581 4146 quoe
2592 4090 2789 4145 parum

1762 4158 2032 4213 instructa
2052 4158 2213 4216 clavis
2226 4195 2245 4224 ‚
2264 4156 2485 4211 materia
2502 4166 2595 4231 aut
2617 4170 2788 4206 anua·

1884 2888 1907 2913 a
1924 2874 1959 2913 si
1975 2874 2174 2927 placeant,
2192 2869 2244 2913 sit
2262 2887 2339 2927 qao
2357 2873 2521 2913 veniatis
2538 2872 2725 2911 inermem
