3025 5025
669 475 821 568 '402
1463 481 1607 548 DE
1659 481 2026 549 BELLO

665 613 877 684 relato
931 609 1206 682 domum
1250 611 1482 680 Cassio
1505 663 1531 698 ,
1600 611 1687 680 ad
1742 635 1899 682 eum
1954 608 2327 681 deducitur.
2394 610 2673 682 Racilius
2738 615 2808 682 in

664 722 1044 816 proximam
1085 742 1156 788 se
1185 716 1462 788 domum
1499 715 1843 788 familiaris
1878 720 1981 787 sui
2023 717 2287 787 confert
2300 772 2321 806 ,
2360 718 2519 788 dum
2560 719 2811 788 certum

667 840 1106 922 cognosceret
1120 879 1140 912 ,
1202 823 1637 894 confectusne
1699 826 1967 896 Cassius
2016 839 2208 894 esset.
2271 827 2347 893 L.
2403 827 2773 895 Laterensis
2792 879 2812 914 ,

669 959 878 1028 quum
908 935 976 1002 id
1008 947 1151 1001 non'
1177 931 1549 1019 dubitaret,
1576 933 1871 1001 accurrit
1896 930 2084 1000 laetus
2122 933 2193 998 in
2228 946 2481 1019 castra,
2508 931 2814 1002 militibus

664 1040 1042 1110 vernaculis
1077 1053 1148 1108 et
1187 1037 1493 1108 secundae
1534 1037 1809 1132 legionis
1823 1091 1843 1126 ,
1886 1039 2129 1132 quibus
2172 1037 2327 1108 odio
2366 1038 2608 1108 sciebat
2648 1064 2813 1133 prae-

665 1150 863 1243 cipue
907 1148 1214 1216 Cassium
1249 1169 1392 1214 esse
1409 1198 1428 1232 ,
1465 1143 1839 1240 gratulatur
1869 1168 1884 1212 ε
1930 1142 2185 1214 tollitur
2220 1169 2262 1214 a
2298 1145 2719 1214 multitudine
2748 1147 2815 1214 in

663 1252 990 1342 tribunal,
1023 1250 1709 1348 praetor·appellatur;
1734 1275 1935 1320 nemo
1972 1252 2187 1339 enim,
2220 1267 2338 1321 aut
2367 1254 2437 1320 in
2478 1253 2813 1346 provincia

661 1376 898 1449 natus,
927 1375 1044 1428 aut
1080 1357 1455 1428 vernaculae
1493 1355 1771 1453 legionis
1806 1357 2023 1446 miles,
2062 1372 2181 1427 aut
2222 1353 2655 1428 diuturnitate
2676 1357 2813 1451 jam

663 1467 880 1537 factus
932 1463 1358 1561 provincialis
1372 1519 1392 1554 ,
1443 1490 1579 1559 quo
1627 1466 1697 1533 in
1744 1489 2029 1534 numero
2078 1479 2225 1534 erat
2268 1465 2561 1534 secunda
2616 1464 2785 1559 legio
2798 1518 2817 1551 ,

663 1600 801 1645 non
866 1599 1022 1644 cum
1081 1574 1266 1642 omni
1320 1573 1670 1666 provincia
1723 1585 2153 1642 consenserat
2213 1573 2283 1639 in
2340 1571 2497 1640 odio
2548 1574 2761 1642 Cassii
2798 1598 2813 1640 :

661 1706 820 1750 nam
857 1680 1154 1775 legiones
1194 1680 1401 1747 XXX
1457 1693 1525 1748 et
1570 1678 1740 1746 XXI
1762 1729 1782 1765 ,
1818 1680 2047 1774 paucis
2092 1677 2429 1748 mensibus
2452 1664 2476 1703 ³
2513 1681 2585 1747 in
2630 1678 2817 1748 Italia

659 1789 944 1883 scriptas
960 1841 980 1876 ,
1047 1788 1274 1856 Caesar
1340 1785 1736 1855 attribuerat
1790 1787 2141 1881 Longin03
2204 1788 2439 1879 quinta
2494 1784 2669 1880 legio
2732 1787 2815 1856 ibi

657 1917 878 1988 nuper
921 1907 1066 1962 erat
1107 1891 1432 1962 confecta.

765 2003 948 2070 LIV.
1003 2000 1282 2069 Interim
1352 1999 1701 2068 nuntiatur
1759 2003 2153 2090 Laterensi,
2204 2002 2431 2070 vivere
2491 2001 2811 2070 Cassium.

657 2108 817 2197 Quo
858 2109 1094 2176 nuntio
1139 2103 1370 2176 dolore
1407 2107 1623 2199 magis
1652 2121 2030 2201 permotuS,
2061 2113 2262 2202 quani
2294 2109 2519 2176 animo
2562 2123 2815 2202 pertur-

655 2215 850 2284 batus
867 2267 886 2302 ,
923 2213 1142 2282 reficit
1176 2229 1244 2280 se
1289 2211 1629 2301 celeriter,
1665 2226 1735 2282 et
1780 2212 1867 2281 ad
1910 2216 2219 2283 Cassium
2254 2214 2607 2283 visendum
2648 2240 2813 2308 pro-

653 2320 994 2390 ficiscitur.
1035 2321 1136 2387 Re
1169 2321 1470 2412 cognita,
1501 2321 1703 2388 XXX
1748 2318 1920 2415 legio
1966 2321 2155 2415 signa
2190 2320 2579 2389 Cordubam
2614 2320 2816 2390 infert

654 2427 740 2496 ad
797 2423 1118 2496 auxilium
1174 2424 1525 2495 ferendum
1573 2428 1963 2522 imperatori
2014 2452 2138 2496 suo
2182 2452 2198 2494 τ
2239 2427 2400 2496 facit
2448 2427 2582 2496 hoc
2631 2428 2812 2498 idem

651 2538 824 2605 XXI
849 2560 863 2603 τ
891 2533 1316 2627 subsequitur
1332 2534 1541 2603 hasV.
1564 2535 1798 2623 Quum
1816 2534 1965 2603 duae
1980 2533 2273 2629 legiones
2298 2534 2565 2629 reliquae
2586 2551 2811 2605 essent

652 2642 724 2709 in
761 2642 1046 2727 castriS,·
1067 2640 1428 2709 secundani
1457 2642 1688 2729 veriti,
1718 2666 1804 2709 ne
1847 2640 1969 2710 soli
2007 2641 2573 2737 relinquerentur,
2608 2658 2815 2738 atque
2929 2694 2931 2739 ;

651 2774 735 2818 ex
775 2774 857 2818 eo
876 2802 896 2836 ,
934 2746 1096 2841 quid
1139 2747 1529 2835 sensissent,
1559 2746 1976 2841 judicaretur
1998 2746 2017 2771 ¹
2036 2800 2056 2836 ,
2104 2750 2314 2819 secuti
2358 2762 2511 2817 sunt
2558 2747 2813 2819 factum
2928 2770 2931 2795 ··

653 2857 1117 2949 superiorum:
1152 2854 1523 2948 permansit
1555 2856 1625 2921 in
1646 2856 1995 2927 ,sententia
2030 2854 2207 2949 legio
2243 2854 2603 2925 vernacula
2621 2909 2646 2943 ,
2694 2882 2812 2927 nec

649 2960 790 3031 ullo
829 2964 1068 3031 timore
1111 2960 1196 3028 de
1232 2960 1448 3055 gradu
1483 2959 1744 3053 dejecta
1782 2976 1900 3030 est.

760 3070 904 3137 LV.
964 3069 1232 3137 Cassius
1290 3093 1438 3151 eos,
1493 3070 1609 3162 qui
1660 3069 1985 3137 nominati
2035 3083 2227 3138 erant
2276 3070 2523 3139 conscii
2573 3069 2813 3158 caedis,

643 3174 838 3269 jubet
877 3174 1402 3269 comprehendi:
1440 3173 1775 3269 legionem
1811 3176 2114 3269 quintam
2148 3178 2218 3245 in
2260 3190 2479 3247 castra
2502 3177 2813 3266 remittit,

652 3281 1045 3351 cohortibus
1103 3283 1380 3375 triginta
1450 3283 1742 3351 retentis.
1806 3282 2065 3351 Indicio
2120 3282 2400 3352 Minucii
2464 3286 2811 3378 cognoscit

649 3392 726 3457 L.
776 3386 1142 3477 Racilium,
1185 3402 1254 3456 et
1309 3389 1384 3456 L.
1431 3388 1902 3478 Laterensem,
1950 3403 2017 3458 et
2064 3390 2360 3459 Annium
2416 3390 2807 3485 Scapulam,

647 3497 952 3565 maximae
991 3494 1333 3589 dignitatis
1369 3508 1439 3564 et
1481 3496 1708 3589 gratiae
1739 3495 2218 3591 provincialem
2253 3496 2599 3565 hominem
2616 3550 2639 3585 ,
2662 3498 2807 3567 sibi-

647 3628 778 3698 que
821 3616 958 3672 tam
999 3598 1390 3670 familiarem
1406 3655 1426 3690 ,
1470 3626 1673 3695 quam
1730 3606 2165 3673 Laterensem
2209 3617 2277 3671 et
2318 3601 2659 3692 Racilium
2680 3658 2699 3693 ,
2742 3607 2804 3671 in

646 3709 880 3779 eadem
921 3708 1142 3779 -fuisse
1201 3708 1666 3803 conjuratione
1727 3714 1924 3779 :nec
1983 3709 2097 3780 diu
2149 3723 2454 3778 moratur
2508 3708 2803 3781 dolorem

727 3919 782 3973 3.
801 3918 983 3971 Paucis
1011 3916 1261 3971 mensibus.
1276 3917 1311 3969 J
1313 3917 1457 3970 urin.
1487 3916 1676 3971 inserit
1762 3930 1969 3971 caretur.
1999 3918 2150 3971 Alter
2162 3956 2179 3983 ,
2196 3918 2485 3982 idicantur,
2505 3918 2703 3973 lineola
2718 3939 2798 3973 su·

642 4010 755 4051 ante
783 3997 924 4051 inter
956 3998 1070 4051 haec
1095 3994 1207 4051 duo
1235 3998 1416 4051 verba.
1761 3996 2069 4069 peraddita‚
2084 3997 2229 4051 unde
2252 3998 2545 4070 legendum
2566 4000 2702 4053 mihi
2723 4001 2794 4053 vi·

721 4079 855 4133 Cu.
887 4078 1038 4131 LIV.
1079 4096 1102 4130 1
1116 4118 1130 4130 .
1159 4076 1487 4129 Iudicat-eutr.
1535 4077 1671 4143 Alii,
1761 4075 1920 4131 detur
1938 4078 2263 4142 indicantur,-
2284 4079 2457 4133 facilis
2473 4080 2699 4135 mutatio
2714 4084 2795 4133 τοῦ

639 4158 949 4215 eradicaretur.
969 4154 1107 4210 cod.
1137 4169 1319 4211 noster
1346 4157 1375 4209 5
1383 4160 1527 4227 764,
1543 4156 1671 4209 mdi-
1762 4161 1815 4209 in
1842 4159 1902 4211 in
1920 4163 1989 4213 iu.
