3025 5025
825 483 1685 557 ALEXANDRINO.
2175 485 2328 586 399

177 619 286 712 jus
343 616 700 688 dicendum
743 615 1132 687 Cordubam
1187 643 1258 687 se
1311 618 1565 713 recepit
1578 667 1598 706 ,
1652 611 2203 714 contractumque
2260 623 2331 693 in

183 750 264 793 ea
283 723 300 748 ²
343 749 430 794 aes
473 723 766 794 alienum
800 727 1202 819 gravissimis
1231 725 1545 794 oneribus
1584 725 1945 818 provinciae
1986 729 2335 796 constituit

186 831 520 902 exsolvere
533 885 554 919 ,
619 846 687 900 et
703 885 721 920 ,
784 845 862 899 ut
925 830 1292 926 largitionis
1353 829 1649 926 postulat
1704 833 2117 902 consuetudo
2136 887 2156 922 ,
2208 859 2333 928 per

184 963 450 1010 causam
491 937 900 1007 liberalitatis
948 940 1313 1032 speciosam
1358 937 1553 1032 plura
1595 937 1894 1033 largitori
1936 941 2332 1033 quaereban-

185 1061 320 1132 tur,
367 1046 670 1140 pecuniae
713 1042 1156 1138 locupletibus
1205 1045 1740 1139 imperabantur;
1784 1071 1948 1138 quas
1985 1049 2334 1141 Longinus
2432 1115 2439 1124 ,

184 1153 304 1220 sibi
337 1175 660 1246 expensas
697 1150 856 1219 ferri
899 1175 1036 1219 non
1074 1165 1334 1220 tantum
1378 1151 1788 1246 patiebatur,
1822 1151 1938 1220 sed
1980 1155 2181 1220 etiam
2220 1179 2331 1222 co-

185 1258 398 1354 gebat.
453 1259 538 1326 In
589 1281 859 1352 gregem
904 1255 1362 1352 locupletium·
1387 1257 1799 1328 simultatum
1839 1281 2053 1328 causae
2100 1274 2334 1329 tenues

187 1364 743 1458 conjiciebantur,
779 1387 998 1457 neque
1043 1363 1256 1434 ullum
1311 1387 1522 1458 genus
1564 1378 1887 1458 quaestus,
1945 1377 2063 1434 aut
2109 1368 2337 1460 magni

185 1486 250 1540 et
303 1470 659 1560 evidentis,
713 1485 832 1538 aut
895 1471 1152 1538 minimi
1203 1485 1270 1540 et
1324 1469 1602 1558 sordidi,
1664 1471 2339 1564 praetermittebatur,

185 1603 314 1672 quo
357 1577 602 1646 domus
639 1592 708 1646 et
749 1575 1040 1644 tribunal
1079 1578 1521 1671 imperatoris·
1542 1591 1831 1646 vacaret.
1876 1579 2095 1648 Nemo
2150 1591 2297 1647 erat
2318 1631 2338 1666 ‚

184 1687 294 1778 qui
333 1683 544 1754 modo
582 1683 867 1777 aliquam
910 1681 1246 1775 jacturam
1295 1683 1517 1753 facere
1559 1697 1785 1777 posset
1801 1737 1820 1771 ,
1858 1685 2021 1778 quin
2064 1698 2181 1752 aut
2224 1709 2340 1752 va·

187 1791 488 1860 dimonio
549 1805 923 1876 teneretur,
965 1805 1084 1858 aut
1143 1792 1213 1858 in
1273 1815 1422 1860 reos
1485 1790 1865 1859 referretur.
1892 1823 1895 1828 ·
1922 1793 2028 1858 Ita
2096 1813 2341 1886 magna
2410 1779 2419 1795 ¹

183 1901 384 1967 etiam
429 1895 808 1968 sollicitudo
857 1896 1308 1991 periculorum
1361 1897 1448 1965 ad
1485 1897 1783 1990 jacturas
1832 1911 1900 1965 et
1944 1897 2344 1966 detrimenta

185 2008 278 2073 rei
317 2003 668 2074 familiaris
705 2003 1210 2098 adjungebatur.

287 2115 370 2180 L.
429 2111 694 2200 Quibus
733 2109 818 2178 de
857 2112 1072 2179 causis
1115 2109 1398 2197 accidit,
1441 2122 1548 2198 ut,
1576 2135 1785 2204 quum
1828 2111 2175 2204 Longinus
2220 2112 2341 2178 im-

188 2233 462 2312 perator
487 2217 730 2286 eadem·
747 2216 1026 2303 faceret,
1051 2241 1198 2310 quae
1222 2217 1475 2292 fe-,eerat
1497 2231 1818 2309 quaestor,
1852 2214 2087 2286 similia
2114 2241 2345 2286 rursus

189 2324 268 2394 de
305 2338 534 2394 morte
567 2325 710 2417 ejus
739 2321 1179 2418 provinciales
1215 2320 1490 2391 consilia
1521 2323 1785 2390 inirent.
1823 2325 2085 2390 Horum
2114 2322 2344 2391 odium

191 2430 697 2500 confirmabant
732 2427 1034 2498 nonnulli
1077 2428 1434 2527 familiares
1480 2429 1655 2524 ejuS,
1696 2429 1843 2524 qui,
1880 2451 2091 2522 quum
2131 2431 2199 2495 in
2235 2429 2349 2498 illa

190 2542 509 2609 societate
568 2552 1004 2610 versarentur
1059 2539 1446 2632 rapinarum
1461 2590 1481 2623 ,
1532 2534 1741 2605 nihilo
1802 2537 2022 2603 minus
2068 2535 2350 2605 oderant

190 2671 374 2735 eum,
415 2646 608 2740 cujus
650 2646 920 2715 nomine
953 2645 1325 2739 peccabant
1346 2698 1364 2729 ,
1406 2642 1691 2737 sibique,
1735 2641 1915 2735 quod
1959 2658 2352 2736 rapuerant,

192 2768 548 2849 acceptum
590 2751 968 2821 referebant
985 2750 1044 2839 ι;
1080 2750 1261 2845 quod
1297 2749 1755 2836 interciderat,
1795 2760 1911 2817 aut
1956 2764 2099 2819 erat
2140 2748 2351 2818 inter-

273 2963 412 3017 Cu*-
449 2963 650 3014 XLIX.
685 2980 734 3014 1.
763 2962 828 3013 In
849 2981 923 3013 ea.
946 2960 1105 3013 Certe
1121 2978 1234 3013 non

196 3043 252 3095 in
277 3040 574 3107 corduba,
597 3039 692 3094 sed
729 3042 787 3093 in
830 3040 1086 3093 hibernis.
1117 3040 1235 3092 Ma-

195 3142 361 3193 gnum
388 3140 522 3175 vero
546 3122 704 3173 fuisse
723 3159 738 3187 ,
761 3140 792 3173 e
823 3119 1034 3173 duobus
1067 3116 1236 3172 dona-

196 3203 316 3258 tivis
349 3214 607 3274 apparet3
646 3201 776 3253 hinc
827 3200 1072 3252 Jurinius
1130 3200 1237 3270 legi

197 3283 387 3339 :uidet
419 3285 603 3351 ingens.
623 3304 700 3315 --
721 3280 829 3335 Sibi
848 3300 956 3351 exp.
970 3280 1114 3347 firri.
1130 3280 1236 3333 Ex-

197 3382 438 3435 pensum
455 3362 594 3415 ferre
617 3372 698 3415 est
717 3360 948 3415 scribere
977 3379 1032 3413 se
1057 3358 1237 3412 dedis-

199 3464 280 3510 se,
301 3438 460 3515 quod
485 3442 646 3493 flebat
667 3441 765 3494 etsi
782 3459 892 3492 non
911 3438 1101 3493 darent
1115 3458 1131 3505 ;
1146 3438 1240 3493 sed

199 3524 302 3577 hoc
327 3524 478 3576 facto
499 3521 800 3573 fatebantur
819 3539 873 3572 se
892 3518 1110 3572 daturos
1130 3557 1147 3584 ,
1167 3532 1242 3572 at-

201 3622 305 3675 que
328 3600 474 3656 adeo
497 3599 708 3653 debere.
734 3601 812 3653 M.
833 3630 914 3643 --·
929 3599 1240 3652 Simultatum

202 3704 384 3737 causoe.
417 3680 693 3733 Rubenius
717 3681 775 3732 in
807 3680 1031 3745 Electis,
1058 3696 1081 3732 1
1103 3718 1120 3745 ,
1149 3680 1242 3749 32,

203 3765 430 3817 volebat
446 3761 726 3813 muletarum
742 3780 764 3821 ,-
785 3778 897 3811 non
922 3778 1055 3831 opus
1074 3800 1089 3827 ,
1119 3778 1148 3811 a
1173 3761 1241 3813 si-

203 3840 528 3897 multatibus
573 3840 640 3893 ad
683 3840 906 3893 mulctas
937 3840 1238 3892 ffansitum.

204 3924 440 3977 Latinus
486 3921 702 3973 latinius
743 3920 951 3991 legebat
1007 3920 1150 3970 simul
1195 3930 1246 3969 et

209 4022 418 4055 caussae.
437 4001 742 4068 olm—Quo
762 4001 928 4051 domus
949 4011 1000 4050 et
1016 3998 1241 4052 tribunal.

206 4082 476 4137 Praetoria
508 4080 740 4154 cognitio
765 4092 878 4133 erat
907 4078 1137 4151 duplex3
1169 4079 1245 4130 al-

209 4176 324 4217 tera
385 4160 676 4215 domestica
695 4200 711 4230 ,
745 4161 885 4215 intra
935 4158 1255 4231 praetorium.

1324 2958 1740 3029 cubiculumque
1772 2956 1843 3010 de
1870 2956 2093 3029 privatis
2127 2959 2357 3033 querelis

1324 3037 1603 3093 audiendis
1622 3076 1638 3102 ‚
1681 3051 1941 3109 praesente
1982 3039 2311 3093 cubiculario
2338 3060 2354 3095 ε

1323 3120 1484 3171 altera
1542 3118 1791 3189 publica,
1824 3118 1882 3170 in
1930 3118 2147 3171 basilica
2196 3133 2357 3191 atque

1323 3200 1382 3253 in
1403 3198 1692 3264 tribunali,
1711 3196 1897 3251 scribis
1910 3237 1927 3264 ‚
1950 3199 2179 3252 accensis
2192 3238 2209 3265 ,
2223 3214 2357 3271 prae·

1324 3279 1549 3333 conibus
1558 3278 1943 3349 lictoribusque
1956 3280 2353 3351 apparentibus.

1323 3360 1480 3411 —In
1503 3378 1624 3413 reos.
1648 3359 1786 3423 Alii,
1810 3363 1935 3411 inter
1959 3378 2081 3413 reos·
2324 3420 2329 3427 ¹

1407 3440 1536 3492 Cn».
1564 3442 1626 3492 L.
1660 3458 1708 3493 1.
1742 3438 1925 3492 siba...
1957 3459 2057 3491 acc.
2093 3440 2184 3506 ref.
2211 3440 2355 3510 Ergo

1327 3521 1402 3573 sic
1427 3521 1690 3589 augebant
1713 3538 1835 3572 suos
1853 3517 2075 3572 reditus·
2099 3551 2181 3561 —
2212 3520 2363 3589 Quod

1327 3604 1533 3651 inter-c...
1564 3599 1893 3668 assignabant.
1918 3598 2060 3670 Ergo
2079 3598 2154 3651 sic
2174 3600 2354 3651 minu-

1328 3680 1490 3731 ebant
1522 3678 1690 3732 cassii
1723 3678 1944 3733 reditus.
1982 3680 2239 3732 Interciclit
2265 3675 2323 3732 id
2343 3719 2361 3745 ,

1327 3757 1475 3830 quod
1503 3758 1692 3829 aliquis
1719 3776 1843 3811 casu
1868 3776 1980 3810 non
2006 3771 2182 3830 potest
2209 3759 2356 3813 redi-

1330 3856 1452 3909 gere
1477 3839 1535 3889 in
1566 3856 1713 3891 suam
1749 3849 2066 3908 potestatem
2091 3858 2106 3891 :
2136 3841 2362 3913 interpel-

1331 3919 1464 3969 latur
1493 3918 1549 3969 id
1586 3914 1733 3989 quod
1772 3934 1881 3989 quo
1922 3918 2099 3971 minus
2144 3922 2264 3991 quis
2304 3922 2361 3972 in

1330 4010 1645 4069 potestatem
1681 3996 1889 4068 redigat
1905 4035 1922 4061 ‚
1959 3998 2251 4069 impeditur
2294 4002 2362 4053 ab

1334 4078 1518 4130 altero,
1564 4078 1641 4130 M.
1688 4078 1794 4131 Pro
1838 4077 2127 4145 referebant,
2168 4080 2363 4152 legitur

1333 4158 1494 4229 vulgo
1502 4158 1757 4227 ferebant,
1780 4169 1967 4211 contra
1983 4157 2209 4213 codices.
