3025 5025
615 469 760 538 DE
813 465 1167 538 BELLO
1223 464 1600 534 CIVILI.
1659 467 1848 534 LIB.
1904 467 2005 535 11.
2126 442 2134 456 “
2234 464 2379 562 159

255 625 374 696 quo
408 625 586 670 mare
647 597 947 670 succedit
991 595 1252 691 longius
1272 649 1292 683 ‚
1341 594 1603 690 lateque
1653 599 1709 666 is
1758 596 1943 667 locus
1987 613 2327 694 restagnat
2363 625 2378 666 :

255 733 430 802 quem
469 708 522 778 si
557 708 672 800 qui
709 707 923 777 vitare
958 701 1279 791 voluerit,
1310 728 1424 774 sex
1459 703 1740 774 millium
1776 706 2059 774 circuitu
2086 708 2156 773 in
2184 710 2382 803 oppi-

257 814 396 886 dum
431 813 789 908 perveniet.
2354 863 2359 868 -

343 922 553 992 XXV.
614 921 766 990 Hoc
816 915 1164 1010 explorato
1207 915 1395 1004 loco,
1437 917 1647 986 Curio
1690 932 1911 986 castra
1947 917 2148 988 Vari¹
2178 944 2381 989 cons-

257 1029 429 1122 picit,
454 1051 650 1098 muro
679 1023 1060 1120 oppidoque
1099 1024 1489 1117 conjuncta,
1524 1022 1611 1092 ad
1646 1039 1948 1119 portam,
1974 1049 2122 1118 quae
2158 1026 2385 1121 appel-

257 1132 409 1206 latur
428 1130 734 1220 Bellica²,
759 1129 1122 1202 admodum
1157 1131 1418 1200 munita
1443 1143 1685 1200 natura
1712 1130 1843 1200 loci
1876 1157 1891 1199 ε
1920 1155 2058 1200 una
2083 1136 2164 1200 ex
2194 1148 2385 1226 parte

256 1243 382 1334 ipso
415 1238 668 1334 oppido
711 1240 950 1324 Utica,
989 1235 1200 1306 altera
1235 1261 1276 1306 a
1318 1237 1617 1324 theam-0,
1643 1238 1824 1332 quod
1868 1253 1971 1308 est
2006 1253 2161 1307 ante
2205 1241 2387 1334 oppi-

255 1347 426 1436 dum,
450 1345 1056 1418 substructionibus
1079 1344 1224 1436 ejus
1247 1345 1472 1438 operis
1493 1346 1797 1414 maximis
1830 1345 2017 1414 aditu
2044 1345 2131 1414 ad
2164 1359 2384 1414 castra

257 1452 482 1525 difficili
527 1468 598 1526 ct
652 1466 954 1546 angusto.
1002 1449 1216 1520 Simul
1273 1451 1773 1539 animadvertit,
1828 1451 2039 1520 multa
2090 1452 2385 1550 undique

256 1561 486 1654 portari
521 1575 722 1653 atque
761 1560 868 1653 agi
903 1557 1296 1653 plenissimis
1331 1557 1456 1626 viis
1470 1583 1665 1652 ‚quae
1696 1560 2023 1690 repentini
2056 1557 2385 1628 tumultus

257 1669 472 1736 timore
499 1692 582 1735 ex
610 1666 786 1761 agris
825 1667 896 1734 in
929 1664 1170 1734 urbem
1211 1650 1785 1734 conferebanturz
1823 1669 1976 1735 Huc
2016 1667 2385 1759 equitatum

254 1776 466 1861 mittit,
492 1789 572 1844 ut
601 1773 952 1867 diriperet,
979 1785 1184 1865 atque
1207 1771 1488 1840 haberet
1515 1769 1667 1842 loco
1700 1771 1958 1867 praedae.
1997 1772 2387 1867 Eodemque

251 1895 536 1975 tempore
557 1880 666 1952 his
695 1879 894 1950 rebus
925 1877 1222 1948 subsidio
1239 1880 1368 1948 DC
1389 1880 1647 1972 equites
1674 1879 1983 1950 Numidae
2007 1902 2089 1950 ex
2114 1879 2387 1975 oppido,

253 1987 622 2124 peditesque
666 1989 794 2058 CD
831 1987 1192 2057 mittuntur
1223 2010 1264 2054 a
1298 1986 1521 2073 Vara,
1556 2011 1725 2080 quos
1761 1985 1987 2054 auxilii
2027 2011 2227 2055 causa
2271 2013 2388 2056 rex

252 2080 445 2164 Juba⁴
473 2096 708 2190 paucis
745 2093 978 2164 diebus
1015 2106 1170 2162 ante
1212 2091 1482 2160 Uticam
1517 2095 1805 2162 miserat.
1854 2095 2031 2162 Huic
2062 2108 2131 2162 et
2170 2107 2387 2190 pater-

252 2225 399 2268 num
431 2201 798 2295 hospitium
841 2225 996 2268 cum
1034 2200 1386 2293 Pompei0‚
1421 2214 1491 2266 et
1520 2199 1818 2268 simultas
1857 2225 2010 2269 cum
2061 2201 2389 2291 Curione,

251 2306 720 2395 intercedebat3
755 2306 940 2400 quod
969 2306 1278 2374 tribunus
1315 2303 1527 2398 plebis
1557 2304 1772 2400 legem
1814 2305 2389 2402 promulgaverat,

253 2481 434 2534 ierunt.
462 2481 662 2534 Noster
691 2478 760 2532 de
781 2497 842 2532 ea
863 2497 924 2532 re
954 2478 1092 2531 nihil
1118 2476 1267 2533 dicit.
1361 2477 1504 2531 hem.
1528 2477 1595 2531 ad
1624 2476 1873 2534 Curtium
1891 2520 1907 2546 ‚
1930 2481 2027 2533 lib.
2061 2498 2132 2533 111
2152 2520 2167 2546 ,
2197 2483 2226 2535 3
2245 2523 2261 2545 ,
2292 2488 2356 2537 16
2374 2525 2391 2552 ‚

251 2560 526 2633 Perpetem
565 2561 842 2613 Rubenius
885 2561 943 2611 in
983 2558 1179 2611 Electis
1207 2558 1234 2609 I
1253 2596 1270 2624 ,
1362 2572 1423 2611 ut
1439 2558 1585 2630 apud
1602 2558 1860 2613 Herodot.
1878 2561 1913 2613 l.
1940 2578 2010 2612 111
2031 2599 2046 2625 ,
2076 2579 2099 2612 1
2114 2562 2183 2614 55
2206 2575 2259 2614 et
2282 2582 2304 2616 1
2318 2564 2387 2619 58

256 2641 347 2707 35,
369 2642 487 2695 vult
508 2660 653 2713 pons.
677 2641 819 2692 Male
835 2658 852 2705 ς
869 2658 995 2692 nam
1023 2640 1154 2690 locus
1171 2638 1270 2690 iste
1353 2652 1514 2709 portoe
1540 2640 1733 2691 Belides
1748 2680 1762 2703 ‚
1790 2636 2080 2711 Babylone.
2110 2674 2191 2683 --
2226 2644 2391 2694 Thea·

252 2721 339 2773 late
363 2722 708 2791 mtagnaban·
721 2738 932 2773 necesse
949 2730 1082 2772 esset
1105 2719 1272 2789 igitur
1361 2731 1454 2771 tro.
1499 2720 1581 2771 Ita
1620 2718 1779 2773 codd.
1828 2718 2305 2791 Oudendorpiani,
2339 2738 2392 2776 et

253 2800 512 2871 ingentem
531 2814 755 2873 pontem
769 2801 957 2865 fuisse;
975 2812 1076 2852 nec
1093 2811 1273 2851 tamen
1359 2800 1533 2851 nostri
1562 2800 1696 2871 regii
1722 2818 1736 2851 :
1761 2814 1905 2853 recte
1921 2838 1936 2864 ,
1970 2814 2029 2852 ut
2066 2802 2133 2853 sit
2171 2802 2333 2854 aditus
2361 2824 2393 2854 a

251 2893 481 2934 veterum
511 2882 654 2933 ullus
686 2881 947 2932 meminit.
989 2878 1274 2949 Sequentia

254 2962 419 3027 etiam,
433 2980 574 3033 quem
597 2964 640 3012 si
665 2964 772 3033 quis
789 2964 952 3011 ‘vitare
971 2960 1196 3019 voluerit,
1216 2974 1275 3009 Ἡ

255 3042 445 3093 miluum
461 3044 666 3093 circuitu
688 3044 738 3091 in
759 3040 986 3111 oppidum
996 3042 1242 3109 perveniet
1255 3076 1270 3097 ‚

255 3121 412 3174 multo
438 3118 778 3174 commodius
804 3118 874 3171 ad
901 3120 1106 3171 fontem
1137 3118 1276 3169 mse-

254 3219 362 3254 ras:
391 3202 436 3254 si
459 3218 692 3271 reponas
721 3202 778 3253 τὸ
793 3219 948 3271 pons,
972 3199 1064 3251 vix
1095 3213 1301 3251 sensus·

258 3281 349 3333 erit
376 3281 540 3333 ullus.

327 3362 459 3414 Car.
483 3361 665 3413 XXV.
693 3378 741 3413 1.
778 3358 928 3412 Curio
951 3368 1116 3408 castra
1151 3357 1210 3409 V
1203 3361 1283 3409 ari

257 3444 494 3511 conspicit.
543 3440 819 3510 Appianas
865 3436 1112 3509 prodidit
1155 3435 1280 3489 ideo

257 3517 470 3573 ductum
489 3520 785 3571 exercitum
810 3514 879 3571 ad
895 3518 1138 3581 Uticam,
1156 3517 1282 3587 quia

255 3600 315 3651 ab
351 3600 602 3653 hostibus
645 3600 854 3653 infecta
894 3616 1104 3650 veneno
1129 3614 1280 3666 aquae

253 3678 460 3733 fuerant
493 3678 635 3749 apud
661 3691 830 3732 castra
855 3678 1105 3733 Cornelia
1121 3714 1138 3742 ‚
1165 3694 1282 3747 quae

257 3772 638 3831 occupaturum
655 3758 814 3813 fuisse
833 3759 1127 3811 Curionem
1144 3776 1283 3828 proe·

256 3837 473 3893 viderat.
497 3860 598 3881 ¹—-
629 3840 687 3890 V
679 3844 770 3891 ari.
809 3836 964 3891 Idem
1000 3839 1062 3891 P.
1107 3837 1284 3891 Attius

260 3918 430 3973 Varus
443 3960 466 3987 ‚
496 3918 566 3971 de
597 3936 706 3991 quo
743 3917 868 3973 vide
900 3936 1060 3990 supra
1098 3917 1192 3969 lib.
1228 3917 1284 3982 Ι,

262 4016 321 4049 ca
363 4036 375 4049 .
407 4001 438 4053 3
452 4017 478 4052 1
491 4038 504 4051 .

319 4017 404 4131 ps.
437 4080 598 4131 Porta
622 4079 830 4131 Bellica.
881 4078 1034 4130 Hanc
1073 4089 1288 4148 portam

262 4155 418 4211 fuisse
461 4171 618 4231 putat
669 4172 884 4230 portam
924 4158 1038 4211 Beli
1079 4156 1291 4214 Freins-

1363 2880 1567 2932 theatro.
1590 2876 1820 2951 Vul'gata
1839 2880 2040 2933 omittit
2062 2883 2394 2955 praepositio·

1361 2978 1487 3011 nem
1511 2978 1878 3013 necessanam.

1447 3040 1501 3092 3.
1550 3038 1946 3107 Cmfie·ebantur.
1982 3040 2062 3093 Ita
2104 3042 2221 3113 lege
2266 3064 2392 3097 cum

1364 3120 1591 3191 Vulgata
1607 3159 1623 3185 ,
1651 3121 1748 3173 etsi
1770 3119 1929 3173 codd.
1956 3141 2080 3193 pars
2102 3127 2273 3195 major
2297 3126 2393 3177 ha-

1363 3200 1454 3252 bet
1485 3202 1810 3267 conferantur.
1839 3202 2035 3254 Noster
2074 3214 2249 3255 tamen
2282 3225 2392 3277 reg.

1371 3280 1524 3351 5768
1539 3319 1554 3345 ,
1570 3284 1910 3349 confir-autum
1932 3296 1984 3335 et
2008 3283 2395 3355 supra‚eade1n

1365 3378 1528 3413 manu
1549 3399 1566 3427 ,
1602 3362 1676 3415 eb.

1449 3447 1502 3504 4.
1537 3441 1684 3494 Juba.
1719 3440 2039 3514 Hiempsalis
2082 3432 2233 3495 filius¹
2258 3444 2362 3495 fuit
2382 3484 2399 3510 ,

1367 3538 1462 3572 rex
1492 3520 1763 3573 Numidiae
1780 3535 2003 3593 ,partes
2048 3522 2291 3593 Pompeii
2324 3544 2402 3577 se·

1369 3614 1541 3653 cutus.
1564 3603 1642 3653 De
1666 3621 1731 3654 eo
1746 3602 2013 3666 Lucanus,
2032 3602 2069 3655 l.
2093 3620 2169 3667 Π,
2187 3622 2238 3655 v.
2256 3606 2399 3675 687,

1369 3695 1454 3735 Nec
1471 3694 1752 3734 soulmtudiis
1771 3695 1952 3734 civiiulbs
1969 3696 2280 3799 umgnpqmnbt

1369 3760 1753 3801 ffivateoesedblla
1770 3760 2009 3800 &husu-h
2142 3763 2305 3801 tusirae.

1373 3828 1489 3871 flutio
1467 3842 1559 3881 ους
1562 3842 1665 3880 oque
1677 3775 2135 3881 ‚uqosupemhur‘iiiin
2109 3842 2239 3881 unqu
2266 3829 2408 3882 polluit

1560 3908 1691 3941 nuno,

1371 3966 1428 4006 Le
1407 3978 1474 4017 ΜΒ
1453 3966 1627 4005 etrilmn
1628 3966 1699 4003 ἰ13ι
1714 3964 1812 4003 soilo
1788 3964 1963 4019 odepell
1964 3980 2139 4007 rrrrrrr
2140 3982 2204 4006 un

1372 4030 1497 4070 Curio
1512 4038 1703 4077 tentnrnt,
1726 4030 1969 4083 Libyamque
1988 4033 2145 4071 auferre
2165 4032 2377 4087 Tyranno,

1373 4094 1480 4133 Dum
1496 4108 1663 4147 regnum
1674 4103 1727 4143 te,
1740 4092 1875 4140 Roma,
1887 4094 1995 4133 fncit.
2012 4094 2173 4135 Memor
2180 4096 2249 4135 ffle
2261 4096 2409 4137 doloris

1373 4158 1464 4198 Hoc
1478 4158 1631 4199 bellum
1646 4160 1793 4213 sceptri
1809 4158 1980 4199 fructum
1995 4169 2109 4212 putat
2127 4160 2209 4200 esse
2228 4162 2399 4201 retenti.-
