3025 5025
645 491 788 564 108
932 492 1008 560 C.
1065 491 1350 604 JULlI
1407 488 1876 558 CAESARIS
1934 485 2486 557 COMMENT.

635 624 920 694 rioribus
947 675 966 711 ‚
1010 626 1124 718 qui
1165 635 1655 692 antecesserant
1675 674 1694 710 ‚
1743 645 1897 690 suos
1940 619 2413 689 adscendentes
2466 633 2791 714 protege-

593 799 598 810 ,
636 715 854 800 hant3.
889 731 1118 820 Quum
1155 729 1342 798 vallis
1387 743 1503 798 aut
1531 728 1717 798 locus
1762 726 2031 796 declivis
2086 727 2390 814 suberat,
2434 750 2651 821 neque
2695 729 2791 815 ii,

635 840 782 932 qui·
831 851 1322 908 antecesserant
1350 890 1369 925 ,
1421 835 1837 905 morantibus
1860 820 1887 866 ⁶
1932 859 2130 928 opem
2199 833 2373 902 ferre
2397 847 2746 927 .poterant
2771 886 2792 921 ,

635 930 925 1037 equites⁵
962 969 1124 1013 vero
1169 969 1251 1012 ex
1294 942 1444 1012 loco
1493 944 1837 1037 superiore
1879 943 1949 1008 in
1988 964 2255 1009 aversos
2299 937 2431 1008 tela
2468 940 2793 1033 conjicie-

637 1051 803 1118 bant
825 1076 842 1119 :
867 1066 1012 1119 tum
1037 1075 1284 1146 magno
1320 1063 1463 1118 erat
1487 1051 1557 1118 in
1578 1049 1878 1144 periculo
1915 1072 2038 1116 res.
2065 1030 2658 1140 Relinquebatur⁶,
2685 1059 2795 1133 ut,

637 1181 844 1251 quum
884 1158 1209 1252 ejusmodi
1247 1171 1422 1226 esset
1463 1155 1625 1226 locis
1662 1155 2270 1251 appropinquatum
2288 1207 2308 1240 ,
2348 1151 2688 1249 legionum
2718 1154 2799 1221 si-

636 1287 771 1358 gna
798 1257 1158 1333 consistere
1189 1264 1541 1358 juberent,
1576 1286 1955 1357 magnoque
1996 1263 2249 1357 impetu
2289 1262 2660 1354 equitatum
2701 1284 2801 1328 re-

637 1369 998 1464 pellerent3
1045 1396 1126 1439 eo
1183 1370 1493 1438 submoto
1513 1424 1535 1458 ,
1586 1384 1862 1499 repente
1913 1369 2168 1436 incitati
2228 1391 2429 1437 cursu
2450 1366 2476 1406 ⁷
2526 1391 2669 1436 sese
2726 1368 2801 1434 in

637 1474 842 1545 valles
882 1479 1176 1546 universi
1211 1477 1637 1545 demitterent
1679 1530 1697 1562 ,
1738 1491 1937 1570 atque
1973 1477 2067 1544 ita
2098 1476 2526 1567 transgressi,
2564 1498 2800 1542 rursus

639 1584 710 1649 in
733 1581 898 1652 locis
923 1585 1376 1678 superioribus
1407 1585 1862 1652 consisterent.
1890 1584 2068 1651 Nam
2096 1594 2358 1650 tantum
2386 1580 2471 1648 ab
2494 1582 2801 1674 equitum

639 1714 913 1760 suorum
939 1690 1196 1760 auxiliis
1227 1691 1506 1760 aberant
1526 1745 1545 1779 ,
1574 1714 1863 1784 quorum
1897 1713 2252 1757 numerum
2285 1687 2625 1757 habebant
2652 1711 2797 1755 ma-

641 1821 880 1889 gnum,
921 1811 998 1865 ut
1017 1821 1162 1885 eOS,
1203 1797 1653 1892 superioribus
1679 1797 2065 1892 perterritos
2097 1793 2374 1890 praeliis,
2410 1795 2480 1862 in
2500 1794 2801 1862 medium

645 1905 1021 1997 reciperent
1065 1928 1306 2000 agmen
1326 1958 1346 1989 ,
1389 1903 1700 1999 ultroque
1740 1928 1854 1972 eos
1898 1917 2286 1971 tuerentur:
2314 1927 2600 1995 quorum
2636 1898 2807 1969 nulli

645 2032 729 2076 ex
757 2009 991 2078 itinere
1019 2009 1338 2079 excedere
1366 2009 1643 2098 licebat,
1676 2011 1837 2105 quin
1873 2010 1959 2078 ab
1992 2011 2292 2103 equitatu
2324 2009 2605 2078 Caesaris
2635 2009 2807 2077 exci-

643 2129 978 2209 perentur.

754 2225 1035 2292 LXXX.
1061 2221 1206 2292 Tali
1224 2250 1431 2320 quum
1456 2238 1797 2321 pugnatur
1830 2222 2064 2313 modo,
2101 2221 2277 2291 lente
2316 2237 2515 2317 atque
2544 2218 2805 2316 paulla-

645 2329 764 2397 tim
793 2329 1207 2424 proceditur,
1241 2332 1641 2426 crebroque,
1675 2345 1752 2400 ut
1778 2333 1911 2401 sint
1940 2329 2182 2409 auxilio
2212 2331 2344 2399 suis
2357 2325 2383 2419 ,‘
2400 2329 2805 2398 subsistunt:

736 2551 788 2603 3.
825 2550 931 2621 Qui
951 2562 1323 2614 antecesserant,
1351 2570 1461 2603 suos
1483 2550 1685 2603 adscen-

650 2630 814 2681 dentes
837 2631 1170 2701 protegebant.
1189 2631 1261 2684 H.
1278 2632 1315 2684 l.
1341 2631 1686 2701 tautologiam

650 2709 912 2781 ingratam
926 2712 1163 2765 offerunt
1177 2710 1436 2765 editiones
1458 2710 1685 2763 Ouden-

651 2788 807 2861 dorp.
824 2828 842 2855 ‚
872 2790 1057 2844 Oberl.
1074 2829 1092 2856 ,
1134 2791 1386 2865 Bipont.;
1427 2792 1500 2843 ita
1540 2792 1685 2844 enim

652 2870 1100 2941 totam‚phrasim
1146 2872 1332 2941 legunt
1370 2889 1383 2922 :
1437 2872 1590 2941 Quod
1627 2891 1687 2921 ex

652 2948 771 3000 Iocis
810 2949 1153 3019 superioribus,
1192 2954 1278 3021 qui
1306 2962 1682 3012 antecesserant,

653 3028 855 3099 desuper
871 3048 980 3081 suos
1005 3030 1338 3081 adscendentes
1351 3031 1685 3101 protegebant.

653 3108 838 3172 Quum
885 3110 1030 3161 enim
1073 3108 1278 3162 dictum
1321 3111 1420 3174 sit,
1464 3131 1525 3161 ex
1569 3112 1689 3163 locis

655 3188 998 3258 superioribus,
1039 3190 1228 3243 inutile
1273 3202 1351 3242 est
1379 3192 1437 3243 τὸ
1469 3190 1686 3261 desuper.

655 3265 1078 3341 Oudendorpius
1128 3282 1300 3323 servat
1347 3270 1549 3341 desuper
1566 3310 1582 3333 ‚
1636 3283 1690 3323 et

655 3366 844 3401 vocem
872 3369 981 3401 suos
1003 3349 1125 3420 ejici
1148 3348 1351 3404 suadet.
1378 3350 1689 3403 Lectionem

655 3426 816 3482 codd.
849 3442 1155 3483 nostrorum
1186 3430 1354 3483 secuti
1383 3449 1581 3483 sumus.

739 3516 794 3573 4.
823 3509 1146 3563 Met-antibus.
1185 3508 1252 3563 Id
1291 3522 1393 3576 est,
1425 3529 1567 3581 pone
1608 3530 1690 3564 se-

657 3589 959 3660 quentibus.
1002 3591 1115 3644 Pet.
1161 3590 1407 3643 Ciaccon.
1455 3590 1546 3644 hic
1586 3591 1689 3643 im-

654 3670 849 3723 merito
877 3671 1094 3742 reponit
1124 3671 1469 3723 laborantibus.

741 3750 794 3803 5.
819 3751 1043 3823 Equites.
1059 3750 1360 3805 Caesariani.
1381 3752 1538 3803 —In
1560 3770 1691 3804 aver-

655 3850 732 3883 sos
742 3852 763 3893 ,·
780 3831 838 3882 in
867 3831 1128 3902 fugientes
1146 3830 1464 3884 Afranianos
1485 3843 1659 3885 :recte
1671 3869 1689 3899 ‚

658 3930 872 3976 aversos,
891 3930 1002 3963 non
1020 3912 1265 3974 adversos,
1287 3912 1368 3964 uti
1380 3912 1583 3965 habent
1598 3930 1688 3965 co-

657 3989 802 4043 dices
817 3991 1080 4062 plerique.
1098 3989 1202 4044 Sed
1218 3992 1350 4047 levis
1367 4011 1538 4045 error.⁴
1557 3993 1693 4045 Nos-

659 4084 742 4123 ter
767 4070 887 4124 cod.
925 4071 1076 4141 5768
1093 4110 1110 4137 ,
1129 4073 1444 4125 adversarios.

741 4154 794 4205 6.
826 4152 1215 4224 Relinquebatur.
1249 4152 1426 4207 Locus
1459 4170 1686 4223 eorrup-

1773 2550 2004 2602 tissimus
2044 2548 2287 2602 omnium
2324 2547 2547 2619 judicio.
2573 2548 2809 2620 Vulgata

1772 2630 1933 2683 hahet
1948 2643 2045 2681 tum
2061 2630 2376 2701 inquirebant.
2395 2630 2499 2681 Ast*
2506 2625 2667 2681 codd.
2686 2628 2805 2695 alii,

1775 2722 1872 2762 tum
1883 2750 1897 2772 ,
1935 2711 2001 2762 al.
2032 2721 2186 2761 tamen
2224 2714 2294 2761 rei
2332 2708 2685 2779 inquirebatur,
2716 2710 2805 2761 vel

1771 2790 2110 2861 simpliciter,
2128 2802 2187 2841 ut
2206 2789 2377 2841 nostri
2410 2788 2521 2841 duo
2553 2789 2714 2860 regii,
2734 2792 2807 2841 rei

1775 2868 2283 2942 inquirebatur-,Unde
2303 2869 2531 2939 genuina
2550 2868 2713 2921 lectio
2734 2870 2810 2921 fa·

1773 2951 1875 3003 cile
1916 2951 2033 3003 erui
2074 2961 2280 3021 potest3
2309 2950 2353 3000 si
2400 2946 2705 3001 attendatur
2735 2947 2805 3001 ad

1772 3030 1991 3082 solitum
2022 3030 2242 3084 Caesaris
2266 3026 2536 3081 scribendi
2560 3024 2806 3081 morem:

1773 3110 1835 3162 B.
1864 3110 1932 3163 G.
1961 3130 2026 3177 v,
2063 3129 2084 3163 1
2100 3128 2161 3179 9:
2183 3109 2564 3181 relinquebatur,
2586 3120 2643 3159 ut
2656 3128 2808 3181 neque

1776 3190 1967 3260 longius
2013 3191 2076 3242 ab
2115 3194 2307 3259 agmine
2344 3188 2601 3259 legionum*
2624 3189 2813 3241 discedi

1768 3282 2049 3340 pateretur,-
2070 3282 2124 3323 et
2153 3270 2257 3322 hoc
2288 3269 2405 3340 ipso
2423 3269 2569 3321 >libro
2592 3270 2775 3340 primo
2789 3307 2808 3335 ,

1775 3368 1821 3402 c.
1846 3370 1874 3402 α
1886 3370 1917 3419 9
1934 3369 1947 3404 ε
1964 3349 2337 3421 relinquebatur,
2362 3361 2416 3400 ut
2432 3368 2491 3399 ex
2506 3348 2811 3421 longinquio-

1776 3431 1907 3481 ribus
1938 3430 2236 3500 regionibus,
2263 3440 2353 3481 etc.
2385 3430 2553 3491 Item,
2572 3428 2667 3481 lib.
2704 3447 2776 3483 111
2792 3468 2809 3497 ,

1776 3529 1891 3581 cap.
1911 3516 1984 3574 44
2006 3523 2058 3563 et
2082 3529 2105 3562 1
2119 3529 2210 3578 09·
2234 3510 2458 3581 Repone
2476 3508 2639 3579 igitur
2657 3510 2809 3561 relin-

1776 3589 2032 3662 quebatur,
2057 3601 2131 3651 ut,
2162 3600 2252 3642 etc.

1860 3689 1912 3741 7.
1938 3671 2137 3722 Incitati
2163 3688 2319 3722 cursu.
2347 3670 2609 3739 Vulgata,
2630 3671 2809 3720 incita·

1778 3761 1827 3801 to
1858 3770 1999 3801 cursu
2012 3788 2028 3815 ,
2048 3750 2268 3805 Caesaris
2290 3760 2344 3802 et
2370 3749 2525 3801 latini
2546 3748 2810 3801 sermonis

1776 3830 2047 3902 elegantia
2068 3842 2346 3903 repugnat.
2370 3828 2554 3882 Nostri
2571 3825 2810 3895 codices,

1776 3914 1982 3967 incitati.
2836 3960 2845 3975 ,

1859 3992 1914 4043 8.
1946 3992 2267 4043 Demitterent
2266 4028 2442 4043 .....
2486 3991 2811 4041 consisterent.

1774 4070 1917 4123 Male
1931 4082 1983 4123 et
1999 4083 2185 4125 contra
2198 4068 2355 4123 codd.
2370 4068 2504 4123 Scal.
2525 4080 2579 4123 et
2590 4068 2813 4141 vulgat.

1775 4151 2036 4205 demittere.
2052 4190 2105 4205 ...
2126 4154 2398 4204 consistere.
2784 4160 2793 4183 ¹
2868 4176 2875 4187 ·
