3025 5025
804 487 882 553 c.
938 451 1227 553 sum
1285 477 1763 550 cAEsAffls
1818 476 2381 553 COMMENT.

652 619 738 687 X.
796 616 1104 709 Acceptis
1145 612 1471 683 mandatis
1491 664 1545 698 ,,
1564 613 1848 681 Roscius
1903 638 2058 683 cum
2112 616 2189 683 L.
2245 615 2507 683 Caesare
2542 596 2726 683 ‘Ca-·

532 710 752 819 'puam
814 723 1120 817 pervenit
1139 774 1158 808 ,
1215 720 1438 813 ibique
1495 717 1801 789 consules
1844 720 2367 814 Pompeiumque
2428 722 2703 789 invenit.

547 829 888 899 Postulata
937 828 1221 898 Caesaris
1276 827 1633 896 renuntiat.
1685 824 1830 913 Illi,
1872 826 2234 895 deliberata
2269 850 2341 895 re
2358 880 2377 909 ‚
2419 851 2705 920 respon-

547 936 710 1007 dent
731 935 775 1023 ¹,
817 937 1194 1030 scriptaque
1250 932 1337 1002 ad
1375 956 1531 1000 eum
1581 931 1896 1001 mandata
1950 958 2071 1027 per
2126 958 2239 1003 eos
2299 930 2704 1021 remittunt²,

547 1068 838 1137 quorum
883 1043 1027 1112 haec
1072 1054 1216 1109 erat
1261 1063 1523 1108 summa
1550 1064 1576 1105 ·:
1628 1068 1663 1103 α
1696 1041 1923 1109 Caesar-
1963 1042 2035 1107 in
2078 1038 2365 1115 Galliam
2402 1054 2704 1109 reverte-

546 1164 763 1237 retur,
817 1149 1122 1217 Arimino
1171 1146 1559 1231 excederet,
1608 1146 1935 1215 exercitus
1986 1145 2347 1215 dimitteret
2386 1172 2401 1213 :
2461 1170 2609 1241 quae
2652 1147 2708 1214 si

547 1255 846 1343 fecisset,
890 1254 1283 1347 Pompeium
1325 1253 1395 1319 in
1435 1253 1787 1345 Hispanias
1822 1254 2089 1321 iturum.
2130 1256 2433 1340 Interea,
2485 1252 2709 1347 quoad

547 1361 716 1431 fides
747 1375 919 1431 esset
945 1360 1131 1447 data,
1157 1361 1487 1428 Caesarem
1520 1358 1885 1447 facturum,
1912 1384 2059 1452 quae
2094 1358 2551 1453 polliceretur,
2569 1384 2709 1428 non

547 1469 1044 1537 intermissuros
1079 1464 1386 1536 consules
1428 1466 1955 1567 Pompeiumque
1999 1465 2379 1535 dilectus.»

658 1577 782 1645 XI.
837 1574 1054 1643 Erat
1036 1574 1263 1666 iniqua
1289 1571 1618 1660 conditio,
1648 1571 2017 1691 postulare,
2046 1586 2125 1641 ut
2156 1575 2380 1642 Caesar
2406 1572 2711 1643 Arimino

551 1681 936 1767 excederet,
993 1693 1190 1772 atque
1243 1680 1314 1747 in
1362 1679 1781 1772 provinciam
1831 1694 2327 1768 reverteretur3
2381 1682 2631 1775 ipsum
2644 1693 2715 1747 et

552 1788 936 1883 provincias
972 1799 1040 1855 et
1074 1784 1367 1880 legiones
1408 1784 1653 1855 alienas
1683 1784 1958 1855 tenere¹
1985 1788 2395 1855 :exercitum
2431 1787 2712 1855 Caesaris

553 1893 726 1963 velle
767 1892 1039 1976 dimitti3
1065 1891 1342 1965 dilectus
1385 1891 1675 1961 habere:
1710 1890 2048 1987 polliceri,
2079 1917 2148 1962 se
2185 1895 2256 1962 in
2295 1894 2714 1988 provinciam

550 2002 847 2087 iturum3
892 2023 1145 2093 neque,
1179 2014 1331 2067 ante
1372 2024 1572 2091 quem
1618 2000 1793 2067 diem
1832 2000 2048 2068 iturus
2082 2001 2196 2084 sit,
2236 1999 2563 2068 definire:
2594 2014 2714 2089 ut,

555 2108 612 2177 si
666 2119 940 2200 peracto
990 2107 1269 2175 Caesaris
1326 2103 1721 2174 consulatu²
1763 2108 2118 2200 Pompeius
2179 2106 2519 2239 profec3tus
2573 2131 2715 2175 non

558 2228 774 2301 esset,
810 2210 994 2281 nulla
1023 2226 1247 2281 tamen
1289 2213 1618 2282 mendacii
1663 2211 1980 2306 religione
2022 2198 2426 2282 obstrictus³
2463 2212 2717 2281 videre-⁶

556 2333 711 2387 tur.
753 2333 1018 2413 tempus
1051 2344 1214 2386 vero
1253 2317 1585 2413 colloquio
1622 2344 1759 2388 non
1804 2319 1963 2387 dare
1980 2345 2251 2414 ,neque
2289 2344 2713 2389 accessurum

559 2424 893 2520 polliceri,
932 2450 1244 2521 magnam
1289 2428 1470 2521 pacis
1518 2372 2061 2522 desperationein‘
2095 2426 2441 2496 afferebat.
2477 2429 2715 2522 Itaque

550 489 649 573 24

557 2643 646 2682 tro
671 2631 736 2682 R.
763 2628 945 2700 5764.
960 2630 1204 2683 Davisius
1219 2666 1236 2695 ‚
1257 2633 1350 2701 ipsi
1361 2634 1591 2684 exercitus

561 2711 881 2762 dimittantur.

1679 2631 1833 2702 peius
1848 2629 1915 2684 ad
1924 2631 2224 2684 subsidium
2240 2631 2461 2696 Caesari,
2486 2629 2618 2684 dum
2634 2630 2717 2682 in-

1680 2721 1763 2763 ter
1782 2730 1873 2764 eos
1901 2713 2113 2783 vigebat
2137 2711 2449 2778 concordia,
2475 2713 2533 2764 iu
2552 2711 2615 2764 Β.
2642 2709 2713 2763 G.

642 2790 774 2843 CAP.
806 2789 877 2841 X.
911 2789 1266 2841 1.·Deliberata
1299 2811 1372 2853 re,
1400 2809 1592 2861 respon·
1679 2792 1912 2844 miserat.

561 2870 693 2920 dent.
728 2869 800 2918 Re
829 2869 1084 2921 omissum
1110 2870 1166 2920 in
1198 2868 1357 2922 codd.
1390 2885 1442 2923 et
1468 2868 1593 2923 edd.
1666 2917 1671 2925 .

560 2961 692 3001 vett.
721 2948 985 3000 Gruterus
1013 2949 1230 3020 conjicit
1259 2948 1317 3001 id
1345 2949 1596 3003 accidisse

559 3041 786 3100 propter
799 3028 1032 3098 primam
1047 3029 1303 3101 syllabam
1317 3031 1463 3083 vocis
1483 3049 1593 3100 seq.

559 3109 630 3161 Τὸ
659 3128 710 3158 re
739 3109 1092 3161 necessarium
1119 3121 1196 3162 est
1223 3111 1511 3162 sententiae.

649 3208 700 3241 2.
730 3189 832 3240 Pet·
855 3209 934 3240 eos
967 3192 1228 3242 remittunt.
1271 3189 1536 3243 Gruterus
1567 3208 1597 3241 e

561 3269 744 3321 Petav.
771 3267 889 3321 cod.
916 3289 1008 3340 per
1035 3289 1115 3321 eos
1133 3273 1433 3340 permittunt.
1457 3270 1597 3322 Prae-

559 3360 666 3402 stat
679 3349 889 3420 vulgata
901 3350 1079 3404 lectio,
1105 3350 1372 3403 Coeterum
1396 3349 1596 3400 mirum

562 3441 644 3482 est
674 3447 836 3500 quam
874 3430 1103 3502 simplici
1131 3443 1185 3482 et
1214 3428 1358 3482 nuda
1375 3466 1392 3493 ,
1424 3429 1594 3480 since·

561 3527 732 3580 raque
775 3509 1080 3564 narratione
1107 3511 1160 3562 J.
1195 3510 1368 3562 Caesar
1411 3525 1596 3559 omnes

562 3589 726 3640 etiam
756 3589 1100 3642 inimicorum
1135 3607 1353 3642 suorum
1385 3598 1595 3639 senten-

563 3668 666 3721 tias
708 3667 979 3722 retulerit:
1005 3668 1074 3721 de
1113 3668 1296 3720 alienis
1314 3705 1331 3732 ,
1363 3684 1595 3737 quorum

566 3767 746 3802 causas
759 3750 949 3821 procul
961 3749 1147 3813 habet,
1170 3747 1282 3799 sine
1311 3746 1389 3800 ira
1415 3757 1468 3798 et
1489 3758 1599 3798 stu-

565 3827 660 3880 dio
684 3829 834 3900 loqui
863 3828 1092 3882 videtur.

649 3907 779 3961 Cn».
797 3909 896 3960 XI.
916 3927 938 3960 1
951 3948 963 3960 .
979 3909 1212 3975 Legiones
1225 3907 1408 3958 aliems
1421 3919 1594 3961 tenere.

567 3987 699 4041 vid.
749 3989 807 4040 B.
860 3987 928 4039 G.
969 3987 1063 4039 lib.
1109 3986 1248 4040 VIII
1266 4025 1285 4052 ,
1323 3987 1413 4052 54.
1473 3988 1598 4042 Una

563 4080 774 4121 tantum
802 4078 914 4119 erat
945 4066 1113 4119 aliena
1129 4105 1146 4131 ,
1175 4067 1288 4120 scil.
1309 4069 1448 4120 XV:
1471 4087 1599 4121 nam

566 4147 740 4220 prima
762 4158 874 4200 erat
893 4147 1238 4220 pompeiana,
1259 4167 1422 4220 quam
1443 4149 1599 4203 Pom-

1768 2891 1818 2923 α.
1858 2871 2067 2924 Coesaris
2104 2873 2369 2924 consulatu.
2414 2870 2618 2922 Mirum
2656 2869 2716 2922 in

1682 2948 1905 3002 modum
1932 2952 2182 3002 turbatur
2201 2950 2361 3002 lectio
2391 2947 2547 3002 codd.
2580 2949 2714 3002 Nos-

1683 3043 1763 3083 ter
1794 3028 1913 3082 cod.
1936 3032 2001 3082 R.
2035 3030 2183 3099 5764
2230 3041 2289 3098 et·
2329 3028 2418 3080 alii
2458 3027 2715 3100 permulti

1681 3110 1881 3162 habent
1911 3127 1925 3160 ε
1960 3121 2015 3159 ut
2050 3113 2095 3159 si
2116 3119 2317 3178 peracto
2351 3107 2463 3162 Cos,
2506 3107 2721 3161 Coesaris

1682 3208 1808 3240 cons.
1833 3189 2080 3258 projectus·
2106 3208 2204 3239 non
2232 3200 2366 3240 esset.
2399 3185 2561 3240 Unde
2595 3189 2716 3242 vul-

1680 3281 1853 3338 gatam
1898 3268 2183 3320 lectionem
2222 3269 2517 3322 effecerunt
2553 3269 2717 3339 primi

1682 3346 1929 3402 editores.
1962 3349 2034 3401 At
2064 3347 2173 3400 duo
2200 3361 2326 3402 sunt
2358 3347 2715 3402 advertenda:

1690 3417 1773 3479 1⁰.
1802 3427 1979 3494 Bene,
2010 3429 2110 3480 etsi
2140 3428 2295 3481 aliter
2324 3426 2718 3499 Oudendorpio

1681 3505 1959 3573 videatur,
1984 3509 2325 3561 Rhellicanus
2346 3521 2398 3562 et
2416 3506 2715 3580 Glandorp.

1682 3584 1971 3640 emendant
1993 3588 2361 3686 proconsulatu,
2392 3607 2516 3641 nam
2542 3589 2718 3640 Caesar

1663 3685 1793 3719 -non
1824 3681 1938 3720 erat
1976 3667 2179 3722 consul.
2208 3658 2273 3722 2⁰
2279 3688 2423 3741 ,pro
2454 3688 2582 3722 cons.
2628 3667 2719 3720 alii

1682 3760 1984 3818 reponunt,
2014 3751 2300 3820 Pompeius,
2331 3747 2479 3840 quod
2518 3765 2716 3799 nomen

1684 3841 1762 3880 est
1783 3829 2137 3882 necessarium
2162 3829 2451 3883 sententia.
2472 3828 2553 3878 Ita
2571 3839 2716 3879 recte

1682 3907 1805 3960 fluit
1832 3921 1885 3961 et
1914 3911 2195 3982 perspicua
2220 3921 2297 3962 est
2321 3905 2527 3977 phrasis
2542 3943 2559 3969 ‚
2588 3904 2714 3959 licet

1684 3988 1887 4042 incerta
1914 3990 1982 4042 sit
2008 3991 2166 4042 lectio
2192 4007 2256 4040 ex
2285 3983 2443 4038 codd.

1698 4087 1703 4092 ’
1770 4070 1821 4123 3.
1854 4069 2140 4144 obstrictus,
2166 4065 2414 4120 Heinsius
2436 4065 2712 4118 adstrictus.

1685 4149 1811 4204 Non
1840 4149 1998 4214 male,
2033 4147 2126 4202 sed
2157 4147 2270 4202 sine
2300 4146 2630 4200 auctoritate.

2142 4233 2173 4258 Χ
