3025 5025
607 412 758 486 256

844 397 848 401 ’
923 417 1000 484 c.
1056 414 1341 482 JULII
1401 411 1876 481 cAEsARIS
1932 409 2485 480 COMMENT.

712 551 790 616 L.
846 551 929 616 In
981 571 1160 614 novo
1207 569 1450 640 genere
1504 542 1696 612 helli¹
1747 569 1937 612 novae
1995 545 2081 611 ab
2125 546 2421 636 utrisque
2466 540 2752 610 bellandi

603 656 893 722 rationes
932 647 1452 746 reperiebantur.
1473 649 1580 718 Illi
1598 703 1617 736 ,
1654 675 1861 744 quum
1887 651 2183 719 animum
2215 650 2754 720 advertissent.ex

603 761 899 854 ignibuS,
933 774 1130 827 nocte
1176 759 1484 828 cohortes
1522 770 1785 825 nostras
1822 755 1906 825 ad
1947 758 2348 828 munitiones
2390 755 2755 840 excubare,

607 865 868 935 silentio
921 867 1213 960 aggressi
1264 865 1607 932 universas
1638 915 1657 949 ‚
1711 864 1886 931 intra
1936 862 2427 932 multitudinem
2488 861 2759 956 sagittas

609 972 1049 1065 conjiciebant
1062 1001 1088 1059 ‚·
1119 984 1186 1039 et
1222 995 1293 1040 se
1325 969 1676 1038 confestim
1715 969 1800 1036 ad
1837 968 1991 1036 su'os
2032 969 2455 1062 recipiebant.
2497 967 2759 1056 Quibus

603 1078 810 1146 rebus
836 1080 1080 1164 nostri,
1117 1102 1244 1145 usu
1277 1075 1496 1161 docti,
1530 1075 1673 1144 haec
1709 1075 2130 1168 reperiebant
2165 1075 2489 1162 remedia,
2518 1088 2599 1142 ut
2636 1071 2759 1142 alio

608 1183 758 1254 loco
801 1186 987 1278 ignes
1025 1183 1322 1251 facerent
1345 1237 1365 1269 ,
1411 1173 1585 1271 [alio
1630 1173 2136 1272 excubarent².]

717 1292 830 1359 LI.
886 1291 1166 1359 Interim
1213 1290 1459 1358 certior
1503 1286 1717 1356 factus
1768 1291 1840 1355 P.
1898 1285 2136 1382 Sylla¹‚
2178 1311 2377 1381 quem
2420 1286 2765 1373 discedens

611 1491 826 1537 omnes,
869 1483 986 1524 tum
1015 1470 1212 1535 nostri,
1255 1488 1377 1521 cum
1426 1465 1647 1520 Ouden-

611 1551 860 1622 dorpiani
881 1591 896 1618 ,
941 1551 1106 1602 melius
1148 1549 1386 1601 subterere
1435 1560 1616 1617 tempus
1629 1585 1645 1609 ,

611 1639 772 1703 quam
798 1631 1124 1684 locutionem
1153 1630 1210 1682 in
1241 1647 1535 1688 succurrere,
1566 1628 1651 1680 vel

611 1712 858 1764 succedere
904 1720 1280 1774 mutaverunt3
1311 1727 1428 1761 eam
1469 1720 1649 1759 tamen

615 1809 910 1843 servarem:
947 1809 1071 1842 nam
1089 1828 1105 1855 ,
1149 1789 1248 1841 etsi
1282 1801 1460 1858 tempus
1503 1799 1651 1837 terere

615 1871 906 1941 accipiatur
921 1869 1082 1938 vulgo
1101 1887 1202 1939 pro
1223 1879 1401 1941 ternpus
1415 1870 1646 1929 amittere,

613 1969 951 2013 consumere,
982 1961 1192 2012 tamen,
1219 1949 1264 1999 si
1313 1945 1380 1999 ad
1421 1947 1651 2017 primam

613 2030 765 2082 verbi
781 2029 1220 2098 significationem
1245 2025 1482 2079 attendas
1495 2065 1510 2091 ‚
1534 2047 1654 2098 pos-

616 2111 684 2162 sis
717 2128 781 2160 ex
813 2127 873 2161 ea
904 2127 1114 2160 sensum
1147 2107 1337 2160 elicere
1359 2105 1649 2160 diversum.

621 2191 673 2242 T
668 2209 822 2250 erere,
867 2186 1082 2258 τρίὲειν,
1123 2187 1314 2239 fricare
1335 2226 1350 2253 ,
1394 2185 1652 2255 tundere,

613 2268 759 2320 unde
805 2271 895 2319 iter
939 2280 1086 2318 terere
1103 2307 1118 2335 ‚
1147 2267 1404 2338 paulatim
1446 2269 1619 2319 facere
1636 2307 1653 2336 ,

613 2348 843 2419 ideoque
875 2347 942 2400 ad
973 2349 1266 2400 terminum
1294 2347 1395 2398 viae
1425 2347 1651 2418 propius

613 2427 864 2482 accedere
881 2467 896 2494 ‚
927 2439 1108 2498 tempus
1134 2427 1396 2492 subterere,
1429 2428 1651 2480 commi·-

613 2528 808 2573 nuere,
835 2506 1084 2561 ducendo
1109 2507 1320 2560 trahere
1346 2520 1557 2579 tempus
1573 2507 1655 2559 in-

613 2590 932 2661 terpositum
977 2589 1116 2640 inter
1158 2588 1394 2659 inopiam
1431 2601 1651 2659 praeter·

613 2670 745 2722 itam
782 2681 837 2721 et
865 2666 1248 2721 abundantiam
1269 2707 1283 2728 ‚
1309 2686 1475 2739 quam
1491 2706 1506 2732 ,
1539 2686 1651 2720 ma-

615 2750 833 2802 turitate
879 2750 1096 2819 frugum
1149 2748 1615 2819 appropinquante
1634 2786 1651 2813 ,

613 2829 849 2900 proponi
879 2826 1150 2881 videbant.
1193 2828 1360 2879 Paulo
1406 2828 1653 2880 subtilior

616 2908 890 2960 videbitur
919 2908 1033 2959 haec
1072 2907 1386 2977 explicatio;
1419 2920 1652 2960 attamen

617 2988 918 3041 Caesariano
962 2985 1176 3039 dicendi
1207 2988 1389 3057 generi
1427 3006 1651 3040 consen-

617 3080 772 3120 tanea
799 3086 814 3119 ε
843 3086 969 3119 nam
1013 3066 1432 3137 elegantissimus
1468 3080 1652 3120 noster

616 3148 847 3219 scriptor
881 3165 1020 3217 saepe
1049 3147 1240 3218 saepius
1253 3184 1267 3205 ,
1299 3160 1360 3199 ut
1385 3148 1496 3217 jam
1537 3149 1649 3199 ani-

593 3226 950 3282 .madvertere
974 3227 1154 3291 licuit,
1187 3227 1368 3279 tritam
1405 3226 1651 3281 deserens

617 3308 778 3373 viam,
802 3326 890 3359 eos
905 3306 1140 3359 admittit
1151 3308 1376 3377 lepores,
1391 3324 1527 3377 quos
1540 3298 1655 3359 vul-

617 3406 716 3457 gus
727 3387 1036 3439 criticorum
1045 3404 1104 3439 re
1103 3407 1122 3457 J
1129 3386 1192 3439 ici
1199 3398 1239 3451 t,
1249 3387 1413 3439 veluti
1429 3388 1653 3440 absonos

617 3480 671 3520 et
693 3486 723 3520 a
735 3467 918 3538 lingua
934 3467 1096 3519 latina
1114 3466 1474 3533 abhorrentes,
1493 3480 1653 3539 atque

617 3548 914 3599 scribarum
950 3546 1174 3600 inscitiae
1203 3546 1422 3611 tribuit3
1453 3548 1654 3618 quique

617 3627 867 3680 attentius
890 3625 1248 3679 consideranti
1275 3626 1401 3679 felix
1423 3638 1477 3679 et
1503 3629 1653 3679 inve-

616 3705 804 3759 niendi
819 3707 1070 3777 princeps
1088 3706 1366 3777 ingenium
1379 3704 1650 3777 detegunt.

700 3787 830 3839 Cn».
855 3787 916 3839 L.
928 3805 952 3838 1
964 3826 976 3838 .
989 3786 1050 3838 In
1063 3800 1184 3838 novo
1193 3805 1367 3855 genere
1377 3786 1508 3839 belli.-
1523 3785 1651 3840 Vid.

617 3884 802 3937 supra,
831 3886 877 3918 c.
907 3872 1000 3935 47.
1019 3870 1100 3911 -'--
1119 3866 1380 3937 Aggressi.
1408 3868 1492 3919 Ita
1530 3865 1652 3920 cod.

616 3956 800 3997 noster
832 3945 1005 4015 5768.
1047 3946 1196 3998 Alter
1227 3966 1381 4012 vero,
1407 3959 1461 4000 et
1485 3949 1654 3999 maxi-

619 4044 706 4077 ma
723 4042 847 4095 pars
863 4023 1044 4091 codd.‚
1055 4026 1243 4078 adversi
1253 4063 1266 4084 ,
1288 4025 1435 4097 quod
1453 4026 1655 4099 recepit

616 4103 844 4174 Scaliger
861 4144 876 4174 ,
905 4123 1016 4159 non
1051 4107 1367 4160 assentiente
1397 4108 1617 4163 Davisio
1634 4145 1653 4174 ‚

1736 1467 1831 1538 qui
1872 1468 2053 1522 mallet
2082 1474 2285 1539 egressi,
2316 1481 2378 1520 ut
2408 1469 2504 1523 lib.
2534 1465 2678 1536 VII,
2708 1470 2765 1523 B.

1737 1547 1805 1600 G.
1820 1586 1837 1614 ,
1862 1566 1908 1601 c.
1943 1565 1965 1600 1
1980 1567 2003 1602 1
2028 1566 2041 1600 ε
2061 1550 2253 1601 silentio
2276 1569 2338 1600 ex
2360 1551 2538 1620 oppido
2565 1553 2767 1620 egressi.-

1737 1639 1790 1680 et
1810 1645 1856 1681 c.
1888 1629 1957 1682 36
1972 1647 1987 1681 τ
2002 1629 2193 1681 silentio
2212 1631 2363 1680 noctis
2388 1628 2563 1682 Coesar
2584 1651 2649 1682 ex
2664 1650 2768 1681 cas-

1738 1712 1826 1760 tris
1866 1728 2100 1778 egressus.
2115 1741 2197 1750 —-
2214 1709 2485 1764 Universos.
2524 1709 2637 1764 Pro
2666 1729 2769 1783 quo

1738 1791 2003 1840 universam
2053 1789 2254 1842 habent
2278 1819 2281 1824 ·
2302 1790 2553 1842 nonnulli
2570 1829 2591 1855 ,
2638 1791 2771 1844 forte

1738 1868 1945 1922 meliuS.

1823 1968 1873 2000 α.
1918 1947 2043 2001 Alio
2085 1949 2389 2002 excubarent.
2437 1949 2567 2002 Haec
2614 1951 2771 2002 verlia

1740 2029 1932 2080 absunt
1956 2030 2025 2080 ab
2048 2030 2296 2082 omnibus
2322 2028 2479 2082 codd.
2514 2041 2568 2082 et
2594 2049 2662 2082 ex
2690 2031 2767 2083 in-

1736 2108 1895 2178 genio
1922 2107 2190 2162 editorum
2220 2109 2657 2180 proficiscuntur.
2694 2111 2768 2165 Ita

1736 2207 1821 2240 res
1850 2188 2005 2240 facile
2027 2189 2253 2260 intelligi
2285 2200 2475 2259 potest.
2504 2191 2770 2244 Caeterum

1736 2267 1875 2319 nihil
1920 2280 1999 2320 est
2039 2269 2235 2321 certius
2278 2269 2367 2321 hic
2406 2267 2590 2322 deesse
2628 2289 2770 2321 com-

1736 2347 1919 2419 plura,
1946 2346 2091 2419 quod
2119 2361 2336 2420 apparet
2358 2390 2373 2413 ,
2407 2367 2535 2402 cum
2570 2368 2602 2402 e
2641 2350 2770 2402 serie

1738 2444 1954 2496 rerum,
1982 2440 2097 2480 tum
2138 2447 2201 2480 ex
2244 2429 2359 2480 aliis
2388 2429 2741 2499 scriptoribus
2759 2469 2774 2497 ‚

1736 2507 1987 2579 Appiano
2000 2546 2017 2573 ‚
2045 2509 2219 2562 Dione
2246 2509 2455 2575 Cassio,
2476 2522 2533 2561 et
2562 2509 2769 2562 Plutar-

1738 2589 1859 2641 cho.
1904 2588 2247 2642 Desideratur
2288 2608 2397 2660 quo
2435 2590 2633 2641 abierit
2660 2592 2770 2643 Cae-

1738 2686 1825 2721 sar
1839 2706 1856 2733 ,
1888 2681 1942 2721 et
1985 2669 2201 2721 initium
2250 2668 2567 2740 irruptionis
2616 2670 2769 2723 Pom-

1736 2748 2070 2819 peianorum.

1820 2828 1951 2881 CAP.
1980 2830 2071 2881 LI.
2110 2847 2157 2882 1.
2190 2830 2384 2881 Interim
2410 2833 2591 2881 certior
2606 2833 2771 2897 faetus

1738 2908 1945 2960 Publius
1968 2908 2125 2978 Sylla.
2151 2908 2252 2960 Hic
2278 2910 2520 2961 lacunam
2544 2922 2672 2981 post
2686 2910 2770 2961 Aa·

1738 2986 1870 3040 dum
1884 3030 1899 3053 ,
1930 2990 2177 3059 supplere
2222 2989 2447 3042 tentavit
2488 2988 2769 3041 Goduinus

1740 3086 1804 3120 ex
1836 3069 2026 3133 Dione,
2052 3070 2089 3120 l.
2110 3086 2205 3121 xm
2220 3106 2233 3126 ,
2258 3070 2350 3139 qui
2373 3069 2563 3125 scribit
2604 3070 2769 3122 Caesa·

1738 3166 1855 3200 rem
1890 3166 1983 3219 spe
2008 3146 2335 3219 occupandi,
2362 3166 2461 3219 per
2500 3147 2771 3220 praesidia·

1738 3228 1947 3280 riorum
2006 3226 2371 3299 proditionem
2392 3266 2410 3293 ,
2451 3227 2523 3281 ad
2574 3231 2770 3300 Dyrra·

1740 3308 1922 3360 chium
1964 3326 2325 3380 progressum,
2356 3325 2529 3380 quum
2572 3310 2634 3361 in
2680 3328 2767 3361 an-

1740 3389 1935 3459 gustias
1980 3388 2210 3441 venisset
2224 3426 2240 3453 ,
2284 3406 2540 3458 magnum
2588 3387 2769 3441 adiisse

1738 3468 2079 3539 periculum,
2124 3481 2179 3519 et
2226 3462 2529 3538 complures
2583 3469 2769 3521 milites

1740 3547 1992 3602 amisisse.
2012 3548 2188 3601 Etiam
2202 3546 2547 3601 referendum
2566 3560 2647 3600 est
2668 3548 2773 3600 Ca>-

1740 3628 1871 3680 saris
1903 3640 2215 3699 stratagema
2229 3666 2246 3694 ,
2277 3626 2426 3699 quod
2454 3646 2482 3679 a
2520 3628 2767 3698 Polyaeno

1739 3708 1994 3760 refer-mr:
2014 3726 2209 3779 nempe
2228 3726 2396 3779 quum
2417 3708 2770 3778 Dyrrachium

1740 3806 1930 3857 capere
1948 3787 2107 3841 vellet
2124 3827 2139 3856 ,
2158 3800 2213 3841 et
2238 3806 2435 3859 paucos
2460 3788 2666 3857 equites
2685 3786 2769 3842 ha-

1740 3869 1890 3920 beret
1904 3906 1919 3929 ,
1961 3869 2061 3920 sub
2081 3864 2085 3871 ’
2108 3869 2277 3921 tribus
2324 3867 2641 3920 cohortibus
2686 3884 2769 3917 eos

1742 3946 2006 4013 occuluit,
2033 3958 2087 3999 et
2112 3948 2250 4000 nihil
2278 3947 2555 4018 praeoepit,
2588 3946 2692 3999 nisi
2712 3956 2768 3997 ut

1742 4046 1947 4081 summa
1964 4028 2039 4093 vi,
2057 4040 2316 4098 quantum
2334 4040 2567 4099 possent,
2586 4027 2767 4097 pulve-

1742 4126 1861 4161 rem
1886 4109 2175 4165 excitarent
2188 4108 2499 4165 maxim-um.
2518 4107 2641 4172 Qua
2654 4104 2771 4181 pul-
