3025 5025
539 444 694 517 616
1065 474 1072 481 ·
1385 446 1829 516 TABULA.
1904 530 1912 539 ι

539 594 1096 693 supplementum
1118 600 1152 667 I
1179 595 1265 667 ad
1295 612 1488 667 notas
1524 598 1819 693 capitum
1865 621 1890 665 1
1913 593 1953 667 5
1971 635 2007 650 -
2032 619 2057 665 1
2080 622 2118 692 7
2150 622 2193 667 a
2226 601 2486 693 Turpia

640 740 730 809 de
787 730 1013 807 Cri-sse}
1023 788 2482 808 ....................
2549 734 2645 807 52
2668 762 2695 806 1

533 879 1086 977 supplementum
1139 883 1210 949 II
1251 880 1338 951 ad
1378 866 1575 951 nossas
1618 882 1853 976 capitis
1893 883 1989 976 47
2035 880 2121 948 de
2176 882 2401 975 scopis
2441 903 2483 947 a

637 1025 722 1091 V.
755 1025 832 1092 C.
873 1023 1110 1093 Cavier
1110 1072 2479 1090 ...................
2545 1016 2589 1091 5
2596 1044 2695 1093 22

529 1164 1084 1261 Supplementum
1111 1170 1218 1237 ΠΙ
1243 1168 1329 1236 ad
1351 1183 1547 1236 notas
1576 1190 1724 1262 cap.
1758 1190 1857 1263 97
1894 1166 1977 1237 de
2004 1167 2477 1237 Adrumetinis.
2544 1164 2691 1239 523
2735 1172 2743 1177 ’

529 1357 833 1429 Oberlini
876 1358 1404 1463 praefationeula.
1467 1412 1482 1427 .
1536 1412 1552 1428 .
1614 1412 1629 1429 .
1692 1412 1706 1425 .
1768 1412 1786 1429 .
1844 1410 1862 1427 .
1922 1410 1940 1427 .
2002 1413 2016 1428 .
2078 1412 2094 1427 .
2154 1413 2169 1429 .
2228 1414 2244 1429 .
2304 1414 2318 1429 .
2382 1388 2403 1426 .·
2463 1414 2478 1429 .
2542 1357 2695 1432 526

523 1494 688 1570 Belli
717 1504 1175 1596 Hispaniensis
1203 1512 1676 1599 argumentum
1684 1550 2477 1571 ...........
2544 1501 2693 1575 528

523 1642 688 1711 Belli
723 1645 1184 1739 Hispaniensis
1227 1643 1394 1714 liber
1429 1643 1783 1739 singularis
1788 1692 2474 1715 ..........
2540 1642 2693 1743 529

525 1784 834 1885 Historiae
864 1784 1346 1893 fragmentiim,
1373 1810 1491 1854 seu
1527 1782 2083 1880 Supplementum
2111 1783 2197 1852 ad
2217 1783 2477 1855 Bellum

445 1978 448 1985 .
565 1974 572 1981 -
630 1927 1109 2021 Hispaniense.
1170 1980 1185 1995 .
1247 1980 1260 1995 .
1472 1980 1486 1997 .
1699 1978 2473 1996 ...........
2539 1924 2691 2025 572

523 2115 884 2212 Catalogus
922 2119 1246 2189 Virorum
1285 2117 1655 2189 Illustrium
1678 2168 2472 2191 ...........
2537 2119 2695 2195 580

521 2258 629 2327 De
671 2261 1154 2355 scripturarum
1188 2260 1605 2357 compendiis
1630 2260 1717 2330 ad
1746 2258 2065 2337 lectorem
2070 2314 2472 2331 ......
2530 2262 2581 2334 6
2597 2288 2624 2335 1
2640 2268 2685 2349 4

1024 2713 1247 2760 FINIS
1284 2713 1654 2763 SECUNDI
1688 2713 2177 2763 VOLUMINIS.
