3025 5025
567 451 670 524 16

853 452 932 521 C.
975 450 1274 521 JULII
1330 448 1809 521 CAESA-Rls
1843 449 2421 522 COMMENT.

564 584 920 681 Pompeius
975 582 1209 656 eadem
1265 579 1378 651 illa
1395 634 1416 670 ,
1429 632 1436 639 -
1451 605 1599 677 quae
1650 604 1773 675 per
1830 582 2210 677 Scipionem
2234 580 2257 607 ²
2295 584 2677 666 ostenderat
2696 641 2719 675 ‚

565 693 734 787 agit:
773 721 810 759 α
845 703 1112 761 senatus
1139 690 1456 763 virtutem
1483 690 2057 782 constantiamque
2087 687 2461 761 collaudat:
2491 686 2720 787 c'opias

564 822 718 869 suas
773 796 1079 894 exponit3
1119 793 1410 891 legiones
1451 794 1714 865 habere
1775 818 1915 865 sese
1968 809 2235 891 paratas
2268 821 2362 881 κς
2396 812 2719 892 praeterea

563 906 908 1000 cognitum
946 916 1494 998 compertumque
1532 900 1657 972 sibi
1680 885 1729 990 ³,
1762 899 1977 971 alieno
2020 926 2164 971 esse
2202 905 2425 973 animo
2463 906 2534 975 in
2570 907 2718 975 Cae·

565 1036 782 1083 sarem
820 1009 1058 1080 milites
1078 1064 1098 1098 ‚
1123 1033 1340 1103 neque
1369 1009 1450 1077 iis
1478 1032 1674 1103 posse
1706 1008 2126 1103 persuaderi,
2159 1010 2261 1079 uti
2296 1035 2453 1081 eum
2466 1048 2473 1056 ·
2486 1010 2716 1081 defen·

563 1120 728 1189 dant
749 1131 878 1189 ,aut
921 1129 1302 1211 sequantur.
1339 1144 1378 1183 ι)
1423 1113 1671 1186 Saltem
1695 1104 1720 1146 ²⁸
1750 1114 1834 1185 de
1869 1114 2135 1209 reliquis
2173 1116 2371 1187 rebus
2408 1116 2715 1188 adsena-

559 1240 712 1295 tum
733 1223 1019 1293 refertur
1036 1237 1221 1295 :tota
1246 1219 1741 1293 Italiadilectus
1761 1221 2167 1310 habeantur3
2191 1224 2473 1293 Faustus
2501 1206 2717 1295 Sulla⁵

561 1334 943 1426 Propraetor
957 1314 986 1353 ⁶
1028 1331 1100 1397 in
1158 1328 1634 1399 Mauritaniam
1658 1327 1684 1368 ⁷
1732 1329 2081 1417 mittatur;
2129 1330 2413 1424 pecunia
2459 1333 2572 1401 .uti
2632 1356 2717 1403 ex

649 1568 701 1607 ι’.
738 1553 841 1604 Per
868 1550 1152 1621 Scipionem.
1176 1546 1307 1603 Vid.
1334 1568 1380 1603 c.
1412 1568 1466 1602 a.
1492 1550 1597 1603 Le-

563 1632 748 1705 giones
765 1632 962 1683 habere
978 1643 1187 1702 paratas
1207 1628 1393 1683 decem
1409 1626 1468 1681 id
1485 1648 1599 1683 om·

563 1712 696 1765 nino
737 1710 927 1763 falsum
971 1722 1075 1775 est,
1100 1722 1155 1764 et
1193 1728 1223 1761 a
1257 1710 1597 1781 Pompeianis

561 1790 779 1863 publice
792 1793 1079 1862 jactatum,
1101 1802 1164 1843 ut
1184 1790 1388 1861 populo
1414 1790 1598 1842 fucum

563 1863 816 1925 facerent.
839 1870 979 1923 Nam
999 1868 1286 1941 Pompeius
1307 1867 1378 1922 ad
1404 1867 1466 1921 id
1481 1869 1597 1923 hel·

563 1952 680 2007 lum
719 1950 1012 2022 imparatus
1056 1949 1300 2015 aoeessit,
1331 1960 1392 2001 ut
1427 1966 1597 2021 'snpra

565 2028 750 2086 videre
775 2029 944 2083 licuit.

649 2112 701 2164 3.
755 2109 1016 2180 Cognitum
1061 2121 1437 2181 conpertumque
1483 2108 1595 2162 sibi.

565 2189 826 2247 Consulto
857 2189 918 2241 hi
946 2206 1191 2242 rumores
1235 2189 1598 2241 afferebantur

563 2268 751 2324 eadem
781 2268 849 2323 de
878 2287 1048 2323 causa.

645 2356 699 2415 4.
728 2348 930 2404 Saltem.
961 2350 1107 2401 Bene
1137 2347 1428 2401 Oberlinus
1456 2349 1597 2401 hanc
1662 2336 1673 2351 ’

564 2449 751 2493 vocem
769 2426 976 2482 addixit
992 2425 1316 2499 praecedenti
1329 2429 1498 2481 verbo
1521 2448 1597 2479 se-

565 2524 802 2585 quantur,
841 2528 954 2562 non
983 2507 1328 2580 sequentibus
1342 2545 1359 2572 ,
1384 2521 1447 2560 ut
1482 2508 1600 2562 vult

564 2589 920 2660 Oudendorp.
935 2590 1003 2642 In
1012 2600 1198 2641 nostro
1211 2586 1395 2640 codioe
1413 2588 1443 2640 5
1451 2608 1482 2658 7
1492 2592 1565 2652 64
1576 2625 1594 2654 ‚

563 2671 638 2724 ita
673 2670 908 2742 legitur:
937 2672 1008 2721 uti
1044 2688 1151 2723 eum
1185 2667 1476 2736 defendant,
1511 2680 1603 2720 aut

563 2763 826 2824 sequantur
872 2749 1056 2802 saltem.
1108 2750 1190 2800 De
1233 2749 1426 2819 reliquis
1441 2786 1459 2810 ,
1503 2761 1595 2802 etc.

551 2830 829 2886 Nonnulli
841 2828 1195 2884 emendabant
1209 2829 1371 2881 saltim
1385 2828 1422 2881 i.
1437 2846 1487 2881 e.
1501 2829 1601 2880 sal-

569 2915 766 2974 tuatim,
800 2909 1025 2981 raptim:
1050 2927 1350 2981 perperam.
1389 2909 1456 2960 In
1481 2907 1599 2961 edi-

565 2992 712 3043 tione
722 2990 1001 3044 Graeviana
1011 2989 1170 3060 plane
1185 2989 1331 3042 abest
1343 3007 1356 3042 τ
1373 2986 1466 3041 sed
1479 3007 1599 3042 aut>-

568 3071 754 3125 toritas
780 3067 938 3124 codd.
961 3081 1193 3140 praestat.

652 3151 703 3204 5.
749 3151 965 3204 Faustus
1005 3149 1165 3202 Sulla.
1211 3149 1272 3200 P.
1317 3147 1599 3202 Cornelius

567 3231 709 3302 Sylla
741 3231 964 3283 Faustus
979 3268 996 3295 ,
1026 3229 1102 3281 ita
1133 3229 1537 3300 cognominatus
1569 3248 1599 3282 a

565 3324 718 3382 patre
734 3349 751 3376 ,
782 3322 1098 3382 quaesturam
1131 3309 1392 3362 urbanam
1440 3309 1598 3362 sorti-

569 3403 654 3444 tus
668 3403 781 3444 erat
797 3409 883 3444 an.
901 3394 1034 3459 699.
1051 3391 1105 3443 Is
1121 3389 1463 3462 pompeianas
1479 3407 1600 3459 par-

567 3482 646 3524 tes
697 3481 1002 3524 constanter
1057 3482 1267 3523 secutus
1320 3481 1428 3532 est,
1471 3487 1599 3520 nam

567 3551 816 3622 Pompeii
838 3568 1000 3621 gener
1030 3563 1172 3615 erat,
1197 3546 1292 3619 sed
1321 3547 1463 3620 patri
1492 3548 1600 3600 vir-

567 3632 774 3684 tutibus
819 3643 872 3683 et
920 3630 1166 3696 fortuna,
1210 3628 1368 3681 sicuti
1409 3640 1464 3679 et
1509 3645 1596 3679 so·

567 3730 693 3765 cero
729 3730 826 3764 suo
841 3747 859 3776 ‚
890 3711 1112 3764 omnino
1149 3708 1322 3778 impar
1353 3707 1470 3760 fuit.
1517 3707 1599 3760 De

568 3792 729 3861 hujus
741 3791 889 3843 exitu
901 3787 1203 3844 videbimus
1215 3786 1354 3838 infra
1365 3825 1382 3852 ‚
1400 3787 1460 3840 B.
1479 3787 1595 3840 Afr.

568 3871 743 3942 Hujus
775 3869 1020 3924 denarios
1059 3878 1331 3939 argenteos
1359 3868 1598 3938 quinque

568 3952 732 4004 refert
757 3949 984 4002 Vaillant
998 3949 1098 4002 sub
1123 3948 1361 4000 numeris
1387 3949 1480 4013 82,
1502 3949 1598 4014 83,

573 4033 678 4096 84,
719 4031 827 4097 85,
856 4033 948 4084 86.
989 4029 1056 4081 Τ.
1095 4046 1146 4094 1,
1172 4047 1228 4098 p.
1266 4027 1414 4098 359,
1451 4029 1599 4096 360,

575 4111 645 4164 36
660 4128 680 4162 1
704 4129 721 4177 3
752 4129 982 4180 quorum
1009 4107 1145 4162 duos
1174 4107 1382 4180 priores
1404 4110 1461 4162 in
1496 4109 1598 4162 ho-

1684 1568 1875 1603 norem
1916 1550 2081 1622 patris
2096 1588 2113 1617 ‚
2140 1569 2265 1605 cum
2309 1544 2482 1623 capite
2530 1552 2717 1607 Diana

1682 1630 1868 1683 lunam
1888 1630 2163 1684 bicornem
2184 1630 2244 1685 in
2264 1631 2440 1685 fronte
2456 1633 2713 1703 gerentis:

1682 1728 1826 1782 pone
1842 1709 2008 1763 lituus
2028 1723 2106 1763 est
2126 1729 2140 1763 :
2171 1710 2458 1783 epigraphe
2474 1750 2490 1777 ,
2505 1712 2716 1766 FAUS-

1683 1790 1856 1856 TUS;
1893 1790 1953 1842 in
1995 1809 2176 1843 aversa
2228 1803 2380 1863 parte
2400 1828 2418 1857 ‚
2464 1792 2714 1859 FEL1x3

1684 1868 1828 1941 Syna
1850 1868 2037 1923 sedens
2061 1872 2201 1925 inter
2228 1872 2506 1925 Bocchum
2532 1885 2589 1927 et
2615 1873 2649 1925 J
2651 1892 2715 1925 u·

1684 1950 1934 2020 gurtham
1952 1968 2123 2021 reges,
2146 1950 2487 2022 genuflexos3
2509 1952 2601 2007 ille
2618 1952 2718 2007 oli-

1682 2048 1763 2083 voe
1794 2048 2004 2082 ramum
2027 2029 2216 2084 dextra
2234 2043 2404 2097 tenet,
2428 2030 2518 2085 hic
2538 2050 2716 2103 gemo-

1681 2127 1743 2163 re
1756 2146 1769 2167 ‚
1792 2110 2041 2163 manibus
2056 2122 2180 2181 post
2201 2111 2716 2182 tergumrevinctis,

1683 2188 1913 2259 videtur.
1933 2190 2223 2261 Sequentes
2252 2190 2369 2243 cusi
2388 2203 2516 2245 sunt
2538 2190 2599 2246 in
2615 2192 2717 2245 ho·

1682 2288 1873 2324 norem
1914 2270 2159 2341 Pompeii
2181 2308 2199 2336 ,
2244 2282 2302 2323 et
2351 2268 2420 2323 ad
2466 2270 2717 2325 victorias

1684 2350 1799 2418 ejus
1829 2346 2091 2403 alludunt.

1766 2431 1821 2481 6.
1837 2429 2135 2500 Proproetot.
2156 2430 2251 2483 Est
2272 2430 2575 2485 emendatio
2592 2430 2719 2487 Aldi

1682 2508 1945 2562 Manutii:
1968 2529 2095 2563 nam
2124 2507 2282 2564 codd.
2312 2530 2497 2566 omnes
2516 2512 2719 2566 habent

1676 2607 1897 2660 propere.
1932 2590 2070 2644 Fuse
2108 2589 2177 2644 de
2212 2591 2313 2644 hac
2340 2593 2571 2646 lectione
2606 2590 2717 2647 dis-

1683 2670 1852 2723 seruit
1870 2670 2127 2738 Vossius3
2152 2683 2206 2724 et
2231 2691 2401 2744 quum
2421 2673 2535 2726 Cic.
2562 2673 2716 2744 epist.

1684 2747 1752 2802 ad
1772 2751 1879 2803 Att.
1902 2769 1987 2816 ιι,
2006 2770 2029 2803 1
2040 2790 2057 2817 ,
2074 2753 2318 2805 nominat
2337 2753 2593 2806 Faustum
2603 2773 2720 2823 pro-

1684 2842 1991 2901 quoestomm,
2040 2831 2304 2884 existimat
2326 2832 2548 2884 Vossius
2571 2833 2719 2887 hunc

1683 2928 1785 2982 pro
1816 2923 2048 2982 praetore
2084 2910 2141 2963 in
2182 2911 2559 2964 Mauritaniam
2592 2911 2719 2965 mis-

1684 3008 1804 3043 sum
1830 3001 2007 3062 patres
2024 2990 2280 3055 voluisse;
2302 2989 2565 3044 obstitisse
2586 3009 2717 3050 vero

1683 3070 1965 3122 tribunum
1984 3107 2002 3136 ‚
2048 3081 2102 3122 et
2138 3087 2241 3141 pro
2266 3081 2553 3140 ,quaestore
2606 3083 2721 3126 tan.

1684 3161 1800 3203 tum
1822 3149 2022 3219 Syllam
2048 3148 2253 3202 abiisse.
2275 3148 2473 3202 Omnia
2492 3150 2607 3204 haec
2630 3171 2716 3206 ar·

1682 3242 1809 3300 gute
1822 3228 2000 3281 nimis.
2014 3228 2151 3280 Nam
2163 3267 2180 3293 ‚
2195 3228 2281 3282 his
2294 3229 2471 3282 verbis
2486 3231 2547 3283 de
2562 3233 2719 3285 Faus-

1686 3322 1735 3360 to
1764 3309 1962 3380 impedit
1992 3309 2250 3379 Philippus
2283 3309 2497 3362 tribunus
2527 3312 2711 3382 plebis,

1683 3388 1821 3442 nihil
1867 3387 2012 3441 aliud
2058 3386 2320 3458 significat
2366 3389 2567 3452 Caesar,
2610 3392 2716 3446 nisi

1684 3468 1999 3539 Philippum
2040 3467 2165 3521 trib.
2214 3470 2290 3540 pl.
2332 3468 2684 3525 intercessisse
2698 3509 2717 3538 ,

1684 3567 1753 3601 ne
1799 3548 2023 3601 Faustus
2065 3548 2369 3602 mitteretur
2412 3551 2472 3604 in
2512 3551 2717 3604 Mauri-

1684 3626 1900 3682 taniam.
1950 3629 2291 3700 Quapropter
2340 3648 2509 3700 quum
2556 3631 2717 3684 lectio

1677 3727 1881 3780 propere
1917 3707 2075 3762 faciat
2098 3707 2166 3761 ad
2209 3729 2324 3762 rem
2338 3749 2355 3774 ‚
2387 3724 2441 3764 et
2475 3711 2717 3783 apprime

1685 3785 1937 3862 depingat
1960 3788 2349 3844 festinationem
2372 3789 2720 3859 Pompeiano·

1684 3887 1833 3934 rum,
1853 3869 1991 3922 hanc
2022 3869 2309 3923 lectionem
2334 3869 2718 3922 consentienti·

1684 3949 1785 4003 bus
1808 3946 1965 4002 codd.
2000 3950 2059 4002 in
2091 3963 2234 4003 textu
2264 3966 2596 4020 reponerem.

1770 4049 1823 4100 7.
1878 4031 1941 4083 In
1986 4029 2352 4082 Mauritaniam.
2408 4026 2533 4081 scil.
2585 4043 2714 4100 pro-

1684 4109 1859 4184 priam
1872 4148 1891 4176 ,
1915 4122 1978 4165 ut
1994 4128 2143 4180 reges
2166 4109 2439 4164 Bocchum
2463 4122 2517 4164 et
2534 4109 2711 4180 Bogu-
