3025 5025
278 491 2357 532 mmmmmmmmmmmae

326 699 515 801 DE
597 699 1309 807 MUSCULO
1391 703 2312 817 CAESARIANO

392 953 737 1100 ANTE
819 952 1587 1042 MASSILIAM
1671 955 2232 1046 ΕΑΟΤΟ.ἰ

1793 1244 1827 1252 .-

257 1438 402 1561 M
388 1501 687 1570 usculu'm
716 1499 887 1596 ped.
935 1493 1080 1571 LX.
1118 1499 1306 1588 Quid
1350 1502 1432 1569 sit
1462 1489 1816 1570 Musculus
1834 1556 1854 1592 ‚
1891 1503 2203 1572 machina
2243 1503 2383 1574 bel-

254 1603 361 1676 lica
378 1660 396 1694 ‚
437 1607 964 1703 frequentissime
1007 1608 1075 1674 in
1113 1603 1566 1708 obsidionibus
1610 1608 1907 1678 adhibita
1926 1664 1945 1698 ‚
1986 1625 2054 1678 et
2093 1614 2386 1682 maximo

253 1717 377 1784 us'u'i
420 1707 591 1784 facta
645 1729 801 1784 a’nte
848 1711 1285 1809 sulphureum
1326 1711 1673 1809 pulverem
1711 1717 2057 1786 inventum
2080 1772 2099 1805 ‚
2145 1714 2251 1787 vel
2299 1716 2386 1789 ad

252 1821 551 1892 eruendos
583 1846 815 1891 muros
838 1876 858 1911 ,
882 1819 989 1890 vel
1028 1817 1112 1890 a'd
1143 1809 1350 1890 fossas
1389 1811 1942 1916 complanandas‘‚
1972 1840 2096 1894 nos
2138 1809 2384 1896 docent

250 1925 603 2022 planissime
624 1984 645 2019 ‚
673 1939 742 1997 e't
766 1929 1120 2024 Vegetius‚
1148 1927 1337 2023 cujus
1372 1925 1517 1997 haec
1555 1930 1762 1998 verba
1797 1941 1992 2000 sunt:
2025 1925 2385 2004 Musoulos

250 2031 461 2105 dicunt
493 2043 793 2106 minores
825 2035 1187 2105 machinas
1206 2089 1228 2122 ,
1269 2035 1518 2131 quibus
1543 2041 1850 2134 protecti
1879 2029 2248 2110 bellatores
2265 2095 2288 2128 ‚
2322 2048 2389 2111 s'i

247 2138 435 2212 lutum
476 2131 786 2235 obfiaen't
826 2133 1018 2230 (alii,
1056 2141 1379 2212 sudatum
1414 2143 1749 2234 auferunt
1773 2136 1800 2234 )
1821 2147 2381 2239 civitatzsfossa-

246 2259 367 2318 lum
429 2256 643 2320 etiam
709 2254 1108 2346 apportatis
1159 2248 1536 2347 lapidibus,
1601 2253 1808 2346 lignis
1856 2275 1948 2322 ac
1999 2265 2188 2322 terra
2240 2274 2383 2325 non

245 2357 441 2426 solum
487 2355 870 2454 complent,
899 2345 1031 2426 sed
1056 2359 1268 2425 etiam
1301 2355 1650 2445 solidant,
1691 2373 1773 2426 ut
1806 2371 2044 2427 turres
2074 2359 2381 2430 ambula-

243 2468 419 2533 toriae
451 2470 605 2535 sine
637 2463 1119 2562 impedinzento
1133 2461 1536 2559 jungantur
1566 2463 1674 2532 ad
1703 2487 1985 2533 murum.
2019 2466 2386 2537 Vocantur

241 2586 447 2641 autem
504 2593 555 2641 a
606 2575 891 2640 marinis
934 2561 1175 2640 belluis
1210 2564 1521 2638 Musculi
1538 2595 1562 2638 .·
1590 2592 1756 2639 nam
1802 2572 2380 2663 quemadmodum

238 2664 355 2765 illi,
395 2700 607 2773 quum
641 2682 936 2746 minores
975 2681 1149 2763 sint,
1177 2691 1411 2746 tamen
1446 2674 1741 2745 balcenis
1782 2678 2118 2747 auxillum
2168 2672 2381 2750 admi·

240 2784 652 2880 nik-zelumque
702 2782 975 2879 jzcgiter
1030 2782 1355 2853 exhibent
1362 2809 1391 2870 ‚·
1434 2788 1540 2852 ita
1603 2788 1759 2851 istae
1814 2782 2158 2854 machince
2219 2786 2376 2856 bre-

242 2893 439 2960 viores
462 2946 487 2980 ,
547 2890 908 2987 deputatae
975 2888 1271 2959 turribus
1332 2904 1606 2985 magnis
1636 2943 1659 2976 ‚
1715 2888 2044 2959 adventui
2101 2890 2377 2963 illarum

230 3002 723 3089 parantviam,
754 3002 1137 3093 itineraque
1148 3000 1664 3093 praemut‘ziunt3
1679 3011 1746 3065 et
1767 2996 2096 3087 IsidoruS‚
2121 3000 2375 3094 Etym.:

238 3098 587 3175 Masculus
628 3104 940 3173 cuniculo
974 3104 1214 3173 sinn‘lcs
1225 3102 1370 3193 fit,
1411 3128 1552 3199 quo
1580 3127 1812 3172 murus
1843 3104 2255 3199 perfoditur.
2289 3108 2378 3177 Et

224 3218 329 3279 -est
400 3227 672 3306 quoque
743 3208 928 3279 velut
988 3208 1257 3305 specula
1322 3206 1585 3279 mobilis
1606 3262 1627 3297 ‚
1675 3208 1854 3279 unde
1910 3208 2148 3281 milites
2222 3214 2383 3283 tecti

236 3338 491 3387 murum
566 3316 899 3387 subruunt
948 3342 965 3385 ε
1020 3314 1193 3385 male
1253 3316 1455 3411 igitur
1509 3315 1880 3385 mechanici
1945 3330 2012 3385 et
2061 3316 2380 3390 militares

238 3425 586 3520 scriptores
626 3434 868 3519 putant
885 3477 903 3513 ,
937 3437 1007 3492 et
1041 3422 1335 3493 formant
1370 3410 1755 3508 Musculum
1791 3436 1992 3493 acuto
2023 3438 2275 3515 rostm,
2314 3438 2382 3495 et

239 3552 309 3597 eo
352 3532 496 3627 ipso
534 3555 765 3600 muros
808 3528 1312 3627 perfodientem.
1362 3525 1546 3600 Nihil
1591 3525 1722 3599 tale
1765 3527 1957 3618 olim;
2001 3523 2116 3600 sed
2153 3522 2238 3601 de
2283 3544 2380 3601 te·

236 3634 421 3706 ‘rebra
475 3638 699 3733 potius
744 3648 939 3707 esset.
990 3636 1207 3732 Hujus
1261 3635 1547 3705 formam
1591 3636 1722 3705 hoc
1769 3634 1922 3705 loco
1961 3635 2385 3731 peculiariter

239 3733 549 3813 ‘describit
580 3747 841 3832 Caesar,
865 3744 1021 3841 quia
1070 3743 1288 3813 forma
1340 3742 1481 3836 ejus
1531 3753 1675 3811 erat
1723 3739 2003 3812 insolita.
2031 3778 2138 3791 --
2159 3743 2408 3814 Pedes*

238 3838 370 3919 LX.
407 3849 518 3920 De
562 3866 843 3920 numero
889 3850 1151 3919 dubitat
1184 3851 1480 3945 Lipsius,
1519 3849 1706 3943 cujus
1747 3850 1890 3919 haec
1929 3863 2085 3920 sunt
2126 3850 2335 3920 verba
2366 3877 2382 3919 τ

242 3981 275 4018 α
322 3959 716 4053 Sexaginta
745 3956 948 4053 pedes
976 3955 1169 4026 multi
1186 3956 1351 4025 mihi
1374 3954 1765 4044 videantur,
1785 3970 1864 4026 ut
1891 3956 2242 4029 Masculus
2267 3959 2385 4046 sit,

310 4132 336 4157 *
374 4122 531 4189 vide
564 4129 670 4189 lib.
706 4132 805 4202 11,
840 4129 916 4190 de
944 4126 1113 4190 Bello
1140 4127 1345 4205 civili,
1377 4147 1506 4209 cap.
1545 4148 1635 4187 10.

1874 4235 2012 4318 22⁴
2113 4244 2118 4247 ’
