3025 5025
605 510 784 592 ⁴[flio
1434 512 1575 583 DE
1628 510 1983 581 BELLO

631 655 836 711 neret.
873 641 1050 713 Huic
1085 643 1384 713 venienti
1400 645 1541 713 sine
1576 644 1991 713 dubitatione
2022 639 2383 713 Marcellus
2416 664 2487 711 se
2524 638 2733 711 credit
2750 637 2771 665 ²

631 762 832 841 atque
877 748 1118 825 offert:
1155 752 1423 821 Cassius
1467 766 1703 821 contra
1744 752 1879 820 suis
1922 775 1991 821 se
2032 764 2217 819 tenet
2257 748 2611 845 praesidfis3
2647 748 2774 815 sive

632 878 713 923 eo
733 908 752 942 ,
795 856 977 949 quod
1016 856 1168 951 plus
1225 858 1348 927 sibi
1389 858 1557 950 juris
1601 858 1863 945 deberi,
1904 848 2108 953 quam
2152 854 2513 944 Marcello,
2555 854 2774 923 existi-

631 961 890 1047 mabat3
935 964 1072 1033 sive
1127 988 1244 1052 eo,
1295 964 1510 1061 quod,
1554 988 1642 1033 ne
1684 978 2195 1059 praeoccupatus
2238 964 2501 1033 animus
2551 959 2777 1055 Lepidi

633 1082 807 1137 esset
875 1070 1192 1165 obsequio
1251 1070 1614 1143 adversarii
1629 1124 1649 1158 ,
1705 1071 2082 1140 verebatur.
2152 1070 2349 1139 Ponit
2406 1067 2493 1139 ad
2560 1065 2773 1137 Uliam

635 1188 852 1244 castra
887 1177 1216 1271 Lepidus;
1249 1202 1466 1273 neque
1499 1178 1705 1246 habet
1732 1202 1775 1245 a
1810 1175 2135 1246 Marcello
2170 1175 2534 1271 quidquam
2576 1172 2773 1242 divisi.

633 1281 742 1350 Ne
777 1297 1149 1377 pugnetur,
1191 1284 1527 1355 interdicit
1557 1296 1588 1352 ε’
1618 1283 1704 1352 ad
1744 1276 2123 1353 exeundum
2165 1284 2471 1352 Cassium
2514 1281 2775 1366 invitat,

636 1385 970 1482 fidemque
996 1415 1184 1459 suam
1212 1394 1283 1460 in
1308 1416 1380 1459 re
1407 1388 1593 1461 omni
1616 1388 1999 1485 interponit.
2026 1380 2258 1479 Quum
2284 1387 2399 1458 diu
2427 1387 2781 1463 dubitasset

639 1495 907 1565 Cassius
922 1550 942 1584 ,
989 1498 1150 1591 quid
1201 1498 1323 1567 sibi
1379 1496 1756 1567 faciendum
1774 1551 1793 1585 ,
1836 1495 2081 1591 quidve
2131 1494 2391 1591 Lepido
2430 1508 2607 1564 esset
2648 1516 2779 1563 cre·

639 1597 966 1687 dendum3
1017 1626 1233 1698 neque
1287 1602 1499 1673 ullum
1559 1606 1809 1672 exitum
1872 1597 2127 1673 consilii
2181 1604 2282 1671 sui
2334 1601 2684 1697 reperiret,
2734 1599 2780 1693 si

623 1722 1062 1798 permaneret
1101 1711 1173 1779 in
1223 1712 1597 1796 sententia,
1581 1738 1597 1752 ·
1644 1698 1971 1806 postulat,
2014 1710 2116 1779 uti
2154 1708 2554 1778 munitiones
2606 1704 2779 1799 disji-

640 1828 988 1904 ceremur,
1003 1816 1288 1911 ¹sibique
1339 1814 1510 1885 liber
1574 1818 1788 1886 exitus
1840 1816 2128 1886 daretur.
2183 1816 2343 1884 Non
2385 1828 2647 1884 tantum
2688 1814 2779 1879 in-

639 1915 850 1988 duciis
891 1919 1112 2009 factis,
1154 1922 1272 1991 sed
1300 1948 1512 2018 prope
1548 1923 1689 2017 jam
1732 1925 2095 1993 constituta
2128 1944 2332 2016 opera
2368 1946 2581 2017 quum
2610 1942 2779 1988 com·

641 2012 1034 2116 planarent³
1056 2082 1075 2114 ,
1141 2028 1588 2124 custodiaeque
1651 2032 2099 2102 munitionum
2174 2042 2395 2098 essent
2458 2025 2780 2111 deduetae,

640 2131 884 2201 auxilia
907 2134 1080 2229 regis
1115 2136 1183 2203 in
1203 2135 1270 2204 id
1299 2134 1643 2205 castellum
1670 2136 2009 2224 Marcelli,
2035 2135 2217 2231 quod
2249 2135 2629 2230 proximum
2652 2143 2780 2201 erat

641 2238 837 2331 regiis
889 2242 1120 2311 castris
1147 2296 1168 2332 ,
1215 2267 1432 2337 neque
1477 2243 1901 2338 opinantibus
1950 2242 2257 2312 omnibus
2302 2234 2414 2331 (si
2458 2256 2683 2311 tamen
2718 2240 2779 2305 in

642 2345 952 2416 omnibus
976 2346 1104 2416 fuit
1133 2351 1432 2435 Cassius3
1461 2352 1619 2419 nam
1648 2350 1731 2419 de
1767 2349 1967 2445 hujus
2006 2350 2415 2420 conscientia
2447 2346 2780 2417 dubitaba-

643 2450 827 2542 tur),
856 2455 1180 2549 impetum
1213 2455 1519 2527 fecerunt
1536 2512 1556 2544 ,
1594 2455 2103 2553 compluresque
2129 2456 2221 2526 ibi
2254 2454 2495 2526 milites
2523 2476 2779 2550 oppres-

643 2573 892 2628 serunt.
924 2562 1127 2651 Quod
1157 2565 1281 2633 nisi
1313 2563 1650 2653 celeriter,
1676 2563 2127 2659 indignatione
2156 2577 2225 2632 et
2254 2561 2503 2632 auxilio
2529 2558 2780 2656 Lepidi,

647 2664 948 2757 praelium
979 2685 1150 2738 esset
1175 2670 1614 2766 diremptum,
1652 2673 1869 2765 major
1910 2665 2251 2740 calamitas
2292 2682 2467 2738 esset
2502 2679 2778 2761 accepta.

755 2773 1004 2843 LXIV.
1063 2777 1296 2864 Quum
1360 2779 1487 2846 iter
1559 2779 1791 2855 Cassio
1845 2777 2256 2872 patefactum
2324 2790 2533 2865 esset,
2584 2786 2782 2843 castra

647 2877 1007 2950 Marcellus
1031 2906 1186 2950 cum
1208 2884 1468 2979 Lepido
1501 2884 1867 2980 conjungit.
1900 2884 2197 2978 Lepidus
2230 2881 2469 2952 eodem
2497 2896 2781 2976 tempore

647 2983 1136 3082 Marcellusque
1185 2990 1574 3059 Cordubam
1599 3045 1617 3077 ,
1664 2993 1931 3061 Cassius
1972 3014 2129 3060 cum
2178 2991 2315 3058 suis
2356 2987 2783 3084 proficiscitur

648 3090 1058 3164 Carmonam
1083 3094 1125 3162 ¹.
1173 3097 1312 3165 Sub
1351 3096 1529 3166 idem
1573 3112 1838 3192 tempus
1882 3097 2255 3166 Trebonius
2300 3093 2661 3191 proconsul
2707 3088 2781 3159 ad

739 3312 790 3346 ιι.
822 3295 1090 3348 Marcellus
1113 3319 1164 3350 se
1187 3298 1354 3351 credie.
1379 3288 1487 3351 D'io
1511 3299 1679 3366 Cass„
1771 3298 1862 3350 sed
1876 3317 2035 3370 prope
2048 3300 2159 3369 jam
2176 3300 2437 3350 constituta
2458 3316 2539 3360 re,
2560 3315 2639 3368 op.
2656 3311 2783 3369 qma·

655 3390 805 3438 mr,
826 3392 849 3426 1
863 3373 930 3440 5,
942 3369 1182 3430 Marcelli
1199 3395 1376 3432 mores
1395 3378 1471 3431 sic
1488 3376 1684 3432 descri-
1771 3379 1961 3448 corrupt„
2012 3378 2118 3431 hoc
2167 3390 2278 3443 est,
2317 3396 2487 3450 quum
2530 3395 2697 3449 prope
2726 3373 2783 3427 de

652 3453 771 3508 bit.
795 3473 921 3506 eum
939 3455 1204 3510 voluisse
1187 3469 1262 3510 ita
1284 3477 1340 3510 se
1360 3475 1572 3529 gerere,
1588 3470 1678 3520 ut,
1772 3458 1925 3511 omni
1964 3457 2330 3542 controversia
2355 3460 2467 3529 jam
2508 3455 2782 3510 consensis·

655 3533 766 3587 sive
783 3533 979 3600 Caesar,
991 3535 1102 3590 sive
1125 3537 1412 3609 Pompeius
1427 3537 1688 3596 obtinuis-
1772 3550 1889 3592 sent
1928 3551 1981 3592 et
2028 3529 2350 3591 munitiones
2380 3537 2781 3610 complanarent.

655 3609 736 3667 s'et
781 3607 802 3676 (
829 3614 1032 3686 quippe
1059 3615 1306 3670 nondum
1345 3617 1486 3670 fama
1511 3619 1685 3671 victo·
1772 3616 1934 3683 Quod
1962 3618 2066 3671 nisi
2091 3618 2294 3690 placeat
2310 3655 2327 3684 ,
2356 3637 2504 3688 opera
2524 3637 2675 3689 prope
2690 3635 2785 3667 001·-

654 3693 750 3746 riae
781 3693 1031 3748 Caesaris
1015 3715 1072 3748 ιιι
1085 3695 1398 3770 Hispaniam
1419 3695 1682 3770 perlata),
1772 3709 1944 3750 statuta
1965 3699 2023 3752 h.
2046 3698 2085 3752 l.
2114 3711 2300 3764 erunt,
2323 3715 2497 3770 prope
2514 3701 2623 3768 jam
2648 3697 2787 3748 abso·

657 3773 875 3844 truique
898 3773 1086 3830 &visse
1113 3777 1405 3835 videretur.
1423 3777 1539 3831 Etsi
1557 3795 1687 3832 vero
1772 3778 1887 3832 luta
1899 3789 1954 3832 et
1964 3779 2217 3851 perfecta.
2235 3777 2355 3832 Erit
2374 3777 2543 3848 igitur
2552 3775 2785 3847 exempli·

659 3853 922 3908 Caesarem
961 3855 1211 3911 habuerit
1260 3857 1574 3930 aliquandiu
1604 3857 1687 3910 of·
1774 3877 1911 3930 opus
1924 3896 1942 3924 ,
1976 3859 2172 3930 quibus
2206 3858 2321 3912 hnc
2354 3857 2519 3928 hujus
2550 3857 2782 3928 phraseos

659 3933 868 3986 sensum
879 3973 898 4000 ,
911 3938 1166 4008 quoniam
1179 3951 1366 3994 contra
1380 3938 1687 4010 Longinum
1776 3937 2094 4010 significatio
2120 3939 2484 3992 confirmetur.
2516 3937 2595 3996 M·

660 4014 939 4084 pugna-iu
957 4029 1135 4070 tamen
1154 4019 1220 4072 ab
1247 4037 1313 4072 eo
1331 4017 1549 4072 tandem
1570 4019 1683 4092 pla-
1848 4019 1980 4074 Cn.
2004 4019 2203 4072 LXIV.
2224 4037 2283 4072 τ.
2319 4015 2624 4070 commum.
2653 4010 2778 4067 Vide

659 4104 778 4146 cato
794 4093 1000 4148 cultum
1015 4096 1586 4171 honoratumqueesse.
1601 4099 1681 4152 M.
1778 4117 1877 4172 cap
1880 4099 2019 4171 ..57
2047 4099 2191 4152 Male
2208 4097 2337 4152 libri
2355 4110 2587 4162 veteres,
2601 4093 2779 4149 Narbo·

745 4171 797 4225 3.
830 4173 1123 4248 Sedpmpe..
1109 4215 1144 4232 ..
1179 4180 1553 4250 camphi-mne.
1575 4180 1695 4251 An,
1782 4199 1905 4244 nen,
1923 4199 1966 4235 s.
1976 4179 2263 4236 Narbonem
2278 4175 2559 4234 exhibent.
2570 4193 2665 4231 nec
2678 4174 2779 4244 pl·-
