3025 5025
665 459 804 543 142
971 457 1049 524 C.
1104 455 1390 524 JULII
1442 453 1911 524 CAESARIS
1966 454 2521 526 COMMENT.

647 587 1034 658 incendunt.
1081 590 1188 657 Ita
1231 585 1600 658 multorum
1646 588 1987 658 mensium
2033 585 2225 657 labor
2258 587 2557 658 hostium
2600 587 2820 682 perfi-

647 695 760 764 dia
773 749 794 784 ,
821 707 892 764 et
919 697 986 763 vi
1014 697 1426 791 tempestatis
1441 748 1462 782 ‚
1499 709 1757 790 puncto
1808 696 2129 790 temporis
2164 694 2433 764 interiit.
2477 697 2818 764 Tentave-

653 817 812 872 runt
853 801 985 872 hoc
1027 801 1204 871 idem
1247 800 1695 872 Massilienses
1744 815 2015 895 postero
2072 800 2179 870 die
2226 827 2241 868 ε
2287 801 2593 872 eamdem
2631 803 2821 870 nacti

653 922 1114 1002 tempestatem
1138 962 1158 998 ‚
1213 908 1452 1003 majori
1520 932 1675 977 cum
1746 907 1993 976 fiducia
2058 907 2144 976 ad
2212 905 2489 977 alteram
2551 923 2819 979 turrem

656 1037 1100 1110 aggeremque
1157 1016 1508 1110 eruptione
1561 1029 2033 1110 pugnaverunt
2053 1068 2073 1104 ,
2120 1012 2537 1109 multumque
2582 1016 2817 1144 ignem

651 1121 1043 1191 intulerunt.
1075 1110 1218 1190 Sed
1247 1135 1324 1191 ut
1345 1123 1709 1217 superioris
1742 1123 2065 1216 temporis
2096 1124 2595 1191 contentionem
2658 1147 2816 1191 nos·

655 1229 744 1296 tri
786 1253 1056 1298 omnem
1101 1230 1529 1311 remiserant,
1574 1230 1664 1297 ita
1711 1229 2001 1324 proximi
2056 1226 2187 1296 diei
2233 1252 2394 1298 casu
2446 1227 2781 1296 admoniti
2799 1281 2819 1316 ‚

653 1337 884 1404 omnia
913 1335 998 1404 ad
1038 1319 1533 1405 defensionem⁶
1570 1349 1995 1430 paraverant.
2032 1336 2297 1428 Itaque,
2327 1331 2551 1405 multis
2594 1337 2814 1404 inter-

651 1441 842 1512 fectis
857 1495 877 1528 ‚
915 1440 1202 1535 reliquos
1243 1441 1494 1513 infecta
1535 1466 1609 1511 re
1636 1443 1707 1510 in
1742 1441 2066 1536 oppidum
2108 1439 2517 1536 repulerunt.

757 1549 911 1617 XV.
969 1547 1341 1618 Trebonius
1396 1573 1474 1618 ea
1496 1599 1515 1632 ,
1561 1571 1709 1642 quae
1752 1563 1911 1618 sunt
1964 1549 2209 1618 amissa
2228 1601 2247 1636 ,
2291 1546 2505 1617 multo
2552 1549 2815 1642 majore

653 1653 876 1722 studio
915 1651 1202 1724 militum
1233 1655 1695 1726 administrare
1731 1670 1799 1725 et
1834 1653 2109 1726 reficere
2144 1656 2445 1723 instituit.
2483 1655 2669 1724 Nam
2701 1655 2814 1722 uhi

649 1773 871 1830 tantos
915 1785 1070 1830 suos
1105 1759 1364 1831 labores
1394 1775 1462 1830 et
1495 1777 1858 1857 apparatus
1889 1758 2063 1830 male
2100 1760 2417 1830 cecidisse
2452 1759 2812 1849 viderunt,

647 1865 1066 1961 induciisque
1101 1891 1224 1962 per
1264 1867 1496 1938 scelus.
1520 1868 1781 1938 violatis
1824 1891 2014 1938 suam
2049 1867 2367 1936 virtutem
2405 1868 2631 1936 irrisui
2666 1867 2811 1936 fore

649 1971 1166 2066 perdoluerunt‚
1193 1974 1409 2068 quod,
1436 1975 1619 2043 unde
1662 1999 1867 2072 agger
1905 1974 2179 2045 omnino
2211 1975 2623 2068 comportari
2654 1999 2810 2068 pos-

663 2091 790 2166 set,
832 2077 1000 2146 nihil
1035 2094 1178 2149 erat
1214 2079 1583 2174 reliquum3
1626 2081 1937 2152 omnibus
1984 2079 2333 2149 arboribus
2382 2078 2581 2174 longe
2636 2077 2809 2149 late-

651 2209 782 2278 que
811 2185 880 2253 in
910 2184 1156 2254 finibus
1185 2185 1699 2257 Massiliensium
1732 2188 1965 2257 excisis
1990 2200 2061 2256 et
2086 2188 2460 2274 convectiS‚
2490 2210 2807 2281 aggerem

1766 2437 1948 2492 vidisse
1966 2438 2097 2490 dixit
2108 2437 2367 2511 proximis
2380 2475 2397 2503 ,
2414 2438 2705 2511 preteritis
2726 2437 2807 2492 in-

1770 2519 2057 2590 telligimus
2094 2537 2110 2571 ε
2160 2520 2404 2591 proxima
2446 2520 2597 2573 enim
2646 2521 2805 2573 nobis

734 2436 787 2490 5.
817 2437 920 2491 Sed
943 2450 1000 2489 ut
1019 2442 1276 2511 ευμεν-ἰωὰ
1310 2442 1531 2512 tempor-is
1564 2457 1679 2492 con-

649 2522 901 2571 ten-tionem
916 2556 934 2584 ,
974 2531 1063 2571 etc.
1083 2559 1097 2573 .
1135 2519 1310 2573 Locus
1361 2518 1579 2573 videtur
1622 2521 1680 2573 in

647 2598 848 2653 mendo
869 2600 1082 2653 cubare.
1113 2600 1267 2671 Legit
1285 2600 1372 2653 Fr.
1387 2600 1683 2653 Hotoman-

647 2696 778 2732 nus:
802 2678 908 2732 Sed
931 2691 990 2731 ue
1027 2684 1261 2750 superiori
1297 2679 1379 2733 die
1421 2684 1683 2733 mentio-

643 2778 766 2820 nem,
797 2769 888 2812 etc.
905 2760 1161 2851 :propius
1183 2758 1252 2812 ad
1263 2760 1484 2831 vestigia
1501 2778 1681 2831 recep-

648 2848 714 2890 tae
744 2839 987 2893 lectionis
1015 2837 1390 2910 reponendum
1419 2840 1677 2895 arbitror:

643 2917 748 2971 Sed
758 2930 816 2969 ut
837 2922 1069 2990 superiori
1091 2930 1294 2990 tempore
1315 2924 1678 2973 contentionem.

645 2996 901 3068 Superius
940 3011 1150 3069 tempus
1173 3010 1332 3053 vocat
1358 2998 1446 3064 id,
1473 2998 1622 3070 quod
1649 3017 1680 3053 a

647 3076 772 3129 ficta
790 3077 1201 3131 Massiliensium
1221 3077 1498 3133 deditione
1517 3078 1683 3133 fluxe·

643 3168 754 3221 rat,
790 3174 895 3227 qua
926 3157 1060 3210 facta
1074 3194 1091 3223 ,
1119 3176 1335 3211 omnem
1373 3159 1676 3211 contentio·

643 3254 770 3289 nem
781 3237 1095 3291 remiserant
1113 3238 1414 3291 Caesariani.
1442 3240 1514 3291 At
1538 3239 1677 3292 hanc

643 3334 768 3369 sane
800 3318 1160 3387 conjecturam
1185 3337 1217 3369 a
1245 3318 1360 3371 Pet.
1390 3318 1677 3372 Ciacoonio

642 3410 1068 3468 praeoccupatam
1091 3416 1202 3451 esse
1227 3400 1337 3469 jam
1361 3394 1541 3451 video.
1574 3398 1677 3452 Hic

642 3489 821 3531 autem
867 3478 1046 3531 minus
1087 3478 1312 3531 feliciter
1345 3496 1462 3530 rem
1505 3480 1644 3549 gerit
1658 3518 1675 3545 ,

643 3575 812 3628 quum
854 3559 1018 3630 paulo
1053 3570 1176 3631 post
1215 3570 1441 3630 reponat
1475 3564 1680 3630 pristini

637 3638 740 3691 diei
759 3639 1074 3702 casu510cus
1101 3639 1248 3695 enim
1277 3637 1543 3693 medicina
1562 3658 1675 3693 non

643 3716 862 3789 indiget.
881 3720 1166 3771 Proximum
1180 3732 1259 3772 est
1271 3718 1418 3790 quod
1429 3720 1674 3790 proxime

643 3799 914 3867 praeteriit.
957 3800 1174 3853 Terent.
1206 3800 1456 3854 Eunuch.
1481 3813 1567 3853 act
1594 3818 1641 3854 11
1655 3838 1673 3866 ‚

642 3894 713 3929 sc.
741 3878 774 3931 3
793 3915 810 3943 ,
833 3897 886 3933 v.
913 3880 1016 3948 39:

1096 3965 1386 4005 Eli-mensibus

689 4031 767 4071 Sex
786 4042 936 4085 septem
956 4048 1138 4088 prorsum
1155 4049 1239 4075 nou
1256 4036 1400 4075 vidiae
1417 4036 1620 4089 proximis.

1767 2612 1862 2653 aut
1889 2599 2158 2669 praterita
2180 2612 2273 2653 aut
2299 2599 2481 2653 futura
2508 2612 2655 2653 sunt.
2692 2601 2802 2655 Cic.

1768 2678 1982 2733 catilin.
2009 2698 2064 2745 1,
2088 2674 2119 2740 S
2148 2696 2205 2731 1:
2232 2678 2373 2747 Quid
2395 2682 2651 2750 piurima,
2688 2680 2807 2753 quid

1766 2762 2007 2829 superiore
2040 2769 2178 2811 nocte
2208 2762 2385 2827 egeris,
2422 2759 2506 2811 ubi
2528 2761 2713 2826 saeris.
2726 2799 2740 2813 .
2756 2800 2769 2813 .
2784 2800 2799 2813 .

1768 2838 1963 2891 Noster
1980 2836 2201 2909 quidem
2214 2838 2310 2891 lib.
2327 2839 2437 2903 IV,
2461 2838 2523 2891 B.
2544 2839 2801 2905 G.‚c.14,

1768 2916 1929 2983 dixit,
1944 2921 2144 2989 pristini
2162 2916 2261 2969 diei
2272 2914 2509 2988 perfidia5
2532 2917 2629 2971 sed
2654 2916 2799 2973 haud

1765 3014 1977 3051 neeesse
1990 3009 2068 3051 est
2078 3036 2095 3063 ,
2108 3010 2169 3050 ut
2178 2998 2463 3070 scriptores
2474 2996 2675 3051 eodem
2684 3018 2800 3051 mo—

1765 3076 1839 3131 do
1874 3096 2085 3149 semper
2109 3078 2402 3148 loquantur
2415 3116 2432 3143 ,
2454 3077 2606 3149 quod
2632 3098 2801 3150 quum

1764 3157 1823 3210 in
1846 3158 2089 3211 animum
2116 3176 2229 3211 non
2250 3169 2565 3211 revocarent
2584 3159 2766 3213 critici
2780 3196 2799 3225 ,

1764 3254 1903 3308 sape
1924 3250 2110 3289 eontra
2134 3256 2297 3308 quam
2311 3250 2497 3291 monet
2519 3230 2797 3309 par‘oemia,

1762 3316 1992 3373 ἐκίνησαν
2018 3315 2089 3369 τὰ
2108 3317 2353 3375 ἀκίνητοι.
2387 3319 2574 3371 Davla.

1846 3400 1901 3451 6.
1934 3396 2118 3449 omnia
2140 3397 2213 3449 ad
2227 3397 2562 3464 defensionem,
2586 3398 2659 3451 Et
2682 3398 2793 3469 ipse

1762 3494 1977 3547 quoque
2006 3476 2186 3530 Davis.
2226 3477 2417 3533 ἐκίνησε
2450 3476 2521 3529 τὰ
2552 3477 2793 3544 ἀκίνητα,

1762 3561 1929 3627 'quum
1949 3574 2139 3609 vocem
2144 3562 2254 3628 jam
2277 3555 2555 3609 intrudere
2575 3558 2795 3622 nititur,

1760 3650 1825 3691 ut
1836 3634 2069 3689 secunda
2078 3654 2201 3708 pars
2214 3636 2423 3709 phrasis
2436 3637 2611 3709 aptius
2625 3636 2793 3710 priori

1759 3715 2111 3787 respondeat,
2141 3716 2245 3771 Sed
2268 3728 2349 3779 ut,
2384 3728 2475 3769 etc.
2491 3736 2512 3778 ,-
2542 3730 2600 3770 et
2628 3734 2793 3788 quum

1759 3796 2040 3867 paroemias
2064 3808 2308 3863 revocet,
2330 3794 2475 3849 haud
2502 3795 2793 3850 absurdum

1758 3877 1865 3929 erit
1894 3876 2035 3929 hanc
2068 3895 2285 3949 quoque
2322 3889 2561 3929 nostram
2596 3876 2697 3948 ipsi
2732 3875 2791 3927 in

1760 3957 2074 4009 memoriam
2110 3974 2395 4010 revocare:
2424 3958 2559 4027 ἶάτρι
2602 3956 2787 4025 {arpena

1757 4038 1985 4089 σεαυτόν.
2032 4038 2175 4089 Bene
2216 4036 2447 4106 Vulgata
2498 4054 2553 4089 se
2594 4036 2754 4089 habet.
2770 4070 2788 4099 ,

639 4113 750 4167 Ubi
806 4115 1086 4179 Donatus;
1123 4120 1240 4177 quia
1263 4154 1282 4181 ,
1324 4116 1525 4185 inquit,
1574 4136 1669 4168 non
1753 4116 2001 4188 nihilque
2028 4128 2111 4169 est
2136 4114 2473 4171 mutandum.
