3025 5025
700 463 842 532 DE
893 463 1241 531 BELLO
1296 465 1671 535 CIVILI.
1728 467 1919 536 LIB.
1974 467 2030 536 Ι.
2348 467 2436 541 15

296 619 602 668 sumnus

628 593 679 620 ¹⁰
715 619 900 666 sum·
937 597 1036 665 An
1070 619 1351 686 vunnu,
1381 621 1474 668 m:
1510 619 1689 680 Quin
1724 598 2439 674 unsrunmci'nss‘rmss

299 727 522 774 mim
566 723 848 772 aarum.
895 706 1056 774 Hoee
1091 705 1156 772 S.
1209 705 1285 772 C.
1342 704 1849 798 prescribantur
1896 729 1956 774 a.
2008 707 2072 776 d.
2122 731 2223 776 vn
2279 709 2442 779 Idus

295 811 637 880 Ianuarias
659 807 676 832 ¹
687 807 704 832 ¹

713 863 730 878 .
771 813 1010 904 Itaque
1054 811 1346 905 quinque
1383 812 1615 906 primis
1642 811 1905 900 diebus,
1940 814 2181 906 quibus
2211 815 2443 884 haberi
2514 873 2521 880 .

297 931 556 986 senatus
579 917 830 1010 potnit,
845 939 981 1012 qua
1002 942 1085 985 ex
1109 917 1218 986 die
1247 917 1665 990 consulatum
1689 919 1833 987 iniit
1856 919 2212 1009 Lentulus,
2236 921 2440 992 hiduo

297 1027 570 1117 excepto
607 1023 960 1110 comitiali,
997 1039 1066 1093 et
1105 1023 1248 1094 de
1229 1027 1510 1120 imperio
1552 1027 1867 1114 caesaria,
1899 1041 1967 1098 et
2000 1027 2087 1096 de
2115 1027 2437 1122 amplissi-

296 1130 412 1197 mis
438 1130 602 1198 viris
617 1183 636 1218 ,
659 1129 970 1200 Tribunis
995 1127 1282 1264 plebis¹²
1289 1185 1308 1218 ,
1332 1133 1719 1226 gravissime
1742 1133 2299 1228 acerbissimeque
2316 1135 2440 1204 de-

229 1243 234 1248 '
297 1237 606 1306 cernitur.
627 1223 1090 1332 Profugiuntss
1123 1239 1347 1308 statim
1378 1263 1462 1308 ex
1492 1239 1661 1308 urbe
1689 1240 1970 1308 Tribuni
1994 1239 2242 1334 plebis,
2270 1265 2440 1312 sese-

241 1374 248 1389 .
293 1366 415 1436 que
459 1343 550 1412 ad
596 1345 932 1416 Caesarem
981 1344 1354 1415 conferunt.
1393 1349 1462 1415 Is
1495 1369 1579 1416 eo
1632 1361 1937 1442 tompore
1990 1362 2136 1416 erat
2177 1349 2440 1417 Raven-

295 1473 420 1537 nae,
457 1452 1017 1546 exspectabatque
1056 1453 1188 1522 suis
1229 1450 1579 1522 lenissimis
1624 1452 2017 1547 postulatis¹

1999 1440 2048 1484 4
2087 1479 2442 1584 responsa,

295 1557 342 1622 si
371 1581 502 1648 qua
529 1557 883 1626 hominum
919 1560 1224 1652 aequitate
1250 1583 1357 1628 res
1393 1559 1480 1627 ad
1507 1561 1722 1628 otium
1754 1559 1994 1629 deduci
2030 1559 2313 1654 posset¹-

389 1665 513 1732 VI.
573 1665 900 1763 Proximis
956 1665 1188 1736 diebus
1239 1665 1529 1734 habetur
1582 1679 1849 1736 senatus
1894 1680 2080 1738 extra
2134 1667 2417 1736 urbem¹
2424 1723 2437 1736 .

371 1909 460 1942 ιο.
503 1890 700 1963 Quique
729 1893 1016 1943 consulares.
1061 1891 1186 1944 Non
1217 1893 1320 1948 im-

290 1971 478 2022 merito
503 1971 716 2024 notavit
733 1970 910 2027 cessar
937 1972 1141 2024 Iatomm
1163 1973 1320 2023 auda-

287 2054 426 2114 ciam,
441 2067 618 2122 quum
631 2051 780 2104 enim
791 2052 1101 2104 consulibus
1114 2063 1322 2104 tantum

286 2129 421 2186 hane
437 2149 662 2202 operam
680 2130 998 2187 mandarent
1012 2131 1323 2204 hujusmodi

287 2223 496 2264 senatus
522 2211 794 2278 consultu
825 2212 915 2265 hic
941 2229 1051 2267 non
1077 2213 1322 2265 eonsules

285 2289 448 2342 modo
463 2329 479 2357 ‚
503 2289 600 2344 sed
617 2301 898 2362 punitores,
923 2290 1016 2344 sed
1041 2293 1204 2344 etiam
1224 2293 1322 2344 tri·

285 2370 458 2423 bunos
491 2383 547 2422 et
577 2372 726 2442 quasi
754 2384 922 2424 totam
943 2373 1135 2424 urbem
1155 2377 1186 2422 e
1212 2373 1321 2426 suis

287 2448 500 2503 sedibus
527 2451 707 2502 excire
731 2465 918 2503 contra
944 2453 1206 2506 Caesarem
1237 2452 1320 2504 vi-

288 2530 445 2584 detur
467 2546 706 2597 senatus,
729 2529 882 2602 quod
899 2550 968 2584 ne
987 2534 1182 2585 fecerat
1197 2532 1320 2603 qui-

287 2610 409 2664 dem
434 2612 493 2663 in
521 2610 677 2663 illum
699 2630 824 2664 vere
851 2611 1132 2664 infandum
1156 2614 1320 2667 latro-

285 2710 406 2747 nem
420 2732 435 2753 ,
470 2692 776 2749 Catilinam.
809 2692 918 2743 Pro
955 2694 1010 2745 τὸ
1051 2693 1321 2767 consulares

287 2772 590 2836 Manutius,
615 2773 762 2824 nulla
802 2770 960 2824 codd.
1009 2774 1321 2826 auctoritate

287 2864 462 2905 motus
477 2890 494 2917 ,
513 2852 642 2922 legit
649 2854 973 2925 proconsules.
995 2854 1132 2905 Item
1149 2852 1319 2906 Glan-

289 2931 476 3005 ἀοι-μ,
522 2932 812 2996 Hennam,
846 2933 1054 2997 Ciacc.‚
1097 2944 1150 2985 et
1190 2934 1316 2987 alii:

289 3025 338 3067 at
358 3032 539 3084 ‚quum
569 3014 912 3083 proconsules
946 3012 1051 3064 sint
1077 3014 1320 3067 consula-

287 3112 368 3146 res
383 3131 400 3157 ,
425 3094 564 3145 nihil
583 3091 812 3163 impedit
829 3092 960 3165 quin
985 3094 1086 3145 sub
1102 3094 1320 3146 nomine

290 3175 558 3224 consulares
606 3172 960 3243 intelligamus
979 3210 995 3237 ‚
1035 3186 1144 3225 tam
1191 3193 1320 3245 pro-

289 3254 530 3306 consules
551 3254 840 3324 quiessent
861 3254 932 3303 ad
947 3254 1130 3319 urbem,
1157 3272 1321 3324 quam

291 3333 1318 3405 aliosvirosconsulares‚quibushaecdi-

290 3414 458 3483 gnita:
483 3414 800 3465 nonnullam
831 3414 887 3465 in
920 3415 1054 3465 urbe
1086 3427 1318 3485 potesta·

290 3506 394 3546 tem
417 3494 745 3547 conferebat.
775 3492 926 3547 Nihil
951 3512 1078 3564 ergo
1105 3507 1318 3547 mutan-

289 3570 432 3627 dum.

371 3672 462 3707 ιι.
506 3654 644 3707 Ante
672 3654 797 3705 diem
823 3672 908 3707 711
948 3655 1016 3706 id.
1052 3655 1169 3707 Jan.
1210 3655 1319 3708 Ur·-

289 3733 428 3785 sinus
441 3745 496 3785 et
505 3734 822 3787 Ciacconius
834 3736 1092 3804 putabant
1105 3752 1206 3806 pro
1215 3754 1316 3789 vn.

289 3812 628 3867 scribendum
643 3832 754 3867 esse
773 3832 880 3866 vm
891 3852 906 3880 ‚
921 3816 1047 3886 quia
1063 3816 1318 3887 septimus

290 3893 372 3945 ille
387 3894 502 3947 dies
519 3894 802 3948 comitialis
819 3906 930 3947 erat
940 3932 956 3959 ‚
979 3896 1178 3967 quibus
1201 3894 1316 3947 die-

289 3974 381 4027 bus
410 3973 836 4029 interdicebatur
872 3976 988 4045 lege
1020 3976 1189 4047 Pupia
1203 4014 1220 4041 ,
1248 3994 1317 4029 ne

288 4052 573 4109 haberetur
596 4068 824 4109 senatus.
849 4056 1032 4120 Quum
1060 4069 1236 4108 tamen
1257 4056 1314 4107 in

288 4132 347 4187 iis
369 4134 560 4190 diebus
590 4134 722 4207 ipsis
758 4135 1046 4206 aliquando
1067 4137 1316 4191 habitum

1409 1891 1660 1962 legimus,
1688 1886 1837 1954 (vid.
1866 1892 2092 1945 Caelium
2115 1893 2172 1946 in
2206 1895 2319 1949 Cic.
2354 1915 2437 1968 ep.

1410 1970 1479 2024 ad
1491 1971 1615 2024 Div.
1630 1972 1727 2024 lib.
1742 1989 1871 2037 vm,
1882 1974 2035 2044 epist.
2058 1977 2111 2038 83
2124 1987 2178 2026 et
2193 1973 2261 2028 ad
2272 1976 2440 2042 Q.,·11‚

1417 2071 1440 2104 1
1455 2048 1510 2114 α)
1521 2051 1658 2104 nihil
1672 2051 1991 2109 mutandum
2006 2053 2443 2122 existimavimus,

1409 2133 1651 2202 quamvis
1679 2144 1826 2184 extra
1855 2133 2104 2185 ordinem
2131 2135 2329 2187 factum
2354 2137 2438 2189 sit.

1408 2210 1539 2266 vid.
1560 2231 1773 2283 quoque
1797 2214 1977 2266 Vossii
1996 2226 2182 2265 notam
2200 2213 2269 2266 ad
2292 2216 2437 2267 hune

1408 2291 1631 2344 Caesaris
1660 2293 1858 2344 locum.

1497 2389 1587 2423 ια.
1622 2373 1703 2422 De
1734 2373 2037 2444 amplissimis
2062 2378 2208 2434 viris,
2236 2375 2439 2428 tribunis

1397 2449 1573 2522 plebis.
1609 2451 1735 2503 Non
1786 2471 1971 2504 omnes
2013 2466 2190 2505 tamen
2232 2455 2438 2506 tribuni

1404 2532 1577 2602 plebis
1606 2533 1927 2585 Caesarianas
1946 2546 2122 2602 partes
2146 2536 2439 2604 sequeban-

1405 2624 1512 2663 tur.
1545 2610 1687 2665 Nam
1718 2624 1915 2687 prater
1952 2612 2301 2683 Philippum,
2345 2616 2438 2685 qui

1405 2692 1731 2761 collegarum
1747 2710 1968 2744 suorum
1984 2693 2349 2765 rogationibus
2361 2714 2441 2746 re·

1405 2772 1732 2842 fugabatur,
1764 2772 1957 2824 Cicero
1984 2772 2116 2824 alios
2144 2772 2268 2825 trib.
2295 2774 2436 2845 pleb.

1407 2852 1761 2922 Pompeianos
1786 2852 1942 2917 citat,
1972 2852 2034 2905 C.
2060 2853 2302 2905 Cassium
2317 2892 2333 2919 ,
2359 2856 2436 2907 Μ.

1404 2929 1674 3003 Lepidum
1688 2945 1741 2985 et
1755 2934 1816 2985 L.
1834 2933 2190 3003 Torquatum,
2209 2934 2302 2987 lib.
2324 2954 2409 2987 ‘vn
2419 2974 2435 2999 ‚

1405 3014 1559 3083 epist.
1592 3030 1688 3078 αι,
1720 3010 1788 3064 ad
1818 3013 1979 3065 Attio.

1491 3111 1514 3144 1
1528 3094 1579 3145 3.
1622 3094 1936 3167 Profugt'unt.
1972 3093 2186 3147 Vestitu
2226 3096 2434 3161 servili,

1405 3174 1462 3223 in
1493 3171 1661 3225 rheda
1680 3174 1984 3226 meritoria:
2013 3192 2132 3244 quae
2154 3192 2239 3226 res
2263 3176 2434 3229 Caesa·

1403 3253 1522 3305 rian
1528 3270 1588 3303 os
1600 3254 1943 3306 vehementer
1958 3266 2146 3305 contra
2159 3254 2435 3326 Pompeia-

1404 3350 1502 3385 nos
1513 3332 1761 3387 irritavit.
1774 3332 2042 3387 Plutarch.
2058 3334 2115 3385 in
2128 3334 2261 3389 Caes.
2274 3353 2321 3387 e.
2342 3342 2431 3397 4ο.

1403 3414 1636 3485 Appian.
1658 3432 1725 3477 11,
1749 3434 1804 3485 p.
1836 3415 1969 3485 738.
1993 3414 2071 3467 M.

1492 3500 1578 3556 14.
1599 3494 1873 3546 Lenzlrsimis
1894 3496 2171 3565 postulatis.
2202 3493 2323 3546 scil.
2343 3494 2432 3546 lit-

1405 3574 1533 3627 teris
1549 3613 1565 3640 ‚
1585 3572 1653 3626 de
1670 3575 1865 3646 quibus
1884 3592 2042 3646 supra
2064 3572 2295 3638 dietum,
2316 3592 2363 3627 c.
2389 3593 2429 3627 1.

1494 3674 1518 3707 1
1534 3656 1585 3709 5.
1601 3657 1696 3707 Res
1717 3655 1788 3705 ad
1805 3659 1952 3706 otium
1974 3653 2146 3705 deduci
2153 3666 2329 3723 posset.
2345 3653 2433 3706 Ad

1404 3754 1592 3806 pacem
1620 3749 1672 3787 et
1702 3734 1771 3787 ad
1801 3727 2237 3804 tranquillitatem
2266 3736 2432 3807 reip.;

1405 3815 1479 3867 ita
1499 3834 1714 3885 quoque
1736 3816 1772 3866 l.
1802 3814 1937 3878 VII,
1960 3814 2021 3867 Β.
2045 3812 2144 3879 G.‚
2170 3832 2215 3867 c.
2245 3818 2349 3885 663
2379 3830 2433 3868 et

1403 3895 1500 3947 lib,
1529 3896 1617 3963 Π,
1651 3894 1719 3947 de
1750 3894 1809 3945 B.
1831 3894 1921 3957 G..
1944 3914 1988 3947 c.
2015 3894 2107 3947 36.

1485 3974 1617 4027 CAP.
1629 3976 1727 4025 VI.
1751 3992 1773 4027 1
1787 4014 1800 4027 .
1814 3974 1979 4027 Extra
1998 3976 2172 4028 urbem.
2182 3976 2261 4028 Ut
2277 3976 2433 4028 Pom-

1403 4054 1557 4125 peius
1565 4055 1817 4107 interesse
1842 4052 2215 4109 deliberationi
2236 4066 2433 4127 posset.

1404 4132 1535 4187 vid.
1564 4154 1679 4207 sup.
1714 4155 1760 4188 c.
1794 4156 1856 4203 2,
1892 4138 1941 4191 3.
1967 4137 2043 4189 Μ.
