3025 5025
674 475 824 561 284
988 478 1065 545 C.
1121 477 1407 546 JULII
1463 475 1930 545 CAESARIS
1985 477 2536 546 COMMENT.

667 609 903 700 misSO,
942 621 1019 675 ut
1055 622 1122 675 et
1151 605 1435 677 militare
1473 609 1850 676 institutum
1890 621 2267 675 servaretur
2295 661 2314 696 ‚
2358 622 2425 677 et
2469 633 2658 701 quam
2695 635 2792 678 se·-

666 715 928 782 rissime
971 714 1113 807 ejus
1154 714 1481 808 profectio
1527 728 2048 809 cognosceretur
2069 766 2088 802 ‚
2133 713 2536 782 conclamari
2578 711 2794 808 jussit{

652 821 1020 913 'statimque
1082 845 1383 914 egressus
1404 876 1425 909 ‚
1480 834 1550 889 et
1600 821 2032 888 novissimum
2090 844 2331 914 agmen
2386 835 2794 906 consecutuS,

668 925 971 994 celeriter
1012 951 1093 995 ex
1148 942 1513 1021 conspectu
1575 941 1948 996 castrorum
2005 925 2322 995 discessit.
2367 927 2608 1021 Neque
2649 951 2794 996 vero

665 1033 1055 1126 PompeiuS,
1094 1035 1364 1127 cognito
1412 1031 1689 1102 consilio
1743 1033 1923 1124 ejm,
1959 1057 2219 1100 moram
2263 1030 2472 1100 ullam
2513 1021 2602 1100 ad
2637 1034 2796 1101 inse-

667 1137 1008 1231 quendum
1069 1137 1292 1207 intulit
1324 1165 1339 1205 :
1375 1139 1491 1207 sed
1533 1138 1765 1208 eadem
1806 1137 2168 1232 spectans²,
2208 1140 2261 1206 si
2303 1140 2540 1207 itinere
2601 1141 2797 1232 impe-

667 1243 808 1312 dito
852 1247 1241 1339 perterritos
1275 1244 1774 1340 deprehendere
1818 1259 2040 1338 posset
2057 1299 2075 1332 ‚
2111 1247 2477 1313 exercitum
2513 1271 2553 1313 e
2592 1248 2799 1314 castris

666 1349 896 1418 eduxit
923 1404 942 1436 ‚
1006 1353 1507 1445 equitatumque
1573 1353 1891 1445 praemisit
1949 1351 2033 1418 ad
2085 1352 2524 1420 novissimum
2582 1375 2797 1446 agmen

665 1456 1187 1546 demorandum3
1214 1482 1429 1550 neque
1458 1458 1776 1550 consequi
1805 1459 2054 1551 potuit,
2084 1457 2264 1551 quod
2301 1456 2593 1525 muitum
2625 1482 2799 1551 expe-

667 1563 809 1631 dito
846 1563 1081 1631 itinere
1126 1578 1572 1633 antecesserat
1621 1565 1862 1632 Caesar.
1901 1563 2031 1632 Sed
2075 1589 2284 1657 quum
2329 1577 2615 1632 ventum
2649 1579 2801 1632 esset

669 1669 755 1737 ad
798 1669 1049 1738 flumen
1093 1672 1444 1739 Genusum
1462 1655 1511 1758 ³,
1549 1670 1733 1764 quod
1771 1671 1930 1765 ripis
1971 1684 2114 1738 erat
2162 1668 2498 1764 impeditis
2518 1725 2538 1760 ‚
2585 1696 2800 1740 conse-

666 1907 769 1958 citu
798 1905 1081 1958 recedebant
1094 1945 1112 1972 ‚
1147 1919 1204 1958 ut
1232 1908 1410 1970 hostes,
1448 1906 1527 1958 die
1559 1919 1666 1958 orto
1679 1945 1696 1968 ,

668 2006 813 2058 quum
840 1987 1180 2038 intellexissent
1194 2027 1209 2049 ‚
1239 2006 1335 2038 non
1352 1999 1551 2057 possent
1578 2007 1703 2038 eom-

663 2067 953 2135 prehendere
975 2067 1314 2135 proecedentes.
1346 2098 1431 2110 --
1461 2068 1514 2120 E
1517 2079 1540 2117 t
1560 2085 1702 2138 quam

1789 1908 1982 1979 spectis
2000 1945 2016 1973 ,
2045 1906 2222 1960 minus
2253 1905 2445 1959 dubito
2463 1945 2480 1972 ,
2523 1908 2802 1979 Panyasum

1788 2001 1844 2039 et
1871 1987 2149 2040 Genusum
2173 1985 2424 2040 eumdem
2446 2006 2661 2040 amnem
2683 2005 2803 2050 esse,

1789 2068 1956 2119 altero
1987 2067 2247 2119 vocabulo
2278 2067 2516 2120 fortassis
2547 2078 2800 2136 corrupto.

671 2150 920 2198 serissime.
953 2145 1029 2197 Ea
1069 2159 1147 2199 est
1184 2145 1485 2200 emendatio
1524 2165 1705 2199 recen-

670 2226 872 2278 tiorum
889 2245 903 2278 :
920 2244 1045 2277 nam
1062 2225 1220 2279 codd.
1238 2227 1440 2279 habent
1457 2245 1471 2278 ε
1492 2237 1543 2277 et
1560 2241 1703 2298 quam

669 2310 959 2368 merissime,
990 2306 1102 2359 sine
1134 2326 1290 2360 sensu
1305 2343 1323 2370 ‚
1351 2306 1470 2370 vel,
1490 2326 1549 2356 ne
1569 2309 1702 2358 citis-

670 2390 794 2438 sima
837 2389 937 2456 ejus
970 2389 1208 2456 profectio
1230 2425 1245 2448 ,
1288 2397 1378 2436 etc.
1394 2423 1409 2446 ,
1452 2382 1632 2438 forsan
1673 2402 1704 2438 e

670 2466 855 2538 glossa.
898 2467 1155 2539 Exempla
1194 2464 1434 2520 adverbii
1474 2468 1704 2518 serissime

668 2547 1016 2619 reperiuntur
1046 2544 1189 2619 apud
1216 2547 1387 2611 Plin.,
1407 2546 1548 2599 Hist.
1579 2546 1701 2600 Nat.

672 2626 708 2679 l.
736 2646 805 2679 xv
826 2665 841 2693 ‚
857 2646 903 2679 c.
942 2625 1596 2697 17.--C0nclamarijussit.
1618 2626 1703 2679 Sc.

674 2708 967 2759 conclamari
986 2726 1127 2759 vasa.
1150 2706 1279 2776 Sup.
1302 2724 1325 2758 1
1340 2710 1472 2771 ‚663
1493 2724 1592 2771 111,
1607 2707 1701 2777 37.

676 2810 685 2817 ·
758 2806 808 2839 2.
873 2787 1067 2839 Eadem
1119 2798 1357 2857 spectans.
1415 2786 1704 2856 Pompeius

678 2878 898 2936 spectans
924 2885 1043 2936 quae
1068 2867 1271 2919 solebat
1292 2884 1501 2937 semper
1522 2878 1705 2937 speeta-

674 2966 755 3008 νε,
788 2946 901 2997 scil.
936 2957 1023 3011 ut,
1048 2946 1239 2998 itinere
1269 2944 1584 3017 impeditos,
1613 2956 1706 2999 aut

675 3027 854 3096 aliquo
884 3044 1008 3079 casu
1040 3025 1349 3097 perterritos
1378 3026 1705 3079 Caesarianos

677 3104 879 3159 adoriri
924 3118 1117 3177 posset.
1164 3106 1342 3159 Caesar
1372 3105 1507 3159 dicit
1543 3107 1704 3159 Pom-

674 3186 857 3257 peium
904 3186 1018 3239 sine
1074 3204 1227 3237 mora
1274 3198 1514 3238 secutum
1559 3206 1670 3239 esse
1688 3226 1702 3253 ,

675 3278 863 3319 contra
888 3265 1031 3319 Suet.
1059 3266 1169 3318 Jul.
1185 3304 1202 3331 ‚
1226 3283 1343 3336 cap.
1372 3268 1478 3332 363
1505 3278 1560 3319 et
1580 3267 1707 3318 Dio-

676 3366 803 3399 nem
836 3344 1101 3412 Cassium,
1122 3347 1161 3398 l.
1184 3363 1275 3397 1121
1292 3383 1311 3411 ,
1335 3345 1403 3398 52
1424 3365 1441 3411 ;
1465 3347 1559 3416 qui
1580 3364 1705 3398 nar-

676 3438 934 3493 rant‚non
942 3438 1185 3479 secutum
1194 3424 1355 3477 fuisse
1366 3425 1704 3497 Pompeium,

677 3506 909 3577 ideoque
936 3506 1002 3559 ab
1030 3507 1146 3577 ipso
1179 3505 1385 3558 Caesare
1414 3506 1705 3575 reprehen-

677 3606 797 3639 sum
813 3626 828 3654 ,
845 3584 939 3639 sed
959 3587 1258 3656 loquuntur
1274 3583 1343 3637 de
1366 3584 1430 3637 iis
1454 3604 1572 3656 quse
1593 3604 1704 3638 non

675 3668 782 3719 nisi
828 3685 940 3718 uno
976 3667 1061 3718 vel
1103 3664 1315 3717 duobus
1352 3663 1542 3719 diebus
1585 3678 1708 3738 post

674 3758 986 3800 evenerunt.
1008 3778 1091 3788 —
1110 3746 1288 3799 Itinere
1304 3746 1546 3817 impedito.
1569 3747 1703 3799 Alii:

680 3829 847 3877 itinere
877 3825 1125 3895 impeditos
1146 3838 1196 3877 et
1211 3830 1508 3897 perterritos.

762 3907 814 3958 3.
852 3904 1111 3958 Genusum.
1152 3906 1385 3959 Distinxi
1424 3908 1552 3959 olim
1570 3944 1587 3973 ,
1619 3907 1704 3959 in·

678 3985 795 4055 quit
831 3986 1090 4038 Cellas-ius
1105 4024 1122 4052 ,
1151 4004 1274 4039 cum
1314 3987 1560 4057 pluribus
1595 3988 1704 4039 Ge·

676 4084 874 4117 nusum
927 4084 957 4117 a
1004 4066 1243 4137 Panyaso
1283 4085 1297 4119 :
1339 4069 1448 4136 jam
1485 4068 1704 4120 Caesaris

678 4144 958 4197 itineribus
984 4164 1043 4198 ac
1074 4146 1258 4200 castris
1290 4147 1582 4200 accuratius
1619 4148 1704 4215 in-

1788 2144 1941 2198 Idem
1971 2147 2257 2200 Ciacconio
2275 2185 2289 2212 ,
2318 2159 2374 2198 et
2393 2141 2482 2207 (in
2509 2145 2724 2200 Schedis
2745 2144 2800 2197 ad

1788 2227 2004 2278 Livium
2041 2245 2172 2279 κων
2185 2265 2203 2292 ,
2236 2222 2352 2288 3ο)
2395 2227 2592 2279 Fulvio
2621 2227 2800 2278 Ursino

1789 2307 1962 2358 visum
1988 2319 2084 2359 est.
2113 2307 2293 2358 Prima
2313 2318 2485 2359 castra
2511 2307 2724 2358 fuerunt
2745 2303 2800 2357 ad

1788 2387 1993 2456 Apsum
2025 2380 2106 2446 (c.
2131 2405 2154 2438 1
2169 2383 2269 2450 3),
2299 2387 2464 2438 altera
2493 2385 2564 2438 ad
2594 2388 2801 2457 Aspara·

1790 2465 1939 2537 gium
1953 2503 1970 2531 ,
1988 2467 2145 2519 tertia
2176 2464 2243 2518 ad
2269 2465 2671 2537 Dyrrhachium
2690 2484 2703 2519 ε
2721 2484 2803 2517 un·

1789 2544 1860 2597 de
1889 2547 2073 2617 pulsus
2113 2546 2290 2599 Caesar
2307 2584 2324 2612 ,
2357 2545 2611 2599 traducto
2637 2547 2802 2599 Genu-

1789 2644 1907 2679 sum
1930 2626 2166 2678 exercitu
2180 2665 2196 2691 ,
2215 2628 2274 2678 in
2296 2628 2568 2680 veteribus
2589 2627 2694 2679 suis
2714 2644 2804 2677 cas-

1790 2706 1888 2758 tris
1927 2718 2114 2759 contra
2151 2707 2501 2777 Asparagium
2534 2704 2800 2759 consedit:

1790 2798 1843 2838 at
1859 2786 2146 2858 Pompeius
2166 2787 2222 2837 in
2242 2788 2351 2840 suis
2369 2784 2436 2837 ad
2453 2787 2802 2858 Asparagium,

1790 2878 1898 2917 tam
1919 2867 2237 2941 propinquis
2261 2866 2630 2937 DyrrhachiO,
2649 2879 2707 2919 ut
2719 2864 2803 2917 mi·

1789 2946 1909 2998 lites
1945 2946 2003 2998 in
2044 2947 2226 3017 priora
2253 2958 2420 2999 castra
2452 2956 2802 3005 recurrerent,

1791 3026 2020 3079 sarcinas
2071 3028 2280 3079 relictas
2331 3027 2634 3097 repetituri.
2655 3022 2806 3077 Vides

1791 3105 1866 3157 sic
1907 3106 2187 3159 Genusum
2225 3109 2368 3159 inter
2423 3106 2806 3176 Dyrrhachium

1791 3198 1846 3237 et
1902 3187 2106 3257 Apsum
2161 3186 2375 3239 fluxisse
2403 3226 2420 3253 ,
2471 3186 2568 3238 ubi
2624 3199 2678 3239 et
2719 3186 2805 3237 Pa-

1791 3284 2019 3336 nyasum
2038 3267 2356 3319 Ptolemaeus
2377 3265 2577 3337 posuit.
2591 3267 2676 3317 Ita
2689 3264 2807 3316 Ciu.-

1793 3364 1914 3399 Lu.
1943 3364 1957 3397 :
1997 3344 2090 3399 sed
2139 3347 2197 3398 in
2233 3364 2395 3417 opere
2443 3345 2803 3416 geographico,

1792 3424 1858 3478 T.
1893 3427 1953 3491 1,
1995 3446 2054 3491 2,
2087 3427 2187 3490 13,
2225 3430 2289 3491 6,
2319 3442 2504 3477 rursus
2543 3423 2806 3495 distinguit

1792 3506 1953 3557 etiam
1997 3506 2273 3559 Genusum
2310 3526 2340 3557 a
2377 3507 2622 3576 Panyaso
2662 3522 2676 3557 ε
2715 3502 2804 3554 dis-

1793 3585 1991 3655 tinguit
2008 3586 2169 3638 etiam
2190 3586 2486 3638 Palmerius
2503 3624 2519 3651 ,
2535 3586 2594 3636 in
2620 3582 2806 3637 Graecia

1775 3678 1902 3718 ¹ant.
1934 3666 1961 3716 Ι
1980 3704 1998 3731 ,
2023 3686 2089 3719 22
2108 3704 2125 3731 ,
2150 3686 2205 3737 p.
2233 3664 2366 3731 133,
2393 3678 2449 3717 et
2474 3665 2582 3717 hoc
2607 3662 2806 3716 videtur

1792 3764 1998 3799 verum.
2031 3746 2173 3798 Situs
2203 3764 2328 3815 ergo
2360 3744 2647 3797 fluminum
2671 3741 2807 3794 dein·

1794 3844 1916 3896 ceps
1953 3838 2031 3877 est
2063 3825 2152 3877 hic
2181 3842 2195 3878 ε
2237 3825 2580 3896 Dyrrhachio
2609 3822 2806 3875 venitur

1795 3904 1862 3957 ad
1893 3906 2223 3976 Panyasum‚
2256 3906 2322 3957 ab
2351 3905 2457 3957 hoc
2488 3902 2558 3956 ad
2589 3904 2802 3974 Apsum,

1791 3985 1920 4039 inde
1945 3984 2014 4039 ad
2039 3985 2334 4055 Genusum.
2360 3985 2439 4036 M.
2466 3982 2718 4037 d'Anville
2737 3978 2804 4031 nil

1793 4065 2011 4129 definit3
2029 4077 2081 4118 at
2092 4078 2269 4117 tamen
2283 4066 2341 4116 in
2355 4063 2570 4135 Mappis
2583 4065 2693 4135 ejus
2709 4058 2806 4114 duo

1794 4145 2018 4201 flumina
2041 4146 2365 4201 referuntur.
2395 4144 2501 4197 On.
