3025 5025
787 481 1619 554 ALEXANDRINO.
2197 480 2348 556 365

216 613 579 703 exercitati,
631 613 716 682 ad
763 612 1065 684 naturale
1109 638 1188 685 ac
1235 614 1679 685 domesticum
1737 613 1992 685 bonum
2043 615 2349 711 refugere

216 721 560 814 cupiebant
577 774 596 809 ,
625 735 693 802 et
722 735 1046 815 quantum
1076 721 1374 815 parvulis
1404 722 1685 815 navigiis
1714 720 2183 815 profecissent,
2208 749 2356 793 sen-

215 826 474 897 tiebant.
516 830 754 921 Itaque
797 829 981 897 omni
1019 827 1239 897 studio
1277 826 1362 895 ad
1404 827 1772 922 parandam
1820 820 2101 897 classem
2156 831 2353 900 incu-
2456 842 2461 849 '

213 932 503 1003 buerunt.

312 1042 497 1109 XIII.
557 1040 772 1109 Erant
831 1041 1144 1110 omnibus
1195 1042 1381 1111 ostiis
1440 1038 1622 1111 Nili¹
1670 1039 1989 1109 custodiae
2052 1041 2356 1136 exigendi

216 1147 480 1239 portorii
525 1169 730 1215 causa
771 1144 1121 1241 dispositae.
1162 1149 1387 1217 Naves
1439 1161 1696 1216 veteres
1741 1162 1933 1216 erant
1974 1149 2043 1214 in
2081 1146 2358 1217 occultis

216 1254 396 1348 regiae
427 1252 808 1340 navalibus,
833 1252 1075 1348 quibus
1114 1253 1341 1323 multis
1377 1254 1569 1322 annis
1604 1253 1691 1323 ad
1726 1253 2178 1347 navigandum
2218 1277 2357 1323 non

216 1375 392 1428 erant
431 1360 556 1429 usi.
600 1363 738 1429 Has
774 1359 1192 1448 reficiebant;
1232 1358 1376 1429 illas
1417 1358 1886 1429 Alexandriam
1930 1360 2355 1428 revocabant.

216 1466 506 1535 Deerant
539 1468 740 1535 remi·
723 1467 1104 1561 ‚porticuS,
1137 1467 1517 1560 gymnasia,
1550 1464 1825 1535 aedificia
1870 1464 2141 1559 publica
2177 1465 2356 1535 dete-

215 1573 481 1665 gebant3
509 1597 760 1653 asseres
787 1596 1126 1641 remorum
1152 1570 1348 1641 usum
1379 1571 1807 1641 obtinebant:
1830 1570 2009 1641 aliud
2042 1569 2357 1642 naturalis

217 1678 536 1769 sollertia,
563 1676 744 1748 aliud
775 1678 958 1747 urbis
1003 1680 1196 1773 copia
1233 1676 1799 1748 subministrabat
1840 1680 2186 1748 Postremo
2224 1703 2362 1748 non

217 1781 476 1880 longam
520 1786 1010 1879 navigationem
1077 1786 1442 1878 parabant,
1486 1782 1602 1883 sed
1644 1786 1987 1880 praesentis
2040 1786 2365 1880 temporis

217 1893 581 1963 necessitati
625 1890 1036 1979 serviebant,
1069 1906 1138 1959 et
1179 1894 1248 1959 in
1293 1894 1438 1986 ipso
1480 1905 1682 1985 portu
1720 1890 2217 1985 confligendum
2263 1893 2359 1959 vi·

217 1996 479 2067 debant.
512 2002 748 2093 Itaque
777 1999 1006 2093 paucis
1033 1996 1300 2087 diebuS,
1337 2013 1573 2067 contra
1608 1999 1908 2066 omnium
1948 1999 2363 2092 opinionem,

217 2105 664 2199 quadriremes
693 2107 900 2173 XXII
919 2158 938 2192 ,
967 2102 1512 2200 quinqueremes²
1534 2107 1596 2173 V
1624 2096 2076 2173 confecerunt.
2103 2104 2208 2173 Ad
2243 2106 2363 2174 has

218 2213 502 2281 minores
526 2226 922 2306 apertasque
949 2210 1328 2305 complures
1357 2210 1776 2305 adjecerunt,
1796 2211 1948 2279 etin
1967 2225 2168 2305 portu
2192 2214 2364 2306 peri-

172 2371 177 2376 .
219 2316 420 2387 clitati
466 2319 778 2411 remigio,
807 2317 971 2412 quid
1003 2342 1278 2412 quaeque
1327 2342 1556 2385 earum
1615 2316 1880 2385 efficere
1921 2330 2179 2409 posset,
2209 2317 2365 2386 >ido-

218 2448 374 2495 neos
396 2422 642 2495 milites
677 2426 1164 2519 imposuerunt,
1193 2448 1394 2519 seque
1422 2422 1507 2491 ad
1532 2420 2024 2517 confligendum
2056 2424 2367 2494 omnibus

221 2531 416 2601 rebus
445 2545 868 2625 paraverunt.
892 2533 1118 2601 Caesar
1137 2523 1434 2601 Rhodias
1461 2555 1667 2599 naves
1687 2531 1789 2600 IX
1824 2528 2115 2598 habebat
2142 2523 2336 2618 (nam
2352 2585 2371 2620 ,

218 2639 280 2706 X
313 2639 564 2725 missiS,
591 2662 724 2707 una
750 2639 820 2705 in
851 2663 1051 2708 cursu
1089 2635 1308 2706 littore
1339 2637 1652 2732 AEgyptio
1690 2634 2024 2704 defecerat
2054 2629 2113 2725 ),
2141 2637 2368 2707 Ponti-

219 2769 326 2821 cas
370 2746 540 2814 VIII
565 2798 586 2831 ‚
629 2747 868 2838 Lycias
909 2747 1008 2832 V,
1053 2769 1136 2812 ex
1170 2745 1324 2814 Asia
1365 2746 1523 2812 XII.
1570 2745 1672 2816 Ex
1714 2742 1819 2810 his
1861 2743 2371 2836 quinqueremes

217 2851 278 2921 V
312 2865 540 2940 erant,
571 2865 638 2919 et
673 2851 1122 2946 quadriremes
1159 2853 1226 2918 X
1256 2877 1270 2918 :
1309 2848 1577 2944 reliquae
1614 2848 1790 2917 infra
1830 2847 2007 2916 lianc
2036 2850 2369 2946 magnitu-

215 2956 439 3026 dinem
467 3010 486 3044 ,
515 2971 582 3026 et
617 2955 947 3052 pleraeque
993 2971 1256 3052 apertae.
1301 2957 1558 3025 Tamen
1598 2957 1844 3024 virtute
1888 2954 2169 3023 militum
2209 2980 2370 3025 con-

217 3063 407 3152 fisuS,
431 3065 718 3158 cognitis
753 3064 1046 3133 hostium
1084 3065 1326 3157 copiiS,
1357 3089 1428 3132 se
1459 3061 1544 3130 ad
1577 3060 2032 3131 dimicandum
2072 3062 2373 3156 parabat.

319 3172 516 3245 XIV,
564 3172 924 3265 Postquam
955 3195 1037 3239 eo
1070 3184 1344 3239 ventum
1384 3183 1521 3256 est,
1558 3183 1637 3236 ut
1672 3168 1794 3236 sibi
1821 3183 2101 3261 uterque
2138 3193 2372 3239 eorum

222 3275 630 3361 confideret3
678 3279 902 3346 Caesar
944 3277 1214 3345 Pharon
1269 3275 1476 3346 classe
1522 3275 2045 3344 circumvehitur
2064 3329 2083 3363 ,
2128 3274 2372 3346 adver—

221 3408 458 3479 sasque
485 3396 688 3452 naves
724 3383 1028 3452 hostibus
1056 3384 1432 3470 constituit,
1455 3384 1526 3451 in
1561 3379 1797 3451 dextro
1822 3406 2035 3450 cornu
2074 3381 2375 3452 Rhodias

222 3489 509 3562 collocat
540 3544 560 3578 ,
621 3492 692 3557 in
749 3491 1014 3559 sinistro
1073 3491 1398 3558 Ponticas,
1463 3492 1653 3556 Inter
1708 3489 1829 3556 has
1898 3489 2187 3583 spatium
2243 3490 2375 3558 CD

221 3621 541 3693 passuum
587 3595 930 3691 relinquit,
967 3595 1149 3692 quod
1187 3597 1342 3666 satis
1387 3619 1529 3663 esse
1573 3593 1657 3662 ad
1702 3593 2125 3689 explicandas
2169 3619 2373 3664 naves

306 3771 441 3823 Cu».
457 3769 612 3822 XIII.
643 3787 665 3822 1
678 3809 691 3822 .
721 3767 954 3822 Omnibus
975 3771 1110 3819 ostiis
1131 3767 1257 3822 Nili.
1345 3765 1539 3837 legere,
1554 3775 1615 3816 ut
1632 3764 1688 3817 in
1702 3762 1846 3833 edd„
1860 3777 1989 3818 vett.
2006 3766 2215 3834 regionis
2232 3785 2382 3818 nava-

228 3849 406 3905 Codd.
435 3847 654 3921 quidam
675 3862 728 3902 et
750 3847 872 3902 edd.
895 3860 1024 3900 vett.
1051 3865 1065 3900 :
1091 3850 1141 3899 ἰη
1166 3867 1264 3898 om-
1351 3845 1496 3909 libus,
1515 3845 1629 3912 vel,
1643 3863 1767 3898 cum
1781 3845 2136 3914 Davis.‚Regis
2150 3865 2260 3898 nav.
2278 3844 2381 3900 ΟΒ.

227 3930 369 3983 nibus
395 3933 528 3982 ostiis
545 3941 773 3999 portuum
795 3927 922 3981 Nili.
959 3926 1044 3980 Sic
1077 3927 1263 3979 Livius
1436 3947 1486 3979 2.
1530 3925 1912 3996 Quinqueremes.
1954 3923 2096 3976 Tum
2127 3922 2195 3977 de
2225 3925 2382 3995 quin·

234 4011 328 4077 35,
359 4011 466 4078 39:
495 4009 590 4062 Ad
605 4011 776 4061 ostium
795 4018 987 4082 pot-tus.
1016 4005 1130 4058 Ubi
1151 4004 1262 4059 vid.
1352 4005 1723 4076 queremibus,
1754 4005 2035 4076 loquemur
2068 4003 2126 4056 in
2169 4007 2382 4076 supple-

229 4090 473 4144 Gronov.
499 4119 581 4134 --
606 4089 774 4158 Regiae
819 4085 1088 4140 navalibus.
1123 4083 1267 4138 Vide
1354 4097 1536 4138 mento
1555 4093 1587 4149 4
1602 4085 1758 4139 Tom.
1778 4123 1793 4151 ,
1808 4098 1924 4138 tum
1942 4082 2011 4136 de
2026 4083 2141 4136 aliis
2158 4085 2381 4156 navigiis

233 4168 302 4222 de
334 4171 395 4223 B.
426 4169 492 4224 C.
517 4185 617 4235 111,
640 4187 662 4222 1
678 4185 764 4222 η.
791 4168 869 4222 Μ.
887 4167 1015 4222 Non
1037 4185 1172 4238 opus
1191 4179 1268 4219 est
1355 4161 1595 4220 veterum
1610 4205 1626 4230 ‚
1654 4167 2060 4238 qualiacumque
2090 4165 2305 4218 fuerint.
