3025 5025
605 485 746 554 DE
801 483 1146 553 BELLO
1203 483 1576 554 CIVILI.
1634 487 1825 554 LIB.
1883 488 2031 554 III.

255 616 704 712 prohibebat,
745 619 839 686 ita
877 617 1017 712 ipse
1061 617 1245 686 omni
1288 607 1467 686 terra
1509 641 1741 686 earum
1768 620 2132 712 'regionum
2179 623 2415 716 prohi-

257 725 593 794 bebatur:
627 723 946 820 praesidiis
978 724 1154 792 enim
1187 723 1551 818 dispositiS‚
1580 726 1804 794 omnia
1828 722 2053 794 littora
2081 752 2121 795 a
2153 730 2416 798 Caesa're

241 830 721 918 'tenebantur²‚
749 853 965 924 neque
1002 828 1326 924 lignandi,
1355 835 1555 923 atq‘ue
1598 829 1921 924 aquandi,
1954 857 2169 927 neque
2198 841 2417 906 ‘naves

253 937 342 1005 ad
377 952 638 1008 terram
681 935 1006 1032 religandi
1063 933 1354 1030 potestas
1412 935 1633 1006 fiebat.
1682 940 1848 1005 Erat
1904 963 2009 1008 res
2060 941 2131 1008 in
2172 967 2417 1036 magna

254 1042 662 1114 difficultate
687 1096 710 1131 ‚
771 1044 1180 1137 summisque
1235 1045 1557 1138 angustiis
1621 1067 1845 1113 rerum
1892 1050 2421 1118 necessariarum

255 1150 776 1244 premebantur,
813 1148 982 1219 adeo
1023 1164 1100 1217 ut
1137 1164 1541 1244 cogerentur
1560 1203 1579 1238 ,
1623 1153 1813 1220 sicuti
1862 1150 2190 1246 reliquum
2226 1181 2418 1224 com-

255 1256 596 1344 meatum,
635 1245 727 1325 ita
757 1255 937 1352 ligna
967 1270 1166 1350 atque
1195 1280 1435 1350 aquam
1468 1251 1766 1352 Corcyra
1792 1259 2073 1327 navibus
2098 1265 2419 1332 onerariis

257 1377 695 1460 supportare:
716 1373 916 1456 atque
940 1387 1076 1432 uno
1101 1363 1299 1432 etiam
1323 1378 1625 1457 tempore
1648 1363 1921 1452 accidit,
1940 1380 2017 1434 ut
2032 1365 2419 1438 difficiliori·

255 1471 377 1540 hus
389 1472 500 1538 usi
519 1469 1150 1565 tempestatibuS‚ex
1163 1467 1444 1564 pellibus
1457 1471 1727 1564 ‚quibus
1746 1486 1937 1539 erant
1952 1470 2167 1540 tectae’
2184 1499 2389 1545 naves
2401 1531 2422 1566 ,

254 1591 674 1646 nocturnum
711 1578 1014 1672 excipere
1057 1601 1279 1645 rorem
1323 1591 1725 1672 cogerentur
1768 1603 1783 1645 :
1824 1602 1987 1672 quas
2026 1593 2249 1648 tamen
2293 1582 2421 1651 dif-
2490 1617 2493 1626 ·

253 1682 594 1752 ficultates
647 1685 980 1778 ,patienter
1035 1696 1234 1778 atque
1293 1708 1484 1777 aequo
1542 1686 1767 1754 animo
1817 1683 2125 1756 ferebant
2138 1741 2159 1776 ‚
2202 1713 2419 1782 neque

256 1791 376 1860 sibi
423 1789 749 1860 nudanda
784 1789 1010 1860 littora
1046 1803 1114 1858 et
1156 1788 1629 1885 relinquendos
1666 1805 1901 1885 portus
1936 1793 2417 1866 existimabant.

2264 513 2415 586 209

331 1974 471 2030 Car.
498 1973 631 2026 XV.
659 1991 707 2027 1.
727 1973 981 2026 Proesidiis
1001 1971 1295 2025 tenebantur.

251 2055 492 2108 Miratur
520 2053 874 2106 Marklandus
884 2093 900 2120 ,
912 2053 969 2105 in
991 2052 1300 2123 explicatio-

251 2152 318 2187 ne
327 2147 437 2188 vet.
451 2145 684 2204 auct.‚p.
701 2153 729 2186 η
739 2148 772 2203 7
783 2151 804 2186 1
815 2131 1110 2204 ‚quomodo
1125 2133 1301 2186 Caesar

253 2215 500 2288 potuerit
517 2213 700 2266 omnia
713 2226 894 2266 tenere
909 2213 1117 2279 littora,
1131 2230 1301 2284 quum

250 2314 365 2367 cap.
403 2313 430 2348 1
445 2301 481 2359 4
503 2334 520 2361 ,
543 2291 828 2347 adversarii
849 2290 1098 2370 dicantur
1119 2293 1301 2344 omnia

250 2375 436 2428 littora
454 2387 662 2428 tenere.
681 2371 971 2425 Enimvero
990 2373 1302 2443 Caesarproe-

251 2457 388 2508 sidiis
426 2449 775 2508 terrestribus
809 2453 1052 2525 dispositis
1085 2452 1300 2505 tenebat

251 2536 436 2590 littora
452 2574 468 2598 ,
501 2552 576 2587 ne
592 2532 876 2587 adversarii
901 2531 1220 2586 exscendere
1239 2532 1298 2585 in

249 2616 400 2670 littus
430 2626 689 2688 possent3
725 2612 1012 2667 adversarii
1045 2614 1196 2665 classe
1227 2625 1302 2665 te-

249 2698 458 2751 nebant
495 2695 681 2747 littora
699 2734 715 2762 ,
739 2712 808 2747 ne
840 2694 1016 2746 Caesar
1051 2694 1299 2764 navigare

249 2790 449 2849 posset.
498 2775 694 2827 Hostes
723 2774 781 2827 in
821 2774 960 2825 mari
1006 2773 1300 2851 proliibent

251 2857 530 2925 Caesarem
559 2872 589 2906 a
627 2848 992 2925 navigatione3
1027 2853 1202 2907 Coesar
1238 2852 1298 2905 in

251 2935 564 2991 continenti
597 2934 850 3006 prohibet
881 2934 1062 2987 hostes
1099 2932 1168 2984 ab
1211 2950 1298 2985 ex-

249 3017 556 3071 scensione.
589 3015 732 3085 Ετςο
749 3014 897 3066 nulla
926 3010 1298 3066 emendatione

252 3116 392 3170 opus
425 3096 568 3161 erit3
591 3108 646 3148 et
663 3093 870 3147 diversa
889 3094 1098 3147 ratione
1127 3110 1296 3163 quum

251 3178 436 3233 Caesar
450 3213 469 3241 ‚
503 3187 620 3228 tum
648 3173 826 3227 hostes
867 3174 1051 3227 littora
1093 3183 1294 3226 tenent.

249 3257 434 3311 M.--
451 3255 625 3327 Atque
663 3254 892 3327 aquandi.
938 3256 1022 3307 Ita
1065 3253 1298 3305 restituit

251 3334 621 3405 Oudendorp.
645 3354 710 3387 ex
731 3332 918 3401 codd„
947 3330 1141 3405 quihus
1170 3350 1298 3384 nos·

251 3418 324 3470 tri
354 3416 725 3471 consentiunt.
750 3415 980 3485 Vulgata
1003 3404 1184 3485 neque‘:
1207 3411 1300 3465 alii

252 3509 376 3559 aut,·
424 3496 609 3548 minus
656 3496 792 3547 bene
809 3534 826 3562 ,
861 3513 989 3547 nam
1035 3504 1162 3546 sunt
1208 3492 1298 3545 hic

249 3576 378 3631 duae
408 3594 500 3629 res
535 3593 656 3646 quae
701 3572 950 3627 distincte
991 3584 1293 3627 narrantur.

338 3677 396 3710 2.
440 3657 606 3707 Tectoe
629 3652 796 3709 'navem
819 3653 1086 3708 Notabilis
1111 3653 1294 3707 locus:

251 3750 308 3791 et
347 3737 540 3789 forsan
561 3772 580 3800 ,
625 3752 756 3806 quas
809 3734 935 3787 alibi
981 3750 1118 3805 supe
1162 3730 1296 3785 adeo

253 3828 414 3869 tectas
457 3835 603 3868 naves
661 3815 836 3867 Cesar
871 3825 1030 3867 vocat
1056 3850 1074 3877 ‚
1121 3813 1297 3865 solum

250 3895 492 3967 pellibus
513 3906 664 3948 tectoe
683 3906 836 3949 erant
847 3912 864 3959 ς
877 3895 976 3947 snb
989 3893 1184 3965 quibus
1193 3892 1294 3944 mi·

249 3976 330 4029 les
351 3994 458 4029 eeu
481 3974 725 4029 tentoriis
751 3974 1010 4045 agitabat3
1035 3984 1195 4044 atque
1217 3972 1290 4025 ita

251 4066 521 4109 commta
557 4073 719 4109 naves
735 4074 768 4106 a
789 4058 924 4105 tectis
964 4052 1293 4124 distinguen-

252 4134 340 4189 δε
385 4134 528 4203 sint,
557 4153 690 4208 quas
719 4152 1015 4207 perperam,
1041 4131 1292 4189 confudit

368 4247 472 4314 II.

1390 1971 1589 2026 Baifius
1617 1991 1633 2026 ε
1666 1987 1926 2026 constr-ata.-
1954 1988 2081 2028 sunt
2109 1983 2218 2038 νῆες
2257 1981 2415 2032 κατοί-

1387 2071 1609 2124 φρακτοι,
1626 2067 1687 2106 ut
1702 2056 1860 2124 graeci
1872 2069 2092 2123 vocant3
2106 2069 2255 2110 tectae
2270 2072 2420 2112 erant

1385 2151 1571 2186 revera
1617 2134 1885 2205 ἄφρακτοι,
1926 2133 2019 2187 sed
2059 2137 2223 2206 pelles
2258 2138 2317 2190 in
2355 2139 2420 2192 iis

1386 2231 1490 2284 pro
1520 2213 1779 2266 tentoriis.
1808 2214 1921 2267 Illae
1942 2215 2089 2267 enim
2110 2231 2261 2270 erant
2289 2234 2419 2269 con·

1385 2305 1563 2345 stratae
1594 2293 1794 2348 assibus
1808 2332 1825 2360 ‚
1846 2306 1901 2346 et
1931 2295 2035 2346 hoc
2060 2314 2185 2348 vere
2213 2310 2420 2349 conster-

1385 2391 1495 2423 nere
1505 2393 1527 2433 ;
1548 2370 1641 2424 sed
1658 2372 1859 2425 incerta
1874 2373 2005 2426 haec.
2023 2373 2167 2446 Illud
2181 2377 2419 2430 fortassis

1383 2468 1575 2504 verum
1603 2464 1752 2502 tectas
1780 2465 1834 2504 et
1860 2465 2129 2504 constratas
2156 2473 2317 2508 naves
2337 2455 2418 2508 di-

1384 2550 1560 2585 versas
1604 2551 1716 2585 esse
1744 2571 1763 2598 ‚
1805 2532 1954 2604 quod
1984 2546 2145 2586 ·tectoe
2186 2535 2416 2607 pellibus

1385 2624 1709 2665 extrinsecus
1750 2625 2005 2666 contectae
2050 2627 2203 2667 erant
2231 2633 2245 2667 :
2287 2634 2417 2668 con-

1384 2703 1561 2744 stratae
1586 2710 1699 2744 non
1728 2694 1875 2745 item.
1899 2695 1981 2745 De
2000 2693 2232 2764 pellibus
2259 2693 2417 2749 docet

1383 2790 1482 2823 nos
1502 2772 1715 2834 Pollux,
1728 2773 1765 2825 l.
1780 2792 1824 2841 1,
1836 2792 1883 2826 c.
1903 2790 1963 2841 9:
1980 2774 2107 2844 Πρὸς
2123 2770 2182 2827 83
2198 2774 2289 2835 τὰς
2306 2777 2415 2828 ἐπι-

1383 2849 1535 2911 διπλὰς
1573 2854 1735 2907 αὐτῶν
1754 2891 1772 2918 ,
1799 2854 2200 2923 ἀντεσοφίζοντο,
2231 2856 2414 2926 βὺρσας

1381 2934 1736 3003 προσηλοῢντεζ·
1758 2934 1877 3003 πρὸς
1902 2932 1969 2985 τὰ
1988 2934 2295 3005 τειχίσματα
2317 2944 2415 2988 τῶν

1380 3018 1522 3075 νεῶν,
1544 3012 1677 3074 ὅπως
1696 3011 1719 3065 ὁ
1740 3009 1937 3083 σὶθηρος
1962 3014 2187 3083 ὀλισθάνῃ
2210 3016 2327 3085 πρὸς
2357 3018 2415 3069 τὸ

1383 3091 1649 3145 ἀντίτυπον
1669 3090 1938 3149 άντιλαῧὴν
1960 3095 2044 3146 οὐκ
2062 3094 2205 3161 ἔχων.
2230 3095 2417 3148 Contra

1383 3174 1671 3242 irruptiones
1684 3192 1803 3223 vero
1810 3172 2034 3241 fallaciis
2047 3174 2409 3235 contendebant,

1382 3254 1518 3303 coria
1548 3251 1802 3322 affigentes
1821 3253 2089 3324 parietibus
2113 3260 2329 3315 navium,
2359 3268 2417 3307 ut

1371 3333 1561 3398 senum
1600 3332 1926 3393 delaberetur,
1968 3334 2161 3405 quando
2196 3334 2253 3385 id
2286 3336 2418 3407 quod

1385 3416 1529 3464 ictum
1552 3416 1751 3485 excipit,
1780 3432 1877 3464 non
1906 3415 2089 3482 recipit.
2122 3413 2413 3466 Tectarum

1383 3510 1597 3564 quoque
1610 3494 1927 3565 scapharum
1944 3492 2190 3545 meminit
2212 3493 2386 3546 Caesar
2404 3535 2419 3563 ‚

1382 3588 1455 3625 111
1485 3571 1557 3624 de
1579 3573 1642 3625 B.
1672 3574 1761 3641 C„
1783 3591 1831 3625 c.
1860 3590 2005 3625 100:
2038 3572 2299 3635 Vatinius,
2329 3578 2415 3647 qui

1382 3651 1649 3705 Brundisio
1670 3663 1888 3723 proeerat
1901 3689 1917 3714 ,
1949 3654 2082 3703 tectis
2106 3655 2413 3725 instratisque

1383 3733 1573 3803 scaphis
1620 3734 1787 3785 elicuit
1822 3750 1967 3785 naves
2024 3732 2285 3785 Loelianas.
2330 3734 2413 3787 Ita

1384 3812 1517 3865 Scal.
1540 3810 1727 3865 edidit.
1748 3814 1815 3864 In
1836 3809 2063 3883 prim-ib.-
2092 3809 2244 3864 editt.
2268 3826 2380 3866 erat
2402 3854 2418 3881 ‚

1384 3895 1733 3964 &suncti-sque.
1748 3890 1881 3943 Vid.
1904 3908 1971 3943 an
1992 3908 2104 3942 non
2127 3891 2335 3947 melius.
2356 3893 2413 3946 si

1378 3983 1523 4024 recte
1548 3970 1805 4043 Scaliger,
1828 3970 2036 4025 diversa
2068 3984 2193 4024 sunt
2218 3990 2413 4044 genera

1381 4061 1519 4106 teotoe
1529 4089 1546 4113 ,
1568 4062 1622 4104 et
1638 4054 1857 4104 instratoe
1871 4070 1891 4103 .·
1904 4049 2164 4104 nimirum
2184 4052 2289 4107 illae
2301 4055 2412 4127 pel·

1378 4132 1553 4203 libus3
1570 4132 1655 4188 hae
1670 4171 1687 4205 ‚
1706 4143 1769 4187 ut
1782 4142 1919 4206 puto
1936 4169 1955 4200 ,
1971 4130 2138 4204 ligno.
2169 4134 2237 4187 D.
2255 4136 2410 4188 Voss.

1944 4245 2035 4328 14
