3025 5025
853 466 1507 539 ALEXANDRI
1533 466 1701 535 ΝΟ.
2200 465 2343 539 381

203 596 288 665 ad
327 596 398 667 id
429 598 680 667 flumen
727 600 907 669 misit
927 654 948 688 ‚
990 602 1106 694 qui
1150 600 1432 669 transitu
1491 600 1823 669 Caesarem
1872 598 2311 692 prohiberent
2333 653 2353 689 ,

203 718 269 772 et
311 707 570 775 eminus
605 732 688 777 ex
725 708 886 802 ripis
932 705 1232 801 praelium
1267 703 1517 800 impar¹
1558 704 1803 774 inirent
1832 730 1847 773 :
1878 703 2135 775 nullum
2174 709 2353 776 enim

201 835 584 904 processum
639 815 852 884 virtus
895 813 1221 897 habebat,
1261 827 1380 881 aut
1430 809 1803 905 periculum
1844 806 2109 905 ignavia
2160 814 2351 885 subi-

201 915 332 983 bat.
363 920 532 1007 Quae
569 944 674 989 res
717 920 1014 991 incendit
1058 919 1290 989 dolore
1326 917 1579 995 milites.
1604 920 1989 1013 equitesque
2043 933 2309 989 nostros
2334 974 2355 1009 ‚

201 1024 381 1115 quod
437 1025 690 1095 tamdiu
735 1029 879 1121 pari
928 1024 1189 1121 praelio²
1251 1051 1406 1095 cum
1441 1024 1907 1095 Alexandrinis
1963 1040 2352 1095 certaretur.

201 1132 432 1224 Itaque
493 1132 732 1203 eodem
779 1148 1080 1228 tempore
1125 1134 1378 1262 equites
1441 1134 1803 1220 Germani,
1852 1131 2133 1250 dispersi
2182 1132 2355 1201 vada
2426 1164 2434 1172 ·

201 1236 490 1307 fluminis
557 1254 926 1333 quaerentes
945 1292 964 1327 ,
1008 1224 1294 1334 partim³
1349 1238 1849 1309 demissioribus
1897 1239 2055 1331 ripis
2106 1238 2357 1309 flumen

201 1356 668 1435 transnarunt3
705 1362 774 1418 et
807 1346 1190 1441 legionarii,
1217 1347 1476 1440 magnis
1513 1345 1867 1419 arboribus
1913 1347 2179 1431 excisis,
2208 1370 2357 1439 quae

201 1446 612 1545 longitudine
647 1469 1002 1547 utramque
1044 1455 1258 1547 ripam
1309 1453 1779 1545 contingerent
1809 1504 1829 1539 ‚
1880 1466 1951 1521 et
2004 1453 2317 1545 projectis
2337 1504 2357 1536 ‚

201 1560 684 1655 repentinoque
711 1546 980 1655 aggere⁴
1008 1561 1285 1659 injecto,
1314 1558 1567 1629 flumen
1594 1560 2019 1629 transierunt.
2046 1559 2359 1645 Quorum

199 1664 522 1758 impetum
561 1666 730 1739 adeo
774 1669 1264 1762 pertimuerunt
1305 1666 1563 1751 hostes,
1601 1678 1680 1733 ut
1720 1667 1791 1731 in
1833 1663 1997 1759 fuga
2036 1690 2223 1759 spem
2257 1688 2359 1734 sa·-

199 1767 354 1840 lutis
409 1772 821 1845 collocarent
855 1800 868 1841 :
915 1773 1034 1843 sed
1068 1772 1137 1843 id
1177 1772 1474 1860 frustra3
1515 1796 1805 1865 namque
1842 1796 1925 1841 ex
1960 1772 2119 1867 fuga
2164 1772 2361 1865 pauci

201 1876 282 1945 ad
317 1904 550 1974 regem
589 1881 1018 1974 refugerunt,
1057 1904 1246 1974 paene
1283 1880 1468 1949 omni
1512 1878 1765 1972 reliqua
1802 1876 2225 1947 multitudine
2268 1881 2360 1949 in-

203 1984 497 2057 terfecta.

301 2094 528 2163 XXX.
575 2095 830 2180 Caesar,
871 2118 943 2165 re
978 2081 1488 2188 ‘praeclarissime
1540 2106 1723 2187 gesta
1742 2146 1762 2180 ‚
1806 2116 2011 2187 quum
2064 2092 2361 2161 subitum

199 2199 562 2270 adventum
599 2226 796 2271 suum
827 2193 1158 2294 judicaret
1190 2225 1510 2294 magnum
1544 2213 1870 2269 terrorem
1899 2198 2363 2268 Alexandrinis

200 2305 632 2399 injecturum,
655 2310 960 2401 protinus
984 2309 1200 2377 victor
1227 2307 1316 2383 ad
1343 2320 1563 2377 castra
1598 2307 1773 2399 regis
1811 2305 2165 2397 pertendit.
2200 2308 2362 2377 Haec

201 2436 410 2507 quum
449 2428 518 2482 et
555 2438 758 2509 opere
799 2439 1046 2509 magno
1073 2411 1349 2500 vallata,
1391 2426 1462 2481 et
1495 2410 1627 2481 loci
1668 2426 1911 2481 natura
1947 2414 2203 2490 munita
2234 2411 2360 2479 ad-

201 2535 526 2608 verteret,
549 2522 1050 2616 confertamque
1075 2545 1420 2589 armorum
1445 2517 1941 2590 multitudinem
1968 2516 2363 2588 collocatam

201 2630 268 2698 in
312 2626 494 2698 vallo
548 2629 842 2716 videret,
895 2627 1102 2698 lassos
1158 2629 1394 2697 itinere
1445 2650 1525 2696 ac
1570 2623 1933 2719 praeliando
1984 2623 2223 2694 milites
2254 2626 2363 2694 'ad

184 2734 666 2831 ‚oppugnanda
694 2749 908 2804 castra
949 2734 1308 2804 succedere
1345 2731 1575 2802 noluit.
1615 2735 1853 2824 ltaque
1875 2783 1894 2818 ‚
1932 2756 2069 2800 non
2114 2755 2361 2826 magno

201 2840 555 2914 intervallo
606 2841 838 2912 relicto
883 2842 968 2912 ab
1020 2841 1215 2912 hoste
1244 2892 1264 2927 ‚
1323 2854 1541 2910 eastra
1607 2839 1849 2934 posuit.
1916 2840 2191 2908 Postero
2254 2837 2363 2906 die

199 2947 546 3020 castellum
575 3001 592 3034 ‚
641 2948 824 3045 quod
866 2974 985 3018 rex
1029 2949 1098 3016 in
1142 2948 1451 3042 proximo
1498 2947 1651 3014 vico
1707 2969 1845 3014 non
1898 2941 2097 3038 longe
2142 2968 2182 3012 a
2224 2947 2364 3012 suis

199 3059 439 3128 castris
509 3058 885 3126 muniverat
904 3109 925 3142 ‚
979 3054 1399 3148 brachiisque
1421 3052 1439 3076 ¹
1499 3078 1657 3123 cum
1718 3075 1923 3146 opere
1980 3065 2357 3120 castrorum

281 3262 416 3314 cir.
433 3257 639 3311 XXIX.
661 3274 713 3310 1.
729 3256 1150 3326 Praeliumimpar.
1167 3256 1234 3308 In
1329 3273 1397 3320 α,
1439 3253 1549 3317 65;
1599 3251 1667 3304 de
1708 3251 1975 3322 LegibuS,
2022 3253 2358 3322 2‚17;Sa1·

201 3359 312 3414 quo
343 3339 440 3426 qui
469 3338 666 3391 virtute
713 3349 766 3389 et
795 3335 1112 3390 fortitudine
1155 3335 1235 3387 uti
1321 3333 1466 3400 lust„
1483 3333 1621 3396 Cat„
1642 3331 1732 3386 50.
1739 3331 1866 3384 vid.
1886 3345 1939 3385 et
1951 3331 2099 3398 infr„
2114 3333 2229 3386 Afr.
2236 3334 2362 3398 ,63,

202 3422 346 3488 vult,
359 3397 540 3474 nullos
557 3417 659 3472 hac
677 3437 770 3470 sua
784 3417 983 3470 virtute
996 3435 1239 3486 progres-
1325 3425 1376 3466 et
1385 3413 1567 3484 Hisp„
1581 3413 1683 3478 34,
1700 3414 1790 3484 37.
1802 3413 2145 3482 -Projecti5.
2166 3413 2295 3484 Leg.
2314 3425 2366 3464 et

201 3521 290 3558 sus
302 3499 536 3571 insignes
549 3499 750 3562 facere,
766 3509 856 3552 aut
865 3497 1064 3550 virtute
1097 3495 1237 3548 mul-
1318 3496 1548 3564 projectis
1568 3511 1598 3548 e
1618 3491 1941 3586 quibusdam
1956 3490 2115 3545 codd.
2131 3492 2219 3544 M.
2232 3493 2284 3546 N
2287 3511 2358 3546 on

205 3595 324 3636 tum
359 3579 574 3633 efficere
594 3590 796 3650 potest,
817 3577 912 3648 qui
935 3595 1064 3629 vero
1073 3576 1236 3629 zimi-
1327 3592 1494 3644 opus,
1524 3573 1567 3626 si
1598 3576 1771 3626 excisis
1800 3571 2059 3642 adjective
2096 3584 2353 3626 sumatur.

201 3659 306 3728 dus
323 3674 380 3716 et
397 3661 616 3730 ignavus
627 3657 943 3722 est‚nullum
956 3669 1240 3727 propterea
1410 3659 1464 3716 4.
1491 3651 1713 3724 Aggere.
1745 3653 1913 3706 Terra
1956 3652 2153 3722 injecta
2193 3653 2359 3706 trahi-

214 3741 478 3796 damnum
495 3740 685 3794 metuit
699 3777 714 3806 ,
736 3751 826 3792 aut
847 3737 1054 3808 accipit.
1077 3736 1154 3788 M.
1325 3733 1427 3788 bus
1443 3771 1462 3798 ‚
1485 3744 1547 3786 ut
1574 3751 1711 3804 pons
1741 3731 1850 3784 fiat.
1867 3763 1951 3776 -·
1972 3733 2255 3803 Repentino.
2280 3733 2359 3785 Ut

289 3842 344 3876 2.
383 3821 514 3884 Rari
546 3821 740 3891 praelia.
781 3818 906 3870 Pari
941 3818 1158 3870 fortuna
1186 3829 1239 3868 et
1329 3815 1438 3866 fors
1463 3811 1745 3865 obtulerat.

205 3915 434 3966 eventu,
461 3915 522 3954 ut
547 3912 742 3954 neutro
771 3897 1054 3952 inclinaret
1073 3897 1240 3950 victo·
1411 3894 1544 3948 Cir.
1561 3892 1736 3946 XXX.
1760 3909 1805 3942 1.
1826 3891 2071 3946 Brackiis.
2092 3891 2357 3944 Brachium

201 3985 301 4038 ria.
319 3983 519 4036 Mona.
1177 4039 1180 4042 ⁴
1327 3973 1384 4028 h.
1410 3974 1447 4026 l.
1477 3985 1558 4026 est
1579 3991 1745 4044 genus
1772 3971 2179 4039 munitionis,V.
2202 3992 2251 4046 g.
2278 3987 2361 4045 ag·-

293 4064 580 4126 &Pan-tim.
603 4061 728 4113 Non
755 4077 880 4112 raro
907 4055 1068 4112 semel
1096 4054 1238 4127 posi·
1327 4054 1465 4125 geris
1484 4093 1498 4122 ,
1517 4053 1682 4108 fossae.
1699 4051 1843 4104 Vide
1860 4051 2001 4117 Liv„
2016 4069 2093 4116 lv,
2116 4054 2357 4125 9;Virg.,

197 4158 326 4206 sum
349 4161 452 4201 nec
474 4142 779 4212 repetitum.
795 4136 925 4192 vid.
941 4137 1058 4191 Cic.
1074 4137 1232 4192 Verr.
1329 4137 1474 4200 AEn.,
1493 4151 1591 4199 111,
1613 4133 1723 4190 535
1743 4150 1759 4198 ;
1776 4131 2128 4200 Frontin.,111
2145 4171 2164 4202 ,
2186 4153 2271 4203 17,
2292 4133 2355 4200 53
