3025 5025
613 493 765 584 466
1406 489 1545 558 DE
1599 477 1946 558 BELLo

717 615 1041 687 XXXIX.
1096 613 1375 682 Caesar
1356 636 1427 680 1n
1464 635 1668 706 opere
1699 609 1938 681 milites
1980 609 2364 680 adhortari
2346 625 2612 708 ,neque
2641 613 2754 682 ad·-

611 723 1059 794 versariorum
1104 720 1311 814 copiis
1347 719 1624 790 moveri.
1674 717 1905 806 Quuin
1937 718 2078 813 jam
2113 743 2251 787 non
2283 719 2570 840 amplius
2607 744 2756 816 pas-

610 857 806 914 suum
844 831 989 898 MD
1026 828 1201 895 inter
1235 825 1538 894 hostium
1583 826 1794 893 aciem
1839 827 2126 919 suasque
2159 826 2570 896 munitiones
2623 835 2758 897 esse

610 936 1182 1008 animadvertisset
1195 986 1216 1020 ,
1254 931 1812 1025 intellexissetqu'e
1826 984 1847 1019 ,
1887 931 1975 1000 ad
2022 930 2482 1026 impediendos
2523 933 2758 1004 milites·

610 1066 765 1114 suos
780 1098 799 1131 ,
832 1049 901 1112 'et
930 1041 1015 1110 ab
1052 1049 1257 1136 opere
1297 1036 1756 1134 depellendOS,
1794 1039 2060 1110 hostem
2095 1040 2374 1134 propius
2411 1041 2762 1129 accedere,

606 1173 1009 1242 necesseque
1058 1145 1339 1216 haberet
1356 1199 1376 1233 ,
1427 1143 1720 1239 legiones
1773 1169 1814 1214 a
1860 1145 2342 1216 munitionibus
2391 1145 2761 1234 deducere3

608 1260 898 1353 imperat
934 1269 1171 1324 turmae
1216 1255 1674 1347 Hispanorum
1691 1303 1710 1338 ,
1757 1251 1842 1320 ad
1879 1253 2260 1348 proximum
2305 1252 2549 1323 collem
2605 1263 2760 1350 prd-

605 1389 766 1460 pere
789 1358 1279 1448 adcurrerentf,
1298 1357 1812 1454 praesidiumque
1831 1358 1990 1427 inde
2009 1357 2446 1430 deturbarent
2458 1414 2478 1449 ,
2503 1359 2762 1430 locum-

606 1479 738 1566 que
765 1466 1498 1565 caperent3eodemque
1526 1465 1718 1558 jub‘et
1745 1464 1910 1534 levis
1943 1477 2299 1534 armaturae
2326 1487 2584 1560 paucos
2615 1475 2763 1537 con·

610 1573 796 1674 sequi
822 1574 1137 1646 subsidio.
1163 1574 1302 1662 Qui
1328 1572 1509 1642 missi
1537 1570 1871 1660 celeriter,
1892 1569 2223 1642 Numidas
2248 1570 2466 1642 adorti
2481 1627 2500 1662 ,
2525 1577 2765 1670 partim

608 1687 799 1755 vivos
836 1683 1109 1778 capiunt
1127 1730 1147 1765 ,
1180 1676 1540 1748 nonnullos
1583 1680 1839 1772 equites
1871 1678 2200 1778 fugientes
2243 1680 2766 1750 convulnerave-

609 1805 802 1879 runt,
830 1783 1113 1883 locoque'
1140 1798 1297 1856 sunt
1328 1787 1541 1881 potiti.
1581 1787 1944 1880 Postquam
1981 1785 2050 1854 id
2083 1785 2418 1855 Labienus
2463 1787 2766 1857 animad-

610 1899 848 1984 vertit,
886 1921 1020 1992 quo
1068 1892 1344 1964 celerius
1379 1894 1460 1960 iis
1496 1889 1816 1960 auxilium
1856 1891 2096 1979 ferret,
2133 1915 2217 1960 ex
2259 1894 2401 1976 acie
2447 1895 2768 1964 instructa

612 2005 943 2098 equitatus
982 2001 1083 2070 sui
1122 2005 1333 2095 prope
1376 1993 1596 2068 totum
1641 1997 1950 2068 dextrum
1995 2007 2206 2068 co'rnu
2252 2003 2528 2089 avertit,
2573 2015 2768 2096 atque

614 2113 748 2180 suis
782 2108 1191 2204 fugientibus
1234 2107 1572 2201 suppetias
1608 2107 1704 2174 ire
1745 2104 2108 2174 contendit.
2149 2106 2354 2194 Quod
2390 2108 2509 2176 ubi
2548 2111 2768 2178 Czbsar

612 2217 989 2312 conspexit,
1005 2214 1376 2284 Labienum
1401 2213 1486 2280 ab
1510 2213 1645 2281 suis
1665 2213 1871 2307 copiis
1889 2210 2153 2307 longius
2166 2214 2304 2306 jam
2323 2213 2772 2304 abscessisse²3

613 2325 947 2420 equitatus
982 2323 1083 2391 sui
1116 2319 1291 2389 alam
1330 2321 1664 2389 sinistram
1690 2319 1775 2387 ad
1805 2317 2343 2390 intercludendos
2374 2317 2606 2392 hostes
2641 2323 2768 2390 im-

617 2444 813 2500 misit.
2689 2509 2696 2515 .

725 2540 873 2607 XL.
930 2538 1094 2605 Erat
1133 2535 1205 2603 in
1259 2558 1341 2603 eo
1396 2556 1683 2628 campe,
1737 2533 1852 2601 ubi
1906 2557 1984 2601 ea
2027 2558 2134 2602 res
2179 2534 2576 2627 gerebatur,
2619 2532 2773 2604 villa

619 2666 1014 2741 permagna,
1028 2644 1130 2713 IV
1148 2641 1444 2709 turribus
1469 2639 1836 2711 exstructa¹
1843 2661 2024 2736 ,quae
2045 2640 2322 2711 Labieni
2340 2654 2770 2745 prospectum

620 2748 1063 2847 impediebat,
1090 2744 1174 2819 ne
1196 2761 1423 2842 posset
1456 2742 2028 2836 animadvertere,
2054 2748 2140 2817 ab
2168 2748 2470 2842 equitatu
2495 2738 2774 2819 Caesaris

625 2884 695 2928 se
723 2855 1094 2926 intercludi.
1121 2857 1357 2950 Itaque
1380 2879 1520 2923 non
1542 2857 1726 2949 prius
1749 2853 1917 2923 vidit
1935 2868 2192 2923 turmas
2216 2858 2255 2924 J
2257 2854 2516 2925 uhanas
2530 2909 2551 2942 ,
2573 2870 2772 2977 quam

626 2990 782 3037 suos
836 2962 1000 3034 cae‘di
1042 2983 1081 3029 a
1126 2976 1317 3066 tergo
1376 2964 1598 3031 sensit.
1645 2964 1750 3029 Ex
1791 2984 1924 3055 qua
1959 2983 2032 3029 re
2083 2960 2301 3029 subito
2344 2963 2416 3030 in
2452 2956 2773 3032 terrorem

626 3096 955 3143 converso
982 3071 1280 3163 equitatu
1305 3069 1787 3156 Numidarum,
1809 3082 1992 3137 recta
2019 3068 2088 3137 in
2113 3081 2331 3137 castra
2357 3068 2594 3164 fugere
2621 3094 2775 3138 con·

627 3176 858 3249 tendit.
902 3175 1079 3247 Galli
1134 3177 1634 3291 Germanique,
1680 3176 1794 3269 qui
1845 3176 2274 3264 restiterant,
2315 3200 2400 3243 ex
2442 3177 2780 3270 superiore

627 3283 779 3357 loco
810 3297 877 3352 et
904 3296 1060 3379 post
1100 3293 1365 3377 tergum
1408 3280 1885 3369 circumventi,
1925 3280 2316 3380 fortiterque
2357 3282 2778 3351 resistentes·
2759 3334 2776 3367 ‚

632 3390 1075 3463 conciduntur
1123 3389 1433 3458 universi.
1480 3388 1687 3477 Quod
1734 3388 1848 3459 ubi
1882 3387 2176 3483 legiones
2218 3387 2546 3483 Scipionis
2567 3443 2590 3477 ,
2639 3412 2780 3483 quae

633 3525 758 3594 pro
814 3498 1045 3567 castris
1096 3508 1289 3565 erant
1348 3497 1689 3565 instructae
1710 3550 1730 3579 ,
1773 3494 2436 3581 animadverterunt3
2481 3510 2670 3564 metu
2707 3515 2782 3562 ac

719 3683 847 3736 Cu.
870 3680 1127 3735 xxm.
1156 3696 1202 3733 1.
1226 3679 1321 3733 Ad
1332 3698 1478 3751 prooe.
1497 3679 1667 3731 collem
1835 3677 1966 3731 Cu.
2009 3678 2126 3731 xL.
2180 3692 2230 3731 π.
2277 3678 2418 3731 Vina
2576 3677 2780 3730 tarr-ibes

632 3784 775 3838 prop.
809 3764 1131 3814 adeun-erent.
1156 3760 1337 3831 Vulgo
1366 3772 1423 3813 ut
1450 3760 1534 3813 ad.
1563 3757 1669 3813 sed
1755 3769 2014 3812 exstructa.
2045 3756 2182 3811 Inde
2201 3755 2400 3812 factum
2423 3770 2532 3824 est,
2561 3770 2624 3810 ut
2645 3761 2780 3829 ejus·

642 3843 950 3915 conjunctio
970 3843 1027 3895 in
1048 3838 1208 3894 codd.
1232 3840 1366 3894 Scal.
1388 3852 1443 3893 et
1457 3838 1611 3893 Leid.
1628 3856 1674 3910 1,
1757 3836 1909 3891 infidi
1953 3836 2176 3904 domus,
2218 3840 2278 3891 in
2319 3855 2426 3911 qua
2459 3850 2633 3891 essent
2679 3854 2782 3889 nnn

645 3924 842 3978 deficit.
869 3921 1001 3975 vid.
1028 3924 1089 3974 B.
1114 3920 1240 3975 G.1.
1265 3939 1417 3987 17,c.
1446 3924 1538 3975 16.
1565 3921 1674 3974 Pro
1757 3920 2005 4012 pluresve
2031 3922 2204 3973 turres
2231 3917 2300 3971 ad
2322 3916 2778 3991 prospiciendum,

647 4005 981 4060 adcurrerent,
1014 4002 1105 4054 alii
1134 4012 1449 4054 occurrerent.
1761 3999 1876 4071 ipsa
1925 4011 2140 4073 quoque
2182 4001 2348 4053 turris
2393 3998 2678 4053 diceretur.
2727 4014 2779 4047 v.

729 4105 781 4137 2.
796 4084 911 4135 Jam
930 4082 1219 4135 abscessisse.
1236 4080 1379 4135 ond.
1395 4079 1573 4152 idjam
1589 4076 1680 4132 ad·
1763 4079 1886 4133 intt.
1914 4080 2119 4133 Tibulli
2148 4082 2309 4146 1,8,
2349 4096 2438 4149 19.
2475 4078 2689 4132 Erues'ti
2715 4072 2780 4127 hd

648 4162 789 4219 didit
802 4182 833 4217 e
849 4160 1011 4219 codd.
1026 4162 1213 4217 Nostri
1228 4178 1443 4235 quoque
1457 4162 1676 4215 habent.
1766 4158 1986 4215 Sueten.
2019 4160 2220 4216 Neron.
2255 4178 2303 4214 c.
2340 4160 2432 4217 38.
2455 4156 2532 4211 Μ.
