3025 5025
542 508 550 515 ·
617 486 755 552 DE
810 484 1160 552 BELLO
1198 484 1568 552 CIVILI.
1628 486 1818 551 LIB.
1864 485 2015 553 III.

253 616 566 686 nutricius
614 618 790 711 erS,
826 617 1174 687 eunuchus
1193 672 1214 706 ,
1264 618 1533 686 nomine
1592 616 1933 686 Pothinus·
1988 620 2057 687 Is
2102 620 2391 713 primum

249 724 414 791 inter
453 750 603 793 suos
643 720 832 818 queri
862 740 1062 818 atque
1093 724 1424 819 indignari
1469 726 1670 819 coepit
1690 718 1737 811 ²,
1780 748 2007 819 regem
2047 724 2132 793 ad
2168 726 2393 798 dicen·

248 829 394 898 dam
428 854 695 900 causam
733 833 1030 900 evocari:
1055 828 1292 900 deinde
1332 829 1669 924 adjutores
1700 831 2054 925 quosdam,
2092 838 2393 905 conscios

249 938 342 1003 sui
370 990 389 1023 ,
428 952 664 1006 nactus
708 962 788 1006 ex
848 938 1024 1031 regis
1081 940 1309 1007 amicis
1338 992 1357 1023 ,
1411 939 1780 1006 exercitum
1825 962 1866 1005 a
1907 936 2171 1007 Pelusio
2220 940 2391 1012 clam

247 1041 708 1113 Alexandriam
765 1046 1070 1113 evocavit
1099 1099 1119 1130 ,
1176 1060 1374 1139 atque
1429 1043 1741 1115 eumdem
1791 1042 2097 1114 Achillan
2126 1100 2146 1133 ,
2204 1049 2393 1141 cujus

247 1174 441 1243 supra
483 1152 937 1237 meminimuS,
975 1151 1284 1219 omnibus
1331 1153 1537 1245 copiis
1582 1150 1897 1246 praefecit.
1942 1151 2171 1239 Hunc,
2221 1155 2391 1223 inci-

247 1270 451 1324 tatum
486 1259 622 1325 suis
650 1311 670 1345 ,
706 1270 775 1325 et
825 1258 1002 1352 regis
1035 1254 1340 1325 inflatum
1384 1254 1969 1352 pollicitationibus
1994 1312 2014 1347 ,
2054 1279 2201 1352 quae
2246 1258 2390 1328 fieri

245 1361 470 1450 vellet,
503 1362 739 1433 litteris
767 1364 1144 1458 nuntiisque
1173 1364 1458 1432 edocuit.
1497 1367 1582 1432 In
1617 1378 2017 1433 testamento
2053 1362 2391 1435 Ptolemaei

245 1470 441 1561 patris
478 1469 758 1539 heredes
801 1484 994 1539 erant
1029 1472 1256 1565 scripti
1293 1494 1374 1539 ex
1416 1470 1679 1539 duobus
1714 1468 1861 1539 filiis
1905 1472 2158 1565 major,
2199 1484 2268 1540 et
2310 1496 2391 1541 ex

239 1562 538 1644 (ἰυτὼῑι53
584 1600 709 1663 ea,
771 1602 917 1670 quoe
976 1591 1166 1645 aetate
1222 1576 1675 1646 antecedebat
1736 1577 1897 1647 Haec
1960 1579 2055 1645 uti
2112 1576 2390 1667 fierent,

243 1706 352 1774 per
387 1706 626 1752 omnes
667 1631 858 1770 deos,
893 1707 1144 1777 perque
1189 1682 1435 1752 foedera
1457 1709 1655 1778 ,quae
1685 1684 1918 1752 Romae
1947 1682 2240 1771 fecisset,
2268 1710 2388 1753 eo—

243 1787 382 1857 dem
433 1804 832 1859 testamento
876 1788 1273 1860 Ptolemaeus
1318 1789 1643 1885 populum
1694 1814 2047 1859 romanum
2090 1790 2388 1860 obtesta-

240 1894 449 1965 batur.
499 1895 770 1966 Tabulae
829 1899 1207 1965 testamenti
1259 1917 1409 1965 unae
1451 1922 1574 1991 per
1614 1896 1867 1991 legatos
1912 1896 2052 1990 ejus
2098 1892 2388 1973 Romam

241 2018 422 2071 erant
453 1990 724 2071 allatae⁴
727 2014 847 2089 ,ut
890 2005 958 2071 in
989 2006 1220 2072 aerario
1247 2018 1659 2124 ponerentur
1684 1997 1712 2092 (
1734 2004 1839 2073 hae
1869 2029 2076 2097 quum
2112 2018 2389 2099 propter

239 2109 533 2201 publicas
577 2112 1048 2205 occupationes
1103 2113 1264 2205 poni
1316 2133 1452 2178 non
1501 2112 1912 2204 potuissent,
1956 2108 2135 2204 apud
2178 2114 2385 2180 Pom-

240 2219 460 2307 peium
507 2230 662 2285 sunt
703 2214 1017 2311 depositze
1050 2208 1117 2305 );
1164 2216 1421 2302 alterae,
1477 2214 1714 2285 eodem
1766 2216 2104 2311 exemplo,
2138 2212 2386 2286 relictae

239 2334 429 2416 atque
469 2321 834 2417 obsignatae
867 2319 1283 2391 Alexandriae
1327 2320 1858 2419 proferebantur.

2241 484 2388 583 327

232 2538 377 2602 pueri.
392 2531 686 2586 Tredecim
707 2545 915 2586 tantum
933 2533 1085 2585 annis
1111 2546 1266 2585 natus
1354 2531 1610 2598 debebat,
1628 2549 1788 2603 quam
1809 2532 1983 2584 Caesar
2006 2531 2167 2583 nimis
2198 2533 2385 2586 acerbe

237 2613 744 2667 erat.—-Nmri0ius.
768 2609 893 2666 Non
915 2613 1138 2664 maritus
1163 2631 1264 2667 nu·
1352 2613 1549 2682 exegit,
1582 2629 1651 2663 ne
1681 2605 1839 2664 sacris
1870 2610 2089 2682 quidem
2127 2628 2381 2682 parcens:

237 2694 371 2747 tricis
411 2694 586 2764 regis,
619 2693 822 2764 quippe
850 2693 944 2764 qui
989 2693 1266 2745 eunuchus
1350 2703 1679 2763 quapropter
1702 2692 1997 2743 multorum
2032 2691 2237 2742 animos
2268 2709 2298 2742 a
2324 2710 2383 2744 se

238 2785 377 2841 esset,
395 2771 498 2826 sed
515 2767 663 2843 quod
680 2765 869 2826 eodem
883 2781 1106 2824 munere
1121 2769 1262 2844 apud

237 2854 436 2923 regium
487 2863 720 2924 puerum
761 2854 1080 2923 fungebatur
1093 2885 1108 2914 ,
1155 2865 1264 2922 quo

237 2932 370 3004 apud
385 2925 656 2984 Achillem
675 2933 882 2985 Chiron
898 2969 914 2996 ,
929 2941 1088 3003 quem
1110 2932 1262 2996 Stat,

235 3011 288 3064 in
316 3013 516 3066 Achill.
529 3051 545 3077 ,
563 3019 717 3066 vocat
747 3017 1028 3064 nutritorem
1053 3012 1264 3064 Achillis

239 3094 473 3162 ingentem
485 3113 507 3153 ,-
536 3109 644 3163 quo
671 3092 962 3163 Eutropius
991 3093 1264 3145 eunuchus

238 3170 343 3242 ipse
363 3170 517 3244 apud
534 3171 823 3224 Arcadium
851 3173 981 3244 imp.
1009 3172 1262 3225 Nun-icius

237 3249 546 3318 dicebatur,
578 3253 673 3323 qui
718 3253 936 3322 corpori
990 3261 1044 3305 et
1082 3253 1262 3327 animo

237 3334 382 3401 pueri
437 3331 686 3403 praesidia
727 3333 948 3403 parabat
972 3370 989 3396 ‚
1021 3332 1266 3402 corporis

237 3415 341 3481 ejus
377 3421 561 3465 custos
598 3419 650 3464 et
681 3413 922 3464 moribus
961 3413 1257 3483 praefectus.

238 3493 591 3556 -Pothi-nus,
611 3505 724 3544 non
751 3492 1010 3552 Photinus,
1035 3503 1096 3544 ut
1119 3509 1258 3543 non-

237 3572 364 3625 nulli
414 3571 633 3624 habent.
679 3572 966 3624 Plutarcho
1015 3575 1258 3633 Ποθεινὸς.

238 3650 393 3714 Quod
434 3652 480 3704 si
521 3652 626 3703 hoc
654 3653 880 3704 verbum
907 3649 1262 3704 deduceretur

240 3747 266 3780 a
295 3733 559 3802 φωτεινὸς,-
598 3732 812 3795 lucidus,
859 3733 1109 3783 Eucanus
1145 3732 1263 3802 pri-

240 3827 372 3863 mam
387 3811 647 3884 syllabam
661 3823 775 3864 non
793 3811 1011 3868 brevem
1035 3811 1259 3863 fecisset.

317 3911 344 3944 2
355 3932 368 3944 .
379 3892 643 3961 Indignan'
661 3896 814 3962 eoepit.
830 3892 948 3942 Alia
965 3903 1141 3942 tamen
1157 3891 1260 3942 fuit

239 3967 616 4042 indignationis
646 3991 821 4036 causa,
852 3989 1014 4043 quam
1047 3970 1258 4022 silentio

239 4048 406 4103 Caesar
417 4051 690 4122 praeteriit.
703 4053 1016 4104 Ptolemaeus
1024 4051 1257 4115 Auletes,

239 4125 424 4186 Conari
445 4149 707 4184 summam
728 4132 997 4202 ingentem
1017 4131 1258 4203 pecuniae

1351 2773 1615 2824 alienavit.
1631 2772 1773 2823 Plut.
1791 2771 1847 2823 in
1858 2771 2135 2841 Caes.,cap.
2155 2771 2227 2833 48
2244 2772 2389 2830 :Dio-

1352 2853 1514 2915 Cass„
1526 2867 1661 2913 xm,
1678 2869 1732 2918 9,
1746 2852 1836 2913 34.
1853 2883 1928 2892 —-
1942 2851 2031 2902 Ex
2049 2854 2176 2921 regis
2194 2854 2375 2903 amicis.

1349 2933 1433 2984 Al
1438 2935 1636 3000 wrogi&
1677 2931 1859 2982 Nostri
1915 2927 2094 2994 codd„
2137 2934 2388 3000 regia-..⁴

1350 3012 1603 3064 Achillan.
1636 3005 1777 3062 Vide
1797 3009 2217 3073 c.104.·Nosti*i
2247 3009 2370 3062 eod.

1349 3091 1605 3149 exhibent
1628 3086 1895 3142 Achillam.

1436 3167 2368 3240 3.Exduabus.su1baud1turfiunbm

1348 3265 1509 3323 quam
1526 3265 1711 3304 vocem
1736 3249 1987 3302 librarius
2008 3248 2127 3303 cod.
2148 3247 2383 3302 Leidene

1348 3333 1426 3388 sis
1447 3351 1532 3403 pr.
1564 3331 1819 3402 reposuit.
1856 3332 1926 3381 At
1964 3339 2075 3382 nou
2114 3329 2247 3382 adeo
2278 3346 2373 3381 ne·

1346 3421 1528 3464 cesse.
1514 3429 1533 3450 ·-
1556 3425 1681 3462 nam
1718 3423 1857 3481 saepe
1872 3409 2000 3479 filiis
2036 3423 2138 3480 pro
2170 3407 2373 3478 filiabus

1345 3491 1612 3585 repe-ritui
1652 3487 1797 3561 apud
1831 3490 2131 3560 scriptores.
2174 3489 2373 3540 Similis

1346 3572 1573 3624 varietas
1598 3567 1765 3635 infra,
1796 3589 1842 3622 c.
1881 3569 1973 3622 33.

1429 3657 1483 3714 4.
1497 3653 1699 3703 Romam
1713 3660 1856 3700 erant
1866 3649 2053 3700 altoetae.
2074 3643 2245 3700 Cudd.
2254 3653 2375 3718 peb-

1339 3732 1529 3796 multi,
1551 3732 1741 3791 Κοΐντω,
1771 3737 1832 3780 ut
1858 3741 2049 3799 supra,
2066 3727 2160 3779 lib.
2181 3745 2255 3790 11,
2281 3744 2367 3819 19.

1344 3841 1426 3852 —-
1449 3811 1569 3868 Ut·
1550 3829 1601 3860 m
1626 3815 1804 3860 aerario·
1824 3819 2128 3879 ponerentur.
2164 3806 2329 3859 Scil.‘
2314 3825 2371 3858 m

1345 3887 1456 3942 aede
1497 3889 1744 3954 Saturni,
1770 3890 1864 3940 ubi
1899 3887 2042 3941 soliti
2079 3899 2229 3939 erant
2260 3888 2369 3938 Ro-

1345 3969 1490 4021 mani
1518 3967 1716 4021 foedera
1732 3999 1749 4032 ,
1770 3968 2065 4039 pactiones,
2092 3979 2371 4020 testamen-

1341 4061 1424 4114 ta,
1464 4065 1725 4120 reponere
1752 4065 1766 4100 ε
1799 4046 1919 4098 ideo
1946 4083 1961 4112 ,
2012 4060 2073 4100 ut
2115 4045 2363 4099 adversus

1341 4129 1629 4182 violatores
1674 4139 1953 4199 pactorum
1995 4128 2131 4179 iram
2176 4127 2371 4198 impre-

1904 4231 2050 4314 21⁴
