3025 5025
616 453 758 500 112
823 374 825 376 ’
902 429 980 497 c.
1037 428 1324 497 sum
1379 426 1855 502 CAEsAms
1912 427 2469 500 COMMENT.

606 554 834 632 Caesar
871 560 956 629 ab
997 538 1212 656 opere‘
1243 558 1535 654 legiones
1563 574 1837 629 revocat
1852 614 1873 648 ‚
1908 561 2279 655 equitatum
2310 585 2581 630 omnem
2612 585 2782 633 con-

605 670 834 738 venire
863 667 1087 761 jubet,
1119 668 1331 736 aciem
1357 667 1660 736 instruit:
1686 681 1925 736 contra
1965 668 2346 761 opinionem
2376 669 2555 736 enim
2594 667 2779 737 mili-

601 791 749 844 tum
771 774 1150 868 famamque
1175 774 1478 842 omnium
1497 773 1710 842 videri
1728 772 2030 868 praelium
2048 771 2430 867 defugisse²‚
2444 799 2785 869 magnum

607 882 1080 951 detrimentum
1125 879 1466 948 afferebat..
1524 879 1655 948 Sed
1696 879 1946 949 eisdem
1989 879 2074 948 de
2116 883 2329 950 causis
2350 933 2369 969 ‚
2406 905 2568 976 quae·
2610 897 2785 950 sunt

503 1013 508 1018 ’
607 989 890 1083 cognitae
907 1041 926 1076 ,
954 1011 1088 1080 quo
1111 987 1330 1054 minus
1355 985 1669 1055 dimicare
1692 985 1893 1055 vellet
1908 1040 1925 1074 ‚
1953 987 2384 1075 movebatur3
2406 1002 2607 1082 atque
2630 988 2779 1058 hoc

607 1097 808 1164 etiam
843 1095 1052 1188 magis
1067 1147 1088 1181 ‚
1123 1092 1306 1186 quod
1343 1093 1537 1187 spatii
1562 1092 1887 1181 brevitaS‚
1918 1095 2119 1162 etiam
2148 1095 2217 1162 in
2248 1093 2477 1188 sugam
2508 1096 2787 1188 conjec-

605 1203 686 1270 tis
724 1201 1117 1270 adversariis
1131 1204 1154 1288 ‚'
1182 1223 1320 1270 non
1367 1198 1655 1273 multum
1702 1199 1787 1268 ad
1831 1224 2161 1268 summam
2199 1200 2493 1269 victoriae
2522 1201 2779 1294 juvare

592 1321 907 1402 poterat:
946 1331 1086 1374 non
1123 1307 1300 1375 enim
1346 1304 1629 1400 amplius
1664 1306 1915 1400 pedum
1955 1305 2243 1375 millibus
2286 1308 2357 1375 II
2402 1307 2487 1376 ab
2530 1311 2779 1380 castris

605 1428 825 1484 castra
852 1413 1201 1482 distabant.
1235 1413 1408 1482 Hinc
1441 1412 1607 1481 duas
1632 1427 1855 1508 partes
1884 1414 2057 1482 acies
2086 1398 2545 1507 occupabant3
2574 1414 2776 1504 duae3

602 1523 798 1590 tertia
819 1520 1135 1607 vacabat,
1160 1519 1244 1588 ad
1267 1520 1611 1588 incursum
1632 1533 1833 1613 atque
1856 1521 2179 1614 impetum
2198 1517 2483 1589 militum
2510 1518 2775 1592 relicta.

599 1630 668 1696 Si
691 1625 992 1722 praelium
1013 1627 1573 1714 committeretur,
1594 1628 2057 1721 propinquitas
2076 1639 2449 1695 castrorum
2472 1626 2771 1698 celerem

601 1735 926 1829 superatis
957 1757 1040 1800 ex
1067 1731 1228 1826 fuga
1263 1746 1605 1826 receptum
1638 1732 1857 1802 dabat.
1887 1736 2034 1802 Hac
2066 1732 2150 1800 de
2178 1757 2379 1802 causa
2408 1736 2777 1804 constitue-

599 1855 737 1928 rat,
764 1841 950 1933 signa
967 1837 1402 1906 inferentibus
1432 1841 1735 1908 resistere
1752 1892 1771 1926 ‚
1791 1840 1975 1933 prior
1998 1837 2227 1933 praelio
2252 1864 2391 1908 non
2415 1839 2768 1911 lacessere.

710 1947 1100 2014 LXXXIII.
1117 1945 1325 2014 ‘Acies
1350 1959 1492 2014 erat
1517 1944 1880 2014 Afraniana
1902 1945 2149 2040 duplex
2170 1943 2188 1970 ¹
2211 1944 2549 2041 legionum
2578 1950 2775 2042 quin-

599 2153 685 2205 his
733 2162 811 2203 est
855 2151 1406 2221 interpretamentum.
1457 2150 1632 2202 Caesar

599 2231 880 2302 scripserat
896 2247 909 2282 :
925 2229 1234 2300 impedienda·
1251 2233 1349 2290 rei,
1373 2219 1396 2296 (
1415 2246 1485 2281 sc.
1507 2247 1633 2281 cau-

600 2307 720 2376 sa),
743 2330 851 2382 quae
867 2307 1042 2378 fiebat.
1067 2310 1206 2361 Nam
1222 2309 1327 2361 hoc
1342 2328 1490 2360 caasa
1511 2327 1631 2379 pas-

599 2393 701 2444 sim
733 2390 1014 2442 omittitur.
1042 2389 1186 2458 Ergo
1215 2389 1435 2459 aliquis,
1462 2388 1634 2459 expli-

599 2483 816 2525 caturus
831 2471 1011 2522 locum
1022 2505 1038 2534 ,
1059 2466 1267 2521 addidit
1292 2469 1347 2520 in
1364 2463 1629 2539 margine:

601 2555 876 2604 munitionis
907 2570 1070 2601 causa.
1098 2547 1251 2601 Idem
1276 2550 1386 2601 fere
1405 2551 1515 2618 jam
1542 2548 1633 2601 alii

599 2643 954 2695 monuerunt3
993 2642 1046 2681 et
1094 2627 1309 2681 videtur
1361 2628 1530 2681 cuivis
1573 2629 1631 2681 in

599 2724 836 2764 mentem
873 2710 1058 2763 venire
1096 2728 1264 2780 posse.
1293 2709 1372 2760 Μ.
1405 2707 1631 2759 Ouden-

600 2790 826 2863 dorpius
845 2802 899 2843 et
921 2790 1321 2842 Morus.v0cem
1349 2808 1498 2839 causa
1522 2808 1634 2841 sus·

599 2873 839 2925 tulerunt
852 2887 869 2935 3
885 2868 1172 2921 Oberlinus
1186 2886 1400 2938 quoque
1416 2868 1629 2935 merito,

599 2952 747 3005 velut
771 2951 998 3021 glossam
1011 2986 1026 3013 ,
1047 2948 1288 3013 sustulit,
1308 2960 1360 2999 et
1381 2948 1631 3019 pluribus

600 3029 854 3101 exemplis
875 3028 1163 3099 probatur:
1185 3029 1314 3079 Bell.
1335 3028 1482 3080 Alex.
1510 3046 1627 3100 cap.

603 3110 675 3165 65
705 3130 719 3164 :
747 3111 874 3180 Quce
904 3107 1217 3161 dc'ssolvendae
1235 3108 1502 3178 disciplinae
1518 3146 1535 3174 ,
1560 3130 1632 3159 se-

603 3194 906 3261 veritatisque
935 3200 1102 3240 essent.
1137 3188 1259 3241 Sall.
1293 3188 1327 3239 J
1330 3188 1544 3258 ugurth.
1577 3208 1626 3241 c.

605 3272 676 3327 88
714 3289 728 3324 :
767 3271 894 3339 Quoe
923 3280 1182 3341 postquam
1206 3269 1422 3337 gloriosa
1451 3268 1592 3320 modo
1610 3306 1627 3334 ,

603 3370 751 3423 neque
778 3350 891 3401 belli
911 3349 1149 3419 patr-,andi
1175 3352 1410 3417 cognovit.

687 3451 738 3485 2.
761 3429 1038 3499 Defugisse.
1060 3428 1304 3483 Davisius
1329 3426 1627 3480 distinctio-

599 3530 726 3565 nem
745 3512 900 3581 ponit
919 3522 1157 3580 argutam
1177 3508 1326 3573 satis,
1345 3519 1531 3559 nostro
1547 3509 1630 3579 ju-

601 3590 744 3643 dicio
765 3628 781 3655 ,
826 3591 966 3642 inter
1005 3590 1232 3658 defugere
1271 3600 1324 3640 et
1365 3588 1623 3656 diffugere.

601 3670 754 3737 scil„
767 3670 1019 3740 defugere,
1042 3682 1105 3721 ut
1131 3667 1204 3719 ait
1221 3705 1238 3732 ,
1253 3678 1333 3719 est
1353 3686 1597 3720 recusare
1610 3706 1627 3732 ,

600 3764 654 3803 et
682 3752 882 3815 vitare;
917 3763 970 3802 at
997 3749 1237 3817 diffugere
1262 3759 1342 3799 est
1375 3746 1629 3800 diversim

598 3832 800 3903 fugere.
831 3830 983 3882 Hanc
1011 3826 1408 3896 distinctionem
1432 3826 1627 3881 admis-

499 3935 510 3943 ’
601 3930 712 3963 sam
743 3910 900 3963 fuisse
929 3909 1107 3961 latinis
1141 3926 1252 3959 non
1278 3908 1447 3960 ausim
1479 3907 1627 3961 affir-

601 4010 746 4043 mare
758 4028 774 4055 ‚
793 4008 962 4062 quum
977 3988 1033 4040 in
1049 3987 1300 4041 omnibus
1321 3989 1430 4041 fere
1447 4000 1627 4041 exem-

599 4071 708 4143 plis
719 4089 838 4142 quae
856 4068 924 4125 ad
941 4068 1080 4122 hanc
1101 4068 1252 4121 litem
1267 4067 1627 4123 dirimendam

1722 2149 2051 2216 afferuntur,
2076 2151 2166 2204 alii
2182 2153 2360 2222 legant
2382 2152 2651 2222 diffugere,
2672 2155 2775 2208 alii

1722 2230 1965 2298 defugere.
1998 2229 2130 2283 Vid.
2157 2232 2315 2284 Varr.
2334 2269 2351 2298 ‚
2383 2231 2451 2284 de
2477 2235 2540 2285 R.
2576 2235 2643 2286 R.
2681 2253 2770 2302 Π,

1726 2317 1785 2375 4;
1808 2309 1921 2362 Cic.
1939 2349 1955 2376 ‚
1971 2311 2131 2362 Verr.
2150 2349 2165 2379 ,
2198 2329 2270 2363 111
2286 2351 2299 2378 ,
2326 2323 2427 2365 etc.

1794 2389 1825 2441 3
1836 2429 1848 2440 .
1864 2390 1997 2440 Hinc
2006 2391 2131 2441 duas
2138 2403 2304 2461 parte-5
2318 2396 2445 2443 acies
2458 2393 2770 2462 occupabant

1720 2468 2060 2523 duce-‚Vocem
2102 2471 2214 2523 duoe
2256 2472 2467 2525 restitui
2496 2491 2559 2525 ex
2588 2472 2763 2529 codd.

1719 2549 1941 2615 nostris;
1973 2568 2073 2603 nec
2092 2547 2252 2603 video
2269 2570 2431 2623 quam
2454 2554 2525 2605 ob
2544 2572 2769 2608 causam

1719 2627 1950 2694 editores
1973 2630 2113 2683 hanc
2133 2648 2321 2683 vocem
2348 2635 2732 2703 expunxerint.

1800 2708 1933 2762 CAP.
1974 2710 2282 2764 LXXXIII.
2324 2729 2373 2764 1.
2410 2712 2560 2765 Acies
2574 2714 2767 2781 Afra-

1718 2792 1870 2839 niana
1908 2801 2017 2840 erat
2056 2790 2263 2860 duplex,
2315 2804 2406 2844 etc.
2454 2792 2557 2845 Hic.
2604 2794 2765 2849 locus

1718 2868 1853 2919 mire
1866 2870 2125 2923 cruciavit
2136 2871 2477 2942 interpretes:
2492 2885 2547 2925 et
2556 2875 2762 2945 reipsa,

1718 2946 1851 3000 adeo
1868 2948 2078 3001 variant
2102 2949 2243 3002 inter
2266 2970 2323 3003 se
2346 2952 2601 3005 lectiones
2621 2974 2763 3025 quas

1715 3042 2114 3099 proposuerunt
2142 3030 2339 3095 critici,
2372 3044 2433 3084 ut
2456 3050 2639 3085 veram
2660 3036 2763 3089 vix

1717 3125 1877 3179 queas
1900 3105 2239 3179 dignoscere;
2268 3110 2388 3176 sed,
2415 3112 2539 3164 licet
2564 3132 2764 3167 recon-

1716 3186 1911 3253 ditam,
1934 3207 1997 3240 ex
2016 3190 2335 3244 lectionibus
2358 3193 2643 3245 amborum
2660 3214 2763 3247 co-

1714 3266 1898 3320 dicum
1922 3282 2259 3335 nostrorum,
2278 3271 2597 3341 quibuscum
2620 3292 2759 3327 con-

1714 3349 1953 3401 sentiunt
1980 3350 2069 3401 alii
2092 3351 2203 3402 fere
2226 3369 2411 3404 omnes
2434 3352 2501 3403 ab
2524 3352 2757 3408 Ouden-

1715 3425 1909 3500 dorpio
1924 3431 2223 3495 memorati,
2238 3432 2375 3484 forte
2388 3434 2725 3502 reperiemus
2739 3454 2759 3491 ε

1714 3527 1839 3560 nam
1869 3508 2091 3561 minime
2122 3512 2277 3563 nobis
2307 3512 2517 3583 placent
2546 3533 2755 3585 praece·

1713 3587 1957 3641 dentium
1981 3589 2291 3643 criticorum
2322 3590 2753 3659 emendationes,

1714 3687 1845 3739 quas
1878 3680 2054 3721 tamen
2086 3672 2499 3725 memorabimus
2514 3711 2531 3737 ,
2563 3686 2626 3726 ut
2662 3675 2753 3747 ip·

1714 3749 1783 3801 sis
1800 3750 1959 3801 rebus
1974 3749 2225 3803 fulciatur
2238 3751 2452 3804 lectoris
2468 3756 2755 3809 sententia.

1715 3827 1850 3883 Cod.
1868 3831 1933 3882 R.
1962 3829 2113 3899 5764
2139 3848 2153 3882 τ
2178 3836 2304 3883 acies
2329 3845 2436 3883 erat
2460 3832 2755 3901 Afraniana

1713 3908 1891 3979 duplex
1908 3910 2005 3979 leg.
2024 3929 2085 3972 v,
2110 3915 2252 3963 tertia
2277 3916 2329 3963 in
2352 3912 2579 3965 subsidiis
2592 3915 2753 3969 locum

1714 3990 1886 4041 abtrice
1910 3990 2123 4041 cohortes
2140 3991 2429 4045 obtinebant.
2456 3994 2607 4046 Alter
2630 4015 2753 4047 vero
2824 4016 2832 4025 ·

1720 4070 1871 4139 5768
1895 4090 1915 4123 .·
1943 4074 2067 4124 acies
2088 4083 2194 4123 erat
2211 4072 2420 4139 Afranii
2442 4073 2623 4144 duplex
2650 4074 2750 4145 leg.
