3025 5025
605 453 704 547 74
885 453 962 520 C.
1014 452 1305 520 JULII
1361 451 1837 520 CAESARIS
1892 451 2451 528 COMMENT.

597 583 1019 654 inferioribus
1061 583 1404 654 ordinibus
1451 586 1523 654 in
1566 610 1721 654 eum
1758 582 1981 656 locum
2023 599 2437 722 pervenerat.
2485 583 2749 656 Vulne-

599 705 834 760 rantur
857 691 1140 812 amplius
1173 693 1322 760 DC.
1351 694 1456 762 Ex
1489 691 1867 764 Afranianis
1898 678 2451 780 interficiuntur‘ss
2485 695 2558 760 T.
2591 695 2747 764 Cae-

599 795 786 866 cilius
801 799 1048 893 ,primi
1084 797 1202 894 pili
1229 800 1565 888 centurio,
1597 813 1666 868 et
1692 813 1935 893 praeter
1970 824 2125 870 eum
2156 801 2577 871 centuriones
2610 803 2751 887 IV,

599 903 840 975 milites
883 904 1164 999 amplius
1203 908 1341 976 CC.

547 999 553 1010 ’
701 1014 986 1082 XLVII.
1043 1011 1173 1084 Sed
1198 1013 1342 1084 haec
1369 1012 1514 1106 ejus
1546 1012 1677 1085 diei
1702 1011 2053 1107 praefertur
2094 1013 2352 1108 opinio,
2376 1026 2454 1080 ut
2492 1013 2753 1088 seutri·

597 1116 759 1212 que‘
797 1120 1172 1214 superiores
1195 1119 1571 1204 discessisse
1596 1121 2048 1202 existimarent
2076 1144 2090 1187 :
2122 1119 2507 1206 Afraniani,
2532 1116 2751 1212 quod,

597 1249 804 1319 quum
831 1251 972 1296 esse
1009 1227 1309 1298 omnium
1333 1226 1587 1320 judicio
1618 1226 1963 1300 inferiores
1993 1225 2380 1308 viderentur
2398 1279 2419 1313 ,
2440 1227 2749 1297 cominus

594 1345 734 1402 tam
775 1331 892 1402 diu
935 1334 1299 1422 stetissent,
1335 1348 1404 1406 et
1436 1347 1823 1416 nostrorum
1868 1333 2205 1427 impetum,
2248 1333 2713 1414 sustinuissent
2730 1385 2752 1418 ,Α

597 1452 665 1507 et
715 1440 904 1516 initio
957 1439 1180 1522 locum
1233 1439 1699 1534 tumulumque
1738 1441 2141 1528 tenuissent,
2186 1465 2331 1533 quae
2376 1463 2577 1509 causa
2612 1463 2745 1532 pu-

598 1545 846 1638 gnandi
889 1546 1106 1617 fixerat
1123 1601 1142 1634 ,
1185 1562 1253 1617 et
1287 1561 1553 1618 nostros
1594 1548 1817 1642 primo
1852 1571 2213 1641 congressu
2253 1560 2443 1642 terga
2484 1559 2749 1626 vertere

599 1653 1002 1746 coegissem
1039 1656 1252 1723 nostri
1285 1668 1508 1738 autem
1526 1708 1546 1742 ,
1572 1653 1789 1748 quod,
1826 1655 2055 1748 iniquo
2087 1653 2239 1727 loco
2270 1667 2469 1746 atque
2501 1654 2749 1746 impari

598 1760 938 1852 congressi
979 1785 1261 1830 numero
1277 1813 1296 1848 ‚
1334 1762 1627 1855 quinque
1675 1760 1858 1830 horis
1908 1758 2211 1855 praelium
2248 1759 2713 1830 sustinuissent
2729 1812 2750 1846 ‚

599 1865 781 1958 quod
831 1881 1130 1936 montem
1184 1866 1416 1961 gladiis
1479 1867 1809 1940 destrictis
1863 1866 2393 1954 adscendissent,
2446 1864 2629 1960 quod
2667 1889 2749 1934 ex

601 2041 812 2106 hommes
833 2041 1038 2093 ducebat
1058 2045 1108 2093 in
1119 2045 1223 2094 acie
1238 2043 1468 2106 secunda,
1493 2063 1630 2116 quem

603 2139 730 2171 nunc
754 2121 1060 2174 ducenarium
1077 2136 1274 2176 vocant.
1296 2121 1400 2181 Adi
1415 2136 1471 2177 et
1486 2125 1630 2176 Tur-

1717 2043 1895 2114 primo
1924 2041 2131 2095 hastato
2146 2080 2163 2107 ,
2186 2053 2239 2094 et
2255 2041 2414 2095 etiam
2440 2061 2505 2093 ex
2526 2041 2750 2094 inferio-

1716 2123 1867 2176 ribus
1889 2122 2095 2175 militine
2120 2120 2417 2178 ordinibus.
2438 2121 2640 2174 Omnes
2655 2141 2749 2175 co-

601 2201 725 2254 nch.
764 2199 972 2256 advers.
995 2203 1089 2257 lib.
1121 2221 1253 2269 xxx,
1284 2221 1330 2273 c.
1367 2204 1456 2260 32.
1480 2203 1553 2256 At
1586 2203 1631 2256 si

602 2280 740 2351 nulli
771 2279 928 2334 codd.
963 2283 1163 2336 habent
1186 2283 1288 2350 ita,
1319 2282 1629 2354 relinquen-

600 2357 726 2412 dam
765 2379 954 2414 censeo
987 2364 1253 2434 vulgatam
1296 2363 1583 2417 lectionem
1614 2381 1628 2416 :

601 2459 728 2492 nam
739 2442 918 2513 potuit
935 2443 1212 2515 Fulginius
1228 2463 1338 2496 esse
1355 2443 1413 2495 in
1439 2441 1631 2496 ordine

601 2540 791 2574 eorum
803 2560 822 2589 ,
843 2522 938 2595 qui
956 2524 1119 2595 primi
1143 2524 1336 2578 hastati
1352 2542 1631 2595 nuncupa-

599 2601 826 2669 bantur,
843 2604 1084 2675 quamvis
1105 2604 1348 2657 centurio
1376 2623 1488 2657 non
1512 2604 1631 2657 fue-

601 2682 688 2734 rit.
703 2683 890 2735 Malim
907 2696 1085 2738 tamen
1107 2684 1480 2753 centurionem
1505 2684 1633 2736 fuis-

601 2780 682 2827 se,
711 2763 837 2833 quia
869 2764 1043 2817 Caesar
1073 2763 1282 2831 subdit,
1303 2776 1506 2835 propter
1534 2767 1634 2814 exi-

604 2846 747 2893 miam
767 2845 1190 2897 virtutem.Voss.
1207 2844 1260 2898 J.
1281 2845 1370 2897 Fr.
1387 2844 1629 2897 Gronov.

604 2920 883 2976 Observat.
914 2941 1000 2988 xv,
1039 2942 1136 2988 ὀ,
1167 2924 1284 2977 vult
1323 2924 1634 2994 Fulginium

602 3020 716 3053 non
733 3020 846 3055 esse-
869 3002 1057 3057 eodem
1081 3016 1320 3075 tempore
1337 3022 1444 3075 quo
1461 3002 1635 3075 loqui·

603 3100 728 3139 mur
740 3119 756 3148 ‚
770 3084 1138 3137 centurionem
1147 3121 1164 3149 ,
1176 3082 1270 3137 sed
1288 3084 1447 3137 fuisse
1461 3095 1635 3147 antea,

603 3172 658 3214 et
679 3180 826 3220 nunc
850 3163 992 3218 inter
1019 3175 1262 3217 evocatos
1285 3182 1412 3219 esse.
1431 3161 1635 3217 Eadem

602 3259 712 3313 qua
741 3242 913 3311 utitur.
939 3244 1137 3311 Caesar,
1157 3244 1366 3299 locutio
1401 3242 1637 3297 occurrit

606 3340 691 3394 ap.
719 3323 834 3380 Cic.
851 3344 954 3395 pro
975 3324 1120 3387 Mur.
1139 3320 1251 3385 5....
1275 3344 1418 3399 quum
1435 3323 1633 3393 amplis·-

606 3406 721 3453 sime
741 3416 792 3453 et
809 3404 1131 3461 honestissime
1152 3424 1213 3457 ex
1227 3416 1448 3475 pratum
1465 3405 1634 3455 trium·

593 3483 800 3553 phas-set
817 3524 834 3547 ,
878 3485 982 3550 hoc
1030 3497 1108 3537 est
1121 3523 1138 3551 ,
1179 3497 1302 3555 post
1347 3496 1637 3555 praeturam

606 3576 823 3637 gestam.
859 3565 1034 3621 Caesar
1061 3566 1220 3636 hujus
1246 3564 1340 3618 lib.
1381 3582 1449 3619 υ
1473 3564 1635 3618 :Pm-

611 3646 810 3697 rinciam
839 3646 1223 3717 Hispaniama
1258 3646 1513 3715 provincia.
1546 3642 1635 3695 ka-

611 3722 796 3778 buerat.
819 3724 974 3779 Idem
1000 3744 1154 3797 capp.
1182 3724 1249 3779 31
1285 3736 1339 3777 et
1371 3722 1466 3783 85.
1495 3722 1640 3775 Dici·

609 3822 746 3857 mus.
762 3804 902 3860 Gall.
921 3810 1198 3877 ex-pre'tew·
1208 3844 1226 3867 ,
1241 3804 1502 3858 eac-consul.
1522 3803 1637 3873 Ego

607 3899 738 3935 ‘vero
761 3904 946 3939 vocem
973 3887 1233 3958 aliquam,
1265 3903 1384 3957 quae
1412 3881 1639 3955 gradum

607 3964 940 4035 superiorem
1001 3964 1330 4032 denotabat,
1384 3962 1639 4029 excidisse

613 4042 853 4114 suspicor
865 4083 884 4112 ,
909 4056 970 4098 ut
989 4048 1230 4109 tribunus,
1259 4058 1494 4119 quaestor,
1527 4056 1615 4097 etc.
1602 4081 1639 4110 .‚

1718 2201 1862 2259 dices
1896 2203 2097 2268 hahent
2134 2223 2195 2259 ex
2222 2207 2385 2273 primo
2418 2203 2630 2254 hastato.
2668 2204 2751 2254 De

1716 2284 1895 2356 primo
1926 2284 2133 2336 hastato
2162 2295 2215 2335 et
2251 2283 2431 2354 primo
2460 2283 2603 2354 pilu,
2625 2279 2751 2336 vide

1715 2363 1857 2416 infra
1885 2363 1923 2416 l.
1950 2380 2049 2428 111,
2082 2383 2129 2416 c.
2160 2363 2252 2416 53.
2434 2393 2451 2412 0

1800 2449 1833 2506 4
1842 2444 1945 2496 ,Ex
1954 2441 2009 2494 A
1998 2445 2249 2511 fianianis
2260 2440 2623 2511 interficiuntur.
2634 2440 2751 2494 Etsi

1721 2525 1894 2577 Caesar
1910 2524 2015 2577 hoc
2036 2525 2157 2576 loco
2184 2524 2443 2593 majorem
2460 2540 2751 2574 numerum

1716 2603 2121 2658 interfectorum
2157 2622 2219 2656 ac
2253 2602 2657 2656 vulneratorum
2686 2621 2753 2655 ex

1716 2684 2019 2739 Afranianis
2080 2694 2384 2747 enumeret3
2430 2682 2533 2735 etsi
2586 2682 2753 2754 paulo

1718 2782 1878 2835 supra
1898 2761 2095 2815 dixerit
2108 2800 2123 2829 ,
2136 2765 2281 2815 vario
2294 2766 2549 2815 certamine
2556 2781 2755 2832 pugna-
2780 2768 2782 2770 ’

1720 2854 1819 2897 tum
1848 2863 1945 2895 esse
1959 2880 1977 2909 ‚
2001 2840 2059 2895 id
2084 2856 2191 2910 est,
2208 2860 2361 2913 aequo
2381 2854 2579 2909 marte,
2598 2842 2675 2895 ita
2690 2853 2753 2895 ut

1718 2943 1769 2975 se
1799 2926 1986 2995 utrique
2006 2925 2267 2993 superiores
2298 2922 2563 2975 elz'scessisse
2588 2924 2754 2975 existi-

1720 3015 1933 3063 marent,
1964 3002 2315 3060 nihilominus
2344 3012 2551 3057 constat
2579 3001 2753 3055 victos

1719 3082 1879 3139 fuisoe
1888 3083 2231 3149 Caesarianos,
2238 3082 2439 3153 quippe
2448 3081 2543 3153 qui
2556 3080 2753 3135 tumuli

1720 3162 2172 3234 oppugnationem
2196 3162 2440 3215 deserere.
2454 3161 2625 3216 coacti
2640 3162 2755 3215 fue-

1719 3243 1865 3309 rint3
1904 3262 2029 3303 nam
2060 3242 2183 3314 qui,
2211 3255 2493 3313 postquam
2537 3242 2752 3297 hostem

1720 3335 2080 3397 aggressusest
2089 3360 2107 3389 ,
2118 3322 2413 3394 repellitur,
2428 3322 2473 3375 is
2490 3340 2592 3393 pro
2606 3321 2753 3374 victo

1720 3400 2013 3460 habendus.
2034 3404 2281 3458 Lucanus
2298 3414 2474 3465 tamen
2490 3402 2754 3455 victorem

1720 3495 1877 3539 voc-at
1905 3483 2193 3549 Caesarem,
2222 3482 2349 3538 licet
2376 3500 2562 3536 omnes
2592 3500 2754 3533 cona·

1721 3576 1807 3617 tus
1822 3564 1879 3615 in
1891 3582 2089 3618 vanum
2102 3560 2405 3617 reciderint.
2418 3559 2548 3616 Vid.
2564 3561 2766 3621 Phars.

1721 3643 1818 3698 lib.
1847 3662 1905 3696 ιν
1922 3680 1939 3709 ,
1968 3663 2023 3698 v.
2048 3648 2123 3714 47
2144 3660 2159 3695 ε

1722 3725 1863 3764 Irritus
1882 3733 1922 3763 et
1938 3724 2087 3771 vietor,
2104 3723 2295 3764 subducto
2312 3730 2435 3761 mart·
2447 3749 2459 3767 ,
2477 3720 2683 3785 peffendit.

1806 3798 1937 3854 Cu.
1970 3798 2197 3851 XLVII.
2237 3814 2281 3853 1.
2319 3796 2535 3869 Utrique.
2566 3793 2754 3851 Codex

1726 3880 2000 3947 Hounan„
2024 3881 2261 3949 utrinque.
2290 3877 2511 3931 Praestat
2537 3876 2756 3949 vulgata

1722 3959 1899 4015 lectio.
1910 3990 1991 4005 -—-
2014 3959 2137 4013 Tam
2152 3958 2253 4011 diu.
2272 3954 2425 4011 MSS.
2450 3956 2635 4011 Ursin.
2654 3955 2756 4008 Pe-

1727 4053 1832 4099 tav.
1862 4035 2181 4095 Sca1.1.eid.
2218 4056 2302 4109 pr.
2348 4048 2403 4089 et
2438 4036 2611 4090 nostri
2638 4034 2753 4091 RR.

612 4121 680 4179 ad
719 4144 879 4195 quem
915 4127 1223 4199 pervenerit
1260 4126 1539 4195 Fulginius
1578 4142 1643 4177 ex
1730 4121 1821 4173 ita.
1814 4102 2091 4189 Nonnulli
2107 4129 2263 4170 tamen
2272 4116 2388 4171 diu:
2403 4115 2581 4171 minus
2593 4127 2756 4171 recte.
