3025 5025
634 466 787 564 498
1428 464 1573 532 DE
1625 463 1970 530 BELLo

740 597 1061 668 LXXIII.
1121 593 1234 666 Ob
1271 595 1394 664 has
1437 619 1670 668 causas
1697 650 1719 683 ,
1759 619 1924 690 quas
1977 619 2178 690 supra
2227 605 2784 690 commemoravi,

564 726 571 733 ·
634 703 1112 776 sollicitabatur
1148 704 1403 792 Caesar,
1440 702 1827 797 tardiorque
1864 716 1935 772 et
1969 703 2452 773 consideratior
2481 719 2632 774 erat
2659 705 2784 778 fac-

630 827 741 882 tus
765 865 785 900 ,
844 825 913 880 et
961 835 1043 878 ex
1098 811 1377 904 pristina
1428 807 1720 882 bellandi
1780 809 2264 880 consuetudine
2322 808 2787 907 celeritateque

629 931 1043 990 excesserat:
1100 940 1225 986 nec
1268 918 1556 1004 mirum3
1610 919 1834 1012 copias
1889 917 2070 987 enim
2116 916 2408 986 habebat
2449 920 2521 986 in
2580 920 2789 990 Gallia

624 1024 876 1096 bellare
926 1037 1281 1095 consuetas
1324 1022 1484 1094 locis
1542 1023 2028 1119 campestribus
2051 1076 2073 1111 ,
2117 1039 2183 1092 et
2225 1039 2464 1094 centra
2515 1025 2752 1097 Gallos
2771 1085 2788 1118 ,

627 1133 935 1204 homines
972 1145 1240 1227 apertos
1278 1132 1684 1225 minimeque
1718 1129 2098 1217 insidiosos,
2131 1133 2247 1225 qui
2278 1155 2400 1226 per
2431 1123 2789 1222 virtutem,

630 1265 769 1309 non
813 1264 935 1335 per
991 1236 1222 1312 dolum
1238 1237 1284 1327 ²,
1319 1237 1636 1308 dimicare
1691 1251 2104 1308 consuerunt
2133 1263 2148 1304 :
2190 1252 2335 1306 tum
2381 1252 2614 1308 autem
2657 1257 2791 1311 erat

628 1350 691 1418 ei
730 1345 1173 1417 laborandum
1195 1398 1215 1433 ,
1256 1359 1335 1413 ut
1376 1344 1880 1416 consuefaceret
1922 1342 2196 1432 milites,
2223 1345 2524 1415 hostium
2564 1346 2756 1418 dolos
2772 1402 2790 1435 ,

628 1454 897 1525 insidias
914 1506 935 1540 ,
982 1452 1263 1525 artificia
1303 1475 1710 1548 cognoscere
1730 1505 1750 1540 ,
1787 1465 1856 1520 et
1897 1450 2059 1544 quid
2107 1452 2328 1546 sequi,
2378 1451 2544 1546 quid
2583 1456 2789 1526 vitare

631 1562 1037 1630 conveniret.
1083 1562 1319 1653 Itaque
1335 1611 1355 1646 ,
1398 1585 1535 1654 quo
1573 1559 1718 1628 haec
1763 1557 2044 1628 celerius
2087 1559 2554 1652 conciperent,
2577 1560 2793 1630 dabat

632 1692 906 1763 operam
926 1719 947 1753 ‚
982 1680 1057 1736 ut
1093 1665 1384 1764 legiones
1420 1691 1560 1736 non
1600 1667 1670 1734 in
1705 1689 1842 1734 uno
1880 1664 2031 1735 loco
2067 1666 2470 1753 contineret,
2513 1667 2640 1736 sed
2685 1693 2793 1763 per

635 1799 907 1848 causam
951 1771 1405 1847 frumentandi
1437 1772 1574 1842 huc
1615 1788 1812 1867 atque
1856 1769 2012 1842 illuc
2053 1786 2384 1866 raptaret3
2427 1771 2586 1842 ideo
2621 1775 2792 1869 quod

632 1868 925 1951 hostium
986 1881 1217 1974 copias
1263 1880 1357 1973 ab,
1400 1904 1471 1949 se
1527 1903 1780 1974 suoque
1825 1892 1972 1948 vest
1987 1878 2122 1972 igio
2177 1904 2315 1948 non
2391 1878 2792 1951 discessurus

634 1987 1070 2058 existimabat.
1127 1988 1347 2080 Atque
1402 2001 1558 2082 post
1607 1985 1788 2056 diem
1839 1985 2114 2054 tertium
2168 1984 2534 2080 productas
2607 2012 2790 2058 accu-

633 2095 839 2164 ratius
894 2117 1047 2166 suas
1106 2094 1333 2187 copias
1351 2091 1372 2117 ²
1430 2095 1604 2163 sicut
1669 2096 2074 2162 instruxerat
2091 2144 2114 2180 ,
2168 2105 2448 2187 propter
2504 2094 2792 2164 hostium

636 2215 853 2272 castra
888 2215 1428 2296 praetergressus,
1470 2224 1662 2295 aequo
1715 2199 1863 2269 loco
1907 2200 2146 2268 invitat
2191 2199 2276 2267 ad
2319 2199 2790 2271 dimicandum.

634 2312 995 2404 Postquam
1042 2333 1155 2376 eos
1191 2308 1557 2377 abhorrere
1593 2307 1776 2378 videt
1790 2357 1808 2391 ‚
1845 2305 2104 2376 reducit
2139 2306 2266 2374 sub
2307 2330 2669 2402 vesperum
2703 2308 2792 2377 le·-

632 2418 861 2513 giones
897 2416 966 2482 in
1009 2428 1243 2484 castra.

744 2524 1060 2593 LXXIV.
1118 2520 1356 2617 Legati
1392 2522 1658 2589 interim
1698 2544 1781 2589 ex
1817 2520 2069 2615 oppido
2093 2518 2385 2609 Vacca¹,
2425 2520 2612 2616 quod
2656 2520 2789 2591 fini-

638 2631 875 2699 timum
920 2630 1049 2698 fuit
1096 2632 1309 2718 Zetae,
1349 2627 1540 2723 cujus
1590 2629 1924 2697 Caesarem
1978 2629 2265 2723 potitum
2319 2652 2463 2699 esse
2513 2627 2791 2699 demon-

640 2737 1029 2826 stravimus,
1060 2737 1374 2823 veniunt3
1416 2748 1656 2829 petunt
1695 2747 1764 2803 et
1805 2734 2196 2823 obsecrant,
2239 2763 2274 2799 α
2307 2750 2386 2804 ut
2421 2734 2548 2805 sibi
2581 2736 2790 2831 praesi·

644 2843 827 2913 dium
886 2845 1154 2928 mittat3
1209 2868 1279 2911 se
1329 2853 1435 2910 res
1488 2839 1868 2937 com'plures
1888 2894 1907 2929 ,
1957 2866 2106 2937 quae
2157 2840 2351 2910 utiles
2393 2840 2576 2912 bello
2631 2844 2789 2931 sint,

646 2949 1246 3020 administraturos.
1280 2978 1315 3015 >2
1349 2950 1477 3019 Per
1512 2946 1686 3018 idem
1731 2962 1995 3043 tempus
2016 3001 2038 3036 ,
2069 2950 2376 3017 Deorum
2393 2946 2414 2972 ²
2451 2948 2789 3019 voluntate

648 3150 807 3206 variis
837 3160 892 3202 et
915 3148 1039 3203 edd.
1071 3160 1201 3204 vett.
1228 3148 1425 3220 legitur
1450 3161 1596 3221 atque
1631 3154 1683 3201 in

650 3250 779 3285 eom.
821 3250 965 3303 equos
1006 3233 1214 3301 ipsarum
1244 3229 1499 3283 bestiarum
1543 3228 1679 3290 add„

653 3330 811 3367 sensu
835 3310 921 3363 vel
952 3310 1027 3365 sic
1053 3310 1177 3363 satis
1208 3323 1351 3381 apto.

735 3392 867 3445 Cu.
885 3390 1143 3443 LXXIII.
1176 3407 1199 3442 1
1213 3430 1226 3443 .
1246 3390 1365 3443 Non
1384 3408 1479 3460 pet·
1497 3389 1680 3441 dolum.

654 3472 859 3525 Multos
880 3483 1059 3525 tamen
1083 3468 1366 3523 Gallorum
1394 3466 1549 3521 dolos
1573 3469 1687 3540 ipse

656 3554 833 3606 Cesar
878 3552 936 3603 in
978 3550 1087 3604 suis
1129 3549 1540 3603 Commentariis
1594 3547 1690 3601 de·

656 3631 882 3704 scripsit.
919 3631 1137 3685 Montis.

744 3732 795 3766 Ξ.
839 3711 1112 3767 Productus
1150 3714 1420 3763 accuratius
1452 3728 1567 3761 suas
1605 3728 1688 3759 co-

653 3796 788 3863 pias,
807 3805 909 3845 etc.
926 3792 1106 3845 Clark.
1121 3790 1379 3861 proponit
1402 3808 1417 3843 ε
1437 3788 1690 3860 productis

660 3893 823 3926 accur.
858 3876 957 3927 suis
990 3875 1157 3943 copiis.
1184 3871 1309 3923 Non
1347 3886 1559 3924 necesse
1593 3881 1691 3923 est.

745 3954 877 4007 Cn.
922 3950 1177 4005 LXXIV.
1223 3969 1271 4004 1.
1315 3950 1499 4003 Vacca.
1546 3950 1692 4003 Urbs

664 4033 857 4087 Africa
872 4031 1106 4104 proprie
1133 4029 1483 4086 discernenda
1500 4030 1568 4083 ab
1590 4030 1692 4082 alia

664 4111 996 4183 cognominis
1006 4110 1243 4183 ejusdem
1254 4111 1309 4165 in
1326 4109 1582 4165 Numidia
1592 4149 1609 4176 ,
1623 4108 1692 4163 de

1770 3166 1876 3219 qua
1898 3146 2140 3213 Sallust„
2171 3149 2327 3220 Jng.,
2355 3168 2404 3202 c.
2442 3169 2552 3219 29,
2580 3158 2678 3222 47.
2701 3152 2795 3207 01.

1771 3228 1958 3281 Nostri
1996 3228 2179 3294 codd„
2211 3230 2270 3281 V
2263 3228 2531 3300 aga.Vide
2565 3231 2798 3286 Iudicem

1773 3308 2078 3381 Geograph.
2106 3342 2187 3353 -
2211 3310 2374 3362 Zetoe.
2404 3308 2585 3365 codd.
2613 3326 2668 3365 et
2683 3310 2797 3365 edd.

1773 3402 1903 3441 vett.
1931 3390 2131 3451 Zettoe5
2153 3408 2255 3461 pro
2283 3408 2395 3461 quo
2421 3403 2547 3444 ante
2569 3392 2705 3447 Scal.
2729 3394 2800 3444 le-

1773 3468 2000 3539 gebatur
2042 3469 2217 3522 Uzita.
2265 3470 2368 3523 On.
2417 3471 2608 3525 Nostri
2647 3469 2797 3527 codd.

1775 3550 1830 3600 Z
1831 3554 2048 3621 eie,.pro
2065 3550 2122 3601 Z
2119 3562 2229 3602 etoe.
2245 3582 2328 3593 --
2339 3550 2796 3607 Demonstravimus.

1778 3629 1909 3701 Cap.
1942 3632 2038 3683 68.
2063 3630 2279 3690 Montis.
2497 3688 2504 3695 ,

1863 3729 1914 3763 2.
1936 3710 2381 3781 Deorwn.Vulgo,
2399 3710 2461 3762 de
2477 3731 2668 3775 conam,
2694 3712 2798 3765 sine

1778 3808 1936 3842 sensu
1971 3808 1986 3843 ε
2031 3803 2086 3844 et
2114 3790 2331 3842 Deorum
2360 3789 2522 3845 codd.
2555 3794 2680 3845 satis
2711 3791 2798 3843 fir·

1777 3882 1943 3925 mant.
1972 3870 2051 3923 Μ.
2083 3871 2308 3923 Confert
2337 3870 2518 3925 Davis.
2549 3871 2696 3925 hunc
2725 3872 2796 3922 lo-

1779 3969 1904 4004 cum
1935 3970 2061 4003 cum
2085 3952 2146 4004 Β.
2175 3951 2291 4019 AL,
2313 3970 2431 4022 cap.
2460 3952 2572 4023 753
2601 3965 2656 4004 et
2681 3968 2794 4003 mox

1777 4050 1904 4083 cum
1922 4050 1968 4084 c.
1991 4032 2024 4085 8
2033 4051 2085 4085 α.
2109 4031 2235 4085 Non
2256 4044 2436 4085 tamen
2465 4030 2655 4097 video,
2674 4047 2794 4103 quo·

1777 4109 1943 4165 modo
1957 4111 2074 4167 haec
2086 4130 2210 4167 cum
2226 4124 2446 4167 narrato
2458 4110 2789 4167 Vaccensium
