3025 5025
641 547 660 603 .—
687 485 840 579 436
1461 487 1621 558 DE
1688 489 2031 558 BELLo

683 642 828 696 tum
865 623 1332 695 arcessendum
1375 624 1596 694 mittit.
1634 623 1913 692 Interim
1967 647 2119 692 cum
2157 623 2224 690 X
2254 612 2573 692 navibus.²
2616 618 2811 717 longis

683 733 768 802 ad
783 730 1070 826 reliquas
1089 754 1296 800 naves
1319 731 1655 799 onerarias
1679 727 2197 822 conquirendaS,
2210 751 2362 822 quae
2382 727 2813 816 deerrassent,

681 855 750 910 et
785 837 980 908 simul
1015 861 1200 908 mare
1227 836 1553 906 tuendum
1580 835 1666 904 ab
1692 835 2028 922 hostibuS,
2048 835 2243 928 jubet
2276 833 2631 929 proficisci.
2658 836 2814 904 Item

681 948 762 1016 G.
805 943 1186 1014 Sallustium
1229 927 1587 1036 Crispum³
1624 955 1978 1037 praetorem
2024 941 2109 1010 ad
2154 940 2513 1010 Cercinam
2546 938 2815 1009 insulam

679 1075 946 1138 versus,
983 1073 1184 1144 quam
1221 1047 1581 1116 adversarii
1615 1048 1971 1134 tenebant,
1994 1072 2149 1116 cum
2180 1056 2372 1141 parte
2410 1048 2693 1114 navium
2734 1049 2815 1115 ire

671 1158 894 1251 jubet3
922 1155 1102 1251 quod
1129 1155 1220 1223 ibi
1247 1177 1569 1248 magnum
1598 1177 1951 1222 numerum
1978 1153 2295 1222 frumenti
2318 1176 2462 1221 esse
2490 1151 2813 1220 audiebat.

679 1267 840 1334 Haec
873 1265 966 1331 ita
996 1261 1407 1356 imperabat,
1439 1261 1531 1330 ita
1568 1261 1925 1352 unicuique
1965 1259 2425 1355 praecipiebat,
2454 1273 2569 1348 ut,
2596 1260 2657 1326 si
2690 1258 2813 1327 fieri

675 1355 952 1466 posset⁴‚
981 1391 1216 1454 necne,
1234 1365 1456 1435 locum
1475 1367 1814 1436 excusatio
1830 1363 2089 1434 nullum
2106 1365 2405 1453 haberet,
2422 1389 2553 1434 nec
2570 1389 2815 1433 moram

675 1477 1158 1569 tergiversatio.
1196 1476 1350 1568 Ipse
1389 1472 1688 1560 interea,
1722 1497 1805 1541 ex
1840 1472 2163 1567 perfugis.
2178 1486 2247 1547 et
2282 1469 2518 1541 incolis
2548 1473 2817 1566 cognitis

678 1581 1168 1666 conditionibus
1213 1578 1576 1674 Scipionis,
1607 1593 1674 1646 et
1716 1579 1831 1672 qui
1868 1603 2023 1648 cum
2064 1597 2155 1646 eo
2193 1592 2429 1648 contra
2470 1603 2543 1646 se
2580 1577 2815 1646 bellum

678 1688 1040 1783 gerebant,
1089 1686 1387 1756 miserari
1439 1676 1752 1780 (regium
1807 1685 1984 1753 enim
2044 1686 2411 1778 equitatum
2465 1685 2695 1778 Scipio
2746 1709 2817 1752 ex

674 1777 1053 1888 provincia⁵
1092 1791 1316 1862 Africa
1359 1783 1670 1881 alebat),
1708 1805 1897 1860 tanta
1939 1790 2243 1860 homines
2284 1814 2426 1860 esse
2462 1789 2818 1878 dementia,

673 1915 752 1968 ut
787 1897 1021 1968 malint
1057 1899 1230 1992 regis
1267 1921 1408 1966 esse
1442 1894 1833 1990 vectigales,
1866 1920 2069 1992 quam
2106 1921 2265 1966 cum
2294 1897 2615 1966 civibus
2594 1923 2667 1966 m
2706 1922 2817 1993 pa-

543 2065 560 2080 .
675 2007 803 2074 tria
823 2058 842 2089 ‚
870 2006 940 2072 in
975 2006 1108 2073 suis
1137 2003 1422 2072 fortunis
1449 2027 1593 2072 esse
1629 2002 2015 2072 incolumes.

779 2113 903 2179 lx.
941 2113 1164 2180 Caesar
1195 2133 1254 2176 a.
1289 2107 1353 2178 d.
1383 2111 1725 2179 111.·N0n.
1755 2111 1901 2178 Jan.
1944 2122 2163 2179 castra
2190 2124 2461 2193 movet3
2492 2112 2817 2205 Leptique

676 2242 792 2287 sex
829 2215 1210 2286 cohortium
1238 2215 1547 2309 praesidio
1584 2241 1739 2284 cum
1776 2218 2061 2286 Saserna
2093 2213 2365 2304 relicto,
2396 2217 2541 2311 ipse
2576 2242 2817 2304 rursus,

675 2323 852 2392 unde
895 2321 1105 2419 pridie
1144 2335 1454 2408 venerat,
1495 2323 1865 2418 Ruspinam
1904 2347 2059 2393 cum
2095 2321 2367 2416 reliquis
2410 2325 2627 2417 copiis
2670 2349 2817 2426 con-

673 2546 1048 2619 proconsulem
1068 2544 1169 2599 sub
1189 2547 1457 2637 Augusto:
1471 2554 1525 2597 et
1542 2562 1696 2597 num·

673 2644 821 2677 mum
853 2624 1004 2677 cudit
1024 2624 1130 2679 hoc
1151 2622 1317 2677 modo
1344 2624 1695 2695 insignitum:

673 2708 989 2759 PABIPIOZ.
1007 2699 1212 2776 Sphinx
1231 2701 1458 2757 sedeus‘
1441 2722 1500 2755 m
1518 2717 1695 2774 partes

673 2778 992 2855 posteriores
1025 2802 1148 2835 cum
1185 2778 1302 2836 u’vae
1333 2800 1543 2835 racemo
1575 2795 1696 2837 ante

673 2863 835 2917 illam.
851 2864 918 2915 In
939 2860 1162 2917 adverso
1175 2862 1365 2927 latere,
1376 2866 1557 2919 1102.
1573 2864 1698 2917 Am-

671 2942 843 3018 phora
863 2940 996 2995 duas
1007 2960 1158 2995 ansas
1178 2941 1693 2997 habene—Secund.

672 3035 998 3075 commeatum.
1039 3023 1382 3077 commeatus
1433 3021 1698 3092 significat

671 3099 943 3155 interdum
963 3120 1148 3155 omnes
1161 3102 1258 3172 qui
1270 3120 1379 3153 una
1393 3114 1697 3155 commeant

671 3192 728 3233 et
757 3182 982 3234 navibus
1014 3192 1460 3252 transportantur.

755 3280 810 3313 α.
835 3260 1035 3314 Interim
1064 3279 1171 3311 cum
1201 3259 1358 3311 decem
1387 3259 1605 3313 navibus.
1627 3260 1695 3313 In

667 3340 836 3393 verbo
867 3342 1056 3393 interim
1091 3338 1337 3393 Davisius
1365 3350 1420 3393 et
1447 3339 1695 3393 clai-kias

667 3420 831 3473 latere
845 3430 1040 3491 putant
1051 3436 1250 3471 nomen
1262 3419 1496 3474 hominis
1505 3454 1524 3483 ,
1532 3435 1695 3489 quem

669 3500 846 3553 Caesar
868 3498 1020 3569 jussit
1033 3497 1318 3569 proficisci.
1342 3498 1420 3551 M.
1443 3496 1695 3551 Hominis

667 3589 864 3632 nomen
876 3616 894 3643 ,
911 3574 1060 3649 quod
1073 3575 1398 3648 praeoedenti
1417 3576 1619 3629 Rabirio
1641 3590 1697 3631 et

668 3678 777 3729 seq.
787 3658 994 3711 Sallust.
1005 3654 1340 3726 respondeat.
1361 3657 1562 3709 Forsan
1574 3655 1699 3711 ade·

669 3750 752 3791 rat
767 3739 1044 3799 Vatinium,
1070 3733 1139 3789 de
1155 3753 1264 3807 quo
1283 3736 1346 3789 B.
1365 3737 1450 3789 Al.
1473 3742 1569 3799 4⁴·
1588 3736 1691 3789 Os.

753 3819 809 3871 3.
837 3816 1124 3870 Sallustium
1150 3815 1394 3887 Crispum.
1423 3814 1693 3869 Eumdem

668 3898 763 3968 qui
791 3899 976 3967 primus
1019 3914 1220 3949 musana
1249 3898 1360 3965 suit
1385 3900 1438 3947 in
1473 3896 1691 3947 lectoria.

668 3977 749 4030 De
773 3994 838 4027 eo
860 3976 1070 4029 nullum
1093 3987 1506 4029 monumentum
1527 3985 1694 4029 exstat

667 4054 726 4107 in
748 4056 985 4109 nummis
1019 4056 1270 4127 antiquis.
1294 4057 1380 4108 At.
1393 4052 1519 4107 vide
1538 4055 1695 4111 luen-

667 4133 1008 4188 lentissimam
1026 4134 1300 4187 clarissimi
1317 4134 1424 4189 viri
1435 4134 1683 4201 But-nous,

1784 2545 1955 2602 nostri
1976 2540 2361 2616 condiscipuli,
2375 2543 2433 2605 in
2457 2543 2571 2598 suis
2594 2543 2667 2599 ed
2680 2546 2813 2601 hune

1784 2624 2100 2679 Sallustium
2122 2622 2559 2709 commentariis,
2577 2627 2813 2679 notitiam

1782 2696 2201 2776 biographicam.

1866 2790 1921 2847 4.
1954 2782 2061 2844 Ut,
2065 2780 2273 2853 εἶβεν-ἱ..

1782 2863 2001 2917 Davisio
2018 2875 2073 2915 et
2098 2862 2321 2917 Clarkio
2342 2881 2375 2915 e
2396 2861 2522 2915 cod.
2546 2882 2660 2936 reg.
2680 2883 2699 2918 z
2728 2866 2810 2926 Ut,

1780 2941 2161 3014 sisteriposset,
2187 2962 2247 2993 ne
2264 2937 2285 3003 (
2302 2942 2647 3007 immo,nec)
2670 2946 2813 2997 locun

1782 3022 2183 3076 excusationum
2192 3021 2403 3075 haberet.
2412 3022 2493 3075 M.
2504 3023 2813 3079 Lectionem

1780 3100 2031 3156 codicum
2060 3114 2371 3155 nostrorum
2406 3104 2811 3161 revocavimus:

1782 3194 1861 3247 ut,
1873 3181 2050 3252 siſset-i
2060 3193 2249 3252 posset,
2268 3201 2355 3233 nec
2372 3202 2456 3242 ne,
2475 3182 2643 3235 locum
2660 3204 2809 3236 em.

1782 3262 1907 3315 nul.
1934 3262 2163 3321 haberet,
2204 3262 2557 3315 neeessariam
2596 3264 2811 3317 omnine

1781 3340 2071 3395 sententia.
2098 3340 2247 3395 Dicit
2278 3341 2425 3395 enim
2457 3339 2675 3396 Hirtius
2702 3344 2809 3397 Ca·

1781 3438 1951 3473 sarem
1975 3420 2319 3491 proeoepisse,
2348 3433 2414 3473 ut
2440 3418 2611 3475 duces
2634 3421 2811 3477 ohedi-

1779 3513 1901 3553 rent
1929 3500 2043 3552 sine
2068 3499 2175 3551 nlla
2200 3500 2573 3568 excusatione,
2595 3520 2697 3555 nec
2720 3503 2811 3555 alia

1781 3578 2227 3640 consideratione.
2244 3579 2429 3645 Quum
2454 3598 2549 3633 eos
2580 3600 2695 3635 non
2724 3580 2811 3633 de-

1781 3671 1926 3712 ceret
1946 3658 2275 3723 examinare,
2296 3676 2367 3711 an
2386 3656 2447 3711 id
2473 3658 2599 3711 fieri
2612 3674 2810 3731 posset,

1780 3756 1881 3791 nec
1890 3757 2063 3792 ne.—-
2070 3740 2185 3791 [οε.
2200 3757 2361 3791 eacus.
2376 3739 2653 3793 nullumv.
2668 3744 2807 3794 «226.

1868 3818 1921 3871 5.
1956 3817 2337 3888 Exprouineia.
2362 3816 2449 3869 sie
2484 3816 2647 3871 codd.
2676 3820 2805 3883 Alii,

1782 3902 1835 3951 in
1854 3917 1939 3968 pr.
1960 3897 2121 3949 Male.
2136 3924 2224 3941 -ι
2238 3896 2309 3949 Ut
2330 3898 2520 3952 malint.
2536 3897 2635 3951 lta
2653 3896 2807 3953 codd.

1782 3978 1965 4048 Vulgo
1988 3976 2201 4028 mallent.
2214 3977 2615 4046 -Vaectfiyales..
2632 3976 2809 4049 Scipio

1782 4056 1937 4111 Iuba
1954 4053 2283 4127 stipendium
2294 4054 2369 4109 ad
2376 4057 2581 4127 equites
2592 4055 2811 4111 alendos

1783 4136 2035 4191 solvebat.
2064 4133 2193 4190 Vid.
2217 4153 2333 4208 cap.
2366 4139 2419 4189 6.
2444 4136 2519 4188 M.

2279 2782 2527 2836 ..haberet
2544 2784 2811 2856 Legecum
2926 2798 2928 2803 “
