3025 5025
435 1074 440 1080 -
555 1025 780 1118 copias
815 1024 1135 1094 reducere
1173 1025 1393 1120 coepit.
1428 1024 1731 1110 Cassius,
1760 1046 1897 1117 quo
1934 1023 2117 1091 bono
2151 1006 2487 1107 valebat³,

559 463 712 551 408
1359 461 1499 531 DE
1554 462 1901 531 BELLO

556 597 743 665 ducit
760 650 780 685 ,
832 610 1030 690 atque
1079 596 1293 665 aciem
1337 595 1620 673 instruit.
1664 595 1897 684 Quum
1940 593 2247 663 Cassium
2290 608 2525 663 contra
2577 620 2707 689 pro

553 704 787 774 castris
815 704 948 772 suis
983 704 1194 773 aciem
1221 700 1609 810 instruxisse
1638 702 1789 771 loco
1819 703 2159 798 superiore
2188 700 2478 790 videret,
2506 724 2709 771 causa

551 810 945 904 interposita
963 864 984 898 ,
1021 809 1202 904 quod
1243 802 1298 878 is
1339 811 1410 879 in
1447 834 1713 903 aequum
1748 832 1887 879 non
1922 808 2388 895 descenderet,
2419 808 2709 877 Marcel-

555 913 658 985 lus
699 915 1021 986 militibus
1055 916 1449 1011 persuadet,
1493 930 1573 984 ut
1610 942 1681 985 se
1724 917 1795 985 in
1834 929 2055 985 castra
2090 916 2428 1010 recipiant.
2437 917 2711 1045 3Itaque

2524 1024 2711 1091 Mar-

554 1129 929 1249 cellumque
960 1132 1302 1200 infirmum
1335 1154 1477 1200 esse
1508 1130 1759 1199 sciebat
1760 1152 2149 1250 ,aggressus
2176 1129 2474 1223 equitatu
2504 1127 2710 1223 legio-

557 1239 782 1307 narios
825 1262 894 1307 se
944 1240 1378 1332 recipientes,
1431 1236 1811 1332 complures
1870 1237 2267 1305 novissimos
2308 1237 2378 1304 in
2418 1236 2717 1305 fluminis

556 1344 720 1463 ripis
763 1344 1095 1433 interficit.
1134 1346 1366 1433 Quum
1391 1345 1527 1413 hoc
1570 1344 1973 1413 detrimento
1991 1397 2011 1432 ,
2038 1343 2201 1438 quid
2232 1343 2551 1412 transitus
2588 1341 2713 1411 flu-

554 1451 750 1519 minis
789 1452 932 1519 vitii
961 1449 1504 1546 difficultatisque
1532 1450 1811 1521 haberet
1828 1500 1847 1536 ,
1886 1451 2229 1546 cognitum
2272 1463 2486 1536 esset,
2527 1450 2713 1518 Mar-

553 1556 760 1627 cellus
789 1572 1008 1628 castra
1037 1560 1272 1627 Baetim
1307 1558 1663 1647 transfert,
1700 1559 2069 1653 crebroque
2102 1570 2385 1651 uterque
2419 1554 2719 1651 legiones

552 1666 624 1733 in
677 1666 889 1733 aciem
935 1666 1196 1753 educit3
1241 1690 1458 1759 neque
1500 1679 1727 1735 tamen
1778 1664 2161 1767 confligitur
2208 1678 2487 1760 propter
2532 1661 2714 1733 loco-

553 1794 703 1839 rum
747 1770 1194 1841 difficultates.
2761 1840 2765 1843 ⁴

664 1880 847 1945 LXI.
904 1880 1071 1948 Erat
1099 1878 1306 1973 copiis
1335 1878 1753 1973 pedestribus
1776 1875 1991 1947 multo
2026 1876 2283 1947 firmior
2312 1874 2714 1947 Marcellus·
2761 1896 2765 1901 ’

553 1983 848 2053 habebat
874 1987 1055 2054 enim
1085 2000 1466 2069 veteranaS,
1491 1984 1853 2079 multisque
1880 1982 2123 2079 praeliis
2158 1998 2465 2079 expertas
2503 1982 2717 2078 legio-

554 2114 693 2159 nes.
727 2092 999 2169 Cassius
1031 2092 1186 2162 fidei
1226 2093 1474 2186 magis,
1499 2114 1702 2186 quam
1738 2093 1970 2161 virtuti
2013 2089 2383 2185 legionum,
2416 2090 2715 2160 confide·

557 2196 690 2264 bat.
721 2198 992 2291 Itaque,
1023 2223 1233 2292 quum
1261 2213 1479 2268 castra
1505 2200 1746 2268 castris
1770 2196 2041 2267 collata¹
2072 2212 2320 2285 essent,
2344 2211 2415 2265 et
2437 2196 2717 2267 Marcel-

556 2301 660 2373 lus
702 2302 926 2373 locum
957 2306 1276 2375 idoneum
1313 2305 1586 2375 castello
1620 2306 1933 2399 cepisset,
1974 2328 2116 2400 quo-
2146 2304 2508 2400 prohibere
2544 2328 2713 2399 aqua

557 2411 910 2481 Cassianos
969 2428 1232 2506 posset3
1280 2414 1628 2509 Longinus
1679 2414 1933 2481 veritus
1992 2436 2079 2479 ne
2125 2436 2369 2506 genere
2422 2412 2713 2506 quodam

554 2516 918 2588 obsidionis
957 2519 1378 2590 clauderetur
1420 2521 1488 2589 in
1525 2520 1911 2616 regionibus
1952 2518 2184 2589 alienis
2216 2519 2473 2613 sibique
2514 2519 2713 2588 infes-

554 2625 642 2693 tis
656 2677 675 2710 ,
713 2641 920 2694 noctu
953 2626 1214 2697 silentio
1246 2651 1328 2698 ex
1351 2629 1585 2698 castris
1610 2625 2059 2722 proficiscitur
2074 2680 2093 2714 ,
2119 2625 2453 2720 celerique
2480 2628 2717 2696 itinere

559 2729 786 2800 Uliam
808 2730 831 2757 ²
867 2733 1252 2804 contendit:
1297 2735 1480 2830 quod
1525 2734 1649 2803 sibi
1696 2733 1893 2802 fidele
1930 2759 2073 2803 esse
2114 2732 2439 2828 oppidum
2475 2733 2711 2802 crede-

556 2837 693 2907 bat.
740 2840 848 2908 Ibi
881 2841 1048 2911 adeo
1085 2842 1444 2935 conjuncta
1477 2843 1669 2936 ponit
1708 2841 2045 2910 moenibus
2082 2855 2297 2910 castra
2316 2893 2335 2927 ,
2376 2853 2458 2908 ut
2494 2839 2714 2909 et'loci

554 2960 796 3014 natura
823 2938 1154 3042 (namque
1188 2948 1344 3018 Ulia
1386 2951 1456 3017 in
1495 2949 1676 3018 edito
1718 2961 1948 3017 monte
1991 2950 2208 3042 posita
2248 2938 2423 3035 est),
2464 2961 2539 3015 et
2578 2948 2713 3041 ipsa

557 3054 926 3122 munitione
982 3056 1165 3124 urbis
1225 3055 1521 3150 undique
1580 3056 1667 3124 ab
1722 3057 2223 3150 oppugnatione
2280 3068 2465 3123 tutus
2527 3067 2711 3123 esset.

560 3162 763 3228 Hunc
825 3161 1187 3231 Marcellus
1257 3164 1664 3258 insequitur,
1718 3175 1820 3251 et,
1872 3185 2075 3256 quam
2130 3161 2432 3256 proxime
2496 3159 2737 3256 potest=

645 3377 698 3429 3.
719 3376 834 3446 Quo
851 3375 976 3427 bono
995 3334 1215 3428 valebat.
1232 3374 1318 3428 Sic
1330 3373 1460 3426 libri
1479 3393 1593 3426 me-

531 3481 536 3484 ·
560 3456 751 3510 liores:
769 3469 853 3509 est
876 3473 1004 3526 ergo
1025 3456 1230 3507 bonum
1247 3493 1263 3520 ,
1291 3465 1402 3526 q‘uo
1423 3453 1595 3522 valet,

435 3551 442 3560 ’
561 3537 844 3608 equitatus.
872 3533 976 3588 Sed
1007 3533 1166 3588 codd.
1199 3534 1324 3601 alii,
1354 3553 1448 3607 quo
1475 3535 1594 3586 bene

559 3617 788 3678 valebat,
817 3631 978 3688 quam
1003 3615 1288 3668 lectionem
1313 3634 1426 3667 non
1449 3633 1595 3686 spre-

557 3699 748 3751 verim.
783 3696 1046 3750 Cellarius
1066 3713 1198 3748 vero
1219 3715 1334 3748 non
1365 3691 1596 3748 debebat

559 3776 718 3830 edere
735 3816 751 3843 ,
781 3779 866 3850 qui
907 3775 1022 3828 bene
1059 3776 1286 3840 valebat,
1321 3777 1480 3848 quasi·
1503 3775 1594 3828 hic

558 3869 888 3930 quaereretur
905 3895 922 3924 ‚
952 3876 1020 3910 an
1063 3857 1376 3910 vulneratus
1420 3872 1595 3928 nuper

560 3937 770 3992 Cassius
797 3933 942 4000 (vid.
979 3957 1026 3991 c.
1069 3938 1138 3990 52
1157 3935 1198 4002 ),
1221 3937 1591 3990 convaluisset.

562 4017 639 4070 M.
685 4019 786 4070 Hic
831 4017 1002 4070 bonum
1059 4018 1171 4070 fem
1218 4018 1382 4070 simili
1425 4015 1597 4069 modo

559 4098 828 4164 sumitur,
852 4111 916 4150 ut
944 4116 1136 4170 supra,
1157 4117 1204 4150 c.
1247 4116 1334 4150 12.

645 4177 775 4233 Cu».
795 4179 941 4233 LXI.
970 4197 993 4233 1
1009 4218 1023 4233 .
1051 4177 1270 4234 Cottam.
1288 4177 1396 4232 Alii
1419 4176 1592 4246 male,

1683 3374 1941 3426 collocata.
1986 3375 2171 3428 Castra
2208 3373 2393 3426 'castris
2430 3375 2681 3428 conferre
2696 3411 2715 3440 ,
2781 3385 2799 3392 “

1684 3465 1765 3507 est
1790 3455 1897 3508 hoc
1935 3455 2059 3506 loco
2096 3453 2405 3526 propinqua
2436 3473 2469 3507 e
2499 3455 2715 3527 regione

1682 3551 1903 3606 ponere.

1770 3635 1821 3668 ιι.
1874 3611 2053 3667 Uliam.
2106 3611 2387 3686 Oppidum
2442 3613 2715 3686 Hispania

1682 3695 1973 3759 ulterioris,
1988 3695 2315 3747 seuBaeticae.
2330 3693 2507 3748 Codd.
2518 3694 2713 3748 habent

1690 3775 1890 3828 Ullam·
1870 3815 1884 3836 ,
1877 3773 1999 3828 ·sed
2017 3773 2358 3840 ptolemeus,
2374 3777 2555 3837 Οὐλία,
2569 3773 2712 3847 quod

1682 3875 1713 3908 e
1738 3855 1916 3908 mamis
1940 3855 2223 3908 confirmat
2252 3852 2606 3926 spanhemius
2622 3893 2641 3921 ,
2655 3874 2707 3926 p.

1686 3953 1787 4005 9'01
1803 3975 1815 3987 .
1848 3934 2069 3990 Accedit
2098 3947 2249 3988 vetus
2278 3935 2582 4007 inscriptio,
2610 3935 2707 3988 Or·

1683 4016 1898 4088 doReip.
1920 4017 2207 4078 Uliemiicm,
2226 4013 2369 4087 apud
2386 4015 2705 4080 Gruterum,

1682 4115 1737 4167 p.
1766 4113 1898 4168 271,
1916 4115 1972 4149 ιι.
2002 4115 2051 4150 1.
2072 4093 2380 4151 Cunvid.
2404 4109 2461 4152 et
2480 4093 2703 4152 Surium

1685 4173 1755 4231 ad
1776 4179 1979 4234 Ancon.
1998 4176 2141 4246 itin„
2166 4197 2224 4250 p.
2257 4182 2393 4242 41²·
