3025 5025
603 500 747 574 502
1396 501 1542 568 DE
1595 498 1950 610 BELLp

593 646 773 714 mine
808 646 1027 737 Tegea
1045 641 1094 730 ¹,
1123 641 1241 714 ubi
1277 643 1658 738 praesidium
1692 658 1997 738 equestre
2027 644 2293 712 circiter
2321 645 2451 712 CD
2475 667 2749 714 numero

592 751 839 820 habere
876 765 1251 819 consuerat.
1297 753 1401 818 Eo
1442 753 1742 844 equitatu
1784 751 2022 821 dextra
2060 751 2460 844 sinistraque
2505 749 2749 820 directo

592 858 679 927 ab
722 857 951 954 oppidi
988 855 1305 927 lateribus
1325 911 1345 944 ,
1390 858 1531 951 ipse
1556 912 1576 945 ,
1629 858 2002 953 legionibus
2043 883 2126 927 ex
2189 858 2424 928 castris
2467 857 2752 946 eductiS,

591 979 789 1059 atque
826 966 895 1032 in
934 964 1097 1060 jugo
1139 965 1451 1033 inferiore
1492 966 1865 1053 instructis,
1897 989 2036 1033 non
2087 965 2350 1060 longius
2394 965 2536 1034 fere
2579 963 2750 1034 mille

590 1096 823 1166 passus
858 1071 944 1140 ab
984 1073 1117 1140 suis
1153 1071 1636 1140 munitionibus
1671 1096 2097 1167 progressus,
2136 1071 2204 1139 in
2249 1073 2390 1140 acie
2433 1073 2748 1141 constitit.

591 1181 954 1274 Postquam
1004 1177 1251 1247 diutius
1294 1179 1365 1246 in
1406 1202 1547 1246 uno
1601 1177 1753 1247 loco
1800 1181 2024 1273 Scipio
2061 1179 2612 1249 commorabatur
2632 1233 2651 1265 ,
2692 1193 2756 1248 et

590 1301 857 1380 tempus
887 1285 1017 1354 diei
1048 1286 1116 1353 in
1144 1287 1283 1354 otio
1310 1286 1867 1371 consumebatur3
1907 1288 2134 1356 Caesar
2161 1299 2462 1379 equltum
2499 1299 2753 1355 turmas

592 1417 867 1462 suorum
896 1393 1091 1486 jubet
1124 1394 1193 1460 in
1244 1392 1539 1461 bostium
1583 1395 1988 1486 equitatum,
2031 1396 2148 1488 qui
2193 1391 2281 1460 ad
2323 1392 2656 1487 oppidum
2692 1394 2756 1460 in

592 1503 879 1600 statione
912 1513 1089 1584 erat,
1117 1499 1385 1568 facere
1368 1502 1908 1594 impressionem3
1932 1498 2279 1594 levemque
2309 1513 2755 1586 armaturam,

592 1594 1001 1703 sagittariOS,
1034 1605 1534 1700 funditoresque
1573 1605 1807 1676 eodem
1855 1607 2200 1677 submittit.
2233 1603 2438 1696 Quod
2473 1605 2594 1674 ubi
2627 1631 2751 1675 coe·

592 1728 786 1809 ptum
824 1727 925 1782 est
968 1713 1146 1802 fieri,
1186 1713 1259 1782 'et
1301 1715 1485 1806 equis
1532 1715 1878 1782 concitatis
1913 1713 2158 1784 Juliani
2201 1715 2526 1806 impetum
2569 1711 2752 1782 fecis·

594 1835 777 1907 sent,
814 1820 1120 1890 Pacidius
1158 1835 1312 1889 suos
1344 1821 1598 1913 equites
1635 1821 2062 1916 exporrigere
2101 1820 2308 1913 coepit
2346 1821 2418 1887 in
2466 1817 2752 1938 longitu-

594 1928 851 2015 dinem,
888 1942 966 1996 ut
1014 1927 1341 1996 haberent
1389 1923 1772 1996 facultatem
1819 1941 2076 1996 turmas
2126 1925 2420 1996 Julianas
2467 1927 2752 2020 circum-

594 2033 784 2102 fundi
798 2031 846 2120 ²,
886 2048 955 2101 et
1004 2034 1215 2103 nihilo
1269 2035 1487 2102 minus
1541 2033 1896 2104 fortissime
1933 2035 2388 2128 acerrimeque
2431 2055 2751 2128 pugnare.

594 2140 799 2228 Quod
836 2140 952 2209 ubi
994 2142 1220 2210 Caesar
1264 2140 1652 2208 ammadvel
1653 2143 1770 2227 tlt
1806 2141 2029 2229 CCC,
2069 2163 2237 2235 quos
2273 2165 2356 2208 ex
2385 2139 2754 2234 legionibus

593 2247 843 2316 habere
890 2246 1230 2343 expeditos
1279 2262 1757 2333 consueverat,
1797 2271 1878 2316 ex
1924 2246 2216 2342 legione,
2259 2271 2407 2342 quae
2451 2249 2756 2340 proxima

593 2356 653 2422 ei
698 2354 986 2448 praelio
969 2381 1038 2422 m
1076 2356 1216 2423 acie
1256 2339 1682 2424 constiterat³
1686 2408 1705 2443 ,
1735 2355 1930 2448 jubet
1969 2355 2294 2448 equitatui
2339 2377 2749 2423 succurrere.

595 2461 930 2531 Labienus
973 2462 1237 2531 interim
1275 2461 1407 2530 suis
1444 2461 1783 2556 equitibus
1822 2459 2066 2531 auxilia
2106 2461 2435 2555 equestria
2476 2460 2750 2530 submit-

596 2584 738 2639 tere
762 2622 783 2657 ,
826 2570 1195 2663 sauciisque
1244 2592 1325 2637 ac
1376 2569 1755 2663 defatigatis
1795 2570 2094 2663 integros
2143 2568 2752 2661 recentioribusque

598 2676 852 2745 viribus
906 2677 1158 2769 equites
1208 2676 1732 2744 subministrare.
1787 2678 2146 2769 Postquam
2207 2675 2460 2769 equites
2513 2673 2754 2743 Juliani

596 2784 729 2852 CD
770 2784 910 2851 vim
948 2781 1276 2869 hostium,
1326 2781 1411 2850 ad
1458 2783 1562 2853 IV
1605 2780 1810 2851 millia
1856 2806 2140 2850 numero
2167 2835 2186 2868 ,
2241 2782 2576 2849 sustinere
2623 2806 2752 2849 non

600 2903 947 2985 poterant,
976 2901 1043 2957 et
1085 2913 1125 2957 a
1165 2885 1299 2956 levi
1342 2903 1680 2957 armatura
1715 2887 2163 2959 Numidarum
2200 2886 2755 2973 vulnerabantur,

682 3108 815 3164 ΕΑΒ.
854 3110 1165 3163 LXXVIII.
1207 3128 1256 3162 1.
1295 3110 1474 3180 Tegea.
1502 3108 1630 3161 Non
1721 3126 1754 3179 7
1768 3128 1814 3162 1.
1856 3109 1995 3161 Dein
2035 3108 2366 3161 accusativus
2401 3108 2532 3179 pro·
2541 3108 2720 3162 dativo
2737 3148 2752 3175 ,

606 3204 685 3244 est
712 3190 899 3243 eadem
930 3206 1055 3242 cum
1110 3192 1239 3260 Tege
1270 3190 1628 3242 Ptolemaei-v.
1716 3202 1781 3241 ut
1803 3190 1866 3243 Β.
1903 3190 1967 3242 C.
1999 3206 2105 3253 ιιι,
2138 3194 2206 3243 61
2241 3227 2258 3253 ,
2281 3188 2524 3259 proesidia
2549 3193 2746 3242 cutum·

606 3271 876 3333 Cedat-ius,
895 3271 933 3322 1.
956 3288 1001 3323 c.
1026 3294 1100 3305 —
1121 3270 1223 3323 CD
1238 3286 1447 3321 numer-o.
1464 3270 1631 3341 Egre-
1717 3270 1874 3323 duxit.
1907 3266 2067 3321 ovid.
2100 3270 2320 3323 Metam.
2351 3286 2444 3333 ιν,
2461 3268 2600 3337 360,
2620 3270 2748 3339 juvo-

603 3352 689 3423 gie
710 3352 815 3404 hoc
832 3352 907 3405 sie
924 3350 1201 3403 constituit
1224 3350 1399 3403 Davis.
1425 3347 1491 3401 In
1506 3350 1631 3421 qui-

600 3427 828 3485 busdam
858 3428 978 3485 cod.
1011 3430 1205 3501 legitur
1232 3426 1351 3483 MM
1394 3429 1505 3482 sive
1535 3430 1633 3481 duo

603 3513 760 3563 millia
786 3550 802 3573 ,
852 3512 909 3563 in
950 3510 1064 3563 aliis
1114 3508 1265 3563 deest
1304 3527 1513 3562 nmero.
1551 3507 1633 3561 Ex

603 3594 801 3645 nostris
830 3588 990 3643 codd.
1016 3591 1149 3643 alter
1170 3590 1322 3660 5764
1348 3588 1512 3642 habet
1529 3591 1632 3643 CO

604 3668 702 3727 CO
722 3690 824 3745 pro
846 3669 1060 3736 CCCC;
1076 3671 1209 3723 alter
1227 3670 1377 3741 5768
1392 3708 1409 3737 ‚
1424 3670 1630 3725 CCCC.

601 3753 674 3805 Et
702 3770 765 3807 ea
794 3770 922 3805 vera
950 3752 1109 3804 lectio
1140 3762 1237 3825 est.

690 3852 743 3886 ο.
772 3832 1127 3898 Circumfhndi.
1148 3830 1235 3885 Sic
1250 3848 1283 3883 e
1298 3827 1455 3883 oodd.
1482 3825 1630 3883 Oud.

602 3911 791 3966 edidit.
816 3914 912 3965 Est
932 3909 1075 3964 idem
1091 3950 1106 3979 ,
1128 3909 1271 3983 quod
1302 3911 1633 3963 circumfun-

601 3990 733 4045 dere
772 4012 828 4046 se
854 3994 996 4045 circa
1028 4004 1245 4045 turmas.
1274 3991 1456 4061 Vulgo
1484 4028 1499 4057 ,
1535 3994 1632 4042 σὺ·-

604 4072 925 4139 ctcmsundem.
958 4072 1035 4126 M.
1069 4071 1374 4125 Infinitivu‘s
1398 4071 1522 4123 loeo
1544 4088 1632 4143 ge-

604 4152 788 4207 rundii
801 4170 917 4207 non
937 4152 1228 4207 raro.V.B.
1254 4152 1323 4207 G.
1342 4166 1427 4207 vn
1444 4186 1462 4217 ,
1488 4154 1560 4206 26
1581 4164 1634 4205 et

1717 3368 1826 3401 nem
1853 3350 2270 3417 cmmnsunditur.
2299 3349 2402 3401 On.
2423 3372 2502 3382 -
2531 3350 2670 3419 Quot
2691 3368 2748 3400 es

1717 3430 1988 3499 legioniba,
2018 3430 2192 3481 habere
2217 3429 2468 3501 expeditas
2501 3448 2748 3483 muen-

1721 3522 1816 3563 ναι.
1849 3508 1993 3562 Vide
2019 3528 2134 3581 cap.
2172 3510 2244 3580 75
2279 3510 2498 3562 Motus.

1803 3590 1857 3643 3.
1883 3592 1973 3642 Es
1995 3594 2220 3661 proxime
2247 3590 2334 3661 hg
2329 3628 2424 3642 .....
2452 3592 2744 3641 cautent-at.

1717 3668 1860 3741 Lege
1871 3690 1934 3722 ex
1953 3670 2164 3740 legione,
2187 3688 2298 3741 qnoe
2312 3673 2548 3739 pmaeim
2562 3673 2744 3740 cipro·

1719 3750 1788 3802 tio
1835 3754 1886 3802 in
1923 3756 2027 3810 acie
2065 3762 2216 3802 const.
2251 3748 2504 3803 pralium
2541 3762 2620 3802 est
2659 3748 2743 3801 ill·

1718 3829 1956 3883 velitatio
2007 3829 2266 3902 equestris
2281 3867 2298 3895 ,
2329 3844 2452 3900 quo
2485 3846 2632 3882 nunc
2663 3828 2744 3880 fit.

1719 3911 1866 3982 Ergo
1903 3910 2200 3982 legionem,
2235 3927 2358 3981 quoe
2387 3910 2444 3961 in
2475 3910 2589 3963 acie
2613 3904 2636 3971 (
2661 3909 2740 3960 in-

1719 4002 1918 4043 structa
1929 3987 1948 4051 )
1961 4002 2064 4044 stat
2077 3990 2320 4062 proxima
2333 3989 2416 4042 illi
2425 3988 2712 4043 nutationi
2721 4024 2740 4051 ‚

1716 4072 1868 4142 jubet
1899 4070 2074 4124 Caesar
2117 4088 2428 4124 succurrere
2472 4066 2738 4142 equitatui.

1719 4151 1796 4205 M.
1832 4152 1940 4205 Pro
1963 4150 2140 4223 pmlio
2167 4150 2254 4205 ulii
2268 4148 2534 4221 praesidio-
