3025 5025
712 476 865 560 ιίιίι
1507 479 1645 546 DE
1712 478 2058 546 BELLo

714 604 949 676 leniter
992 631 1061 676 se
1102 608 1190 678 ad
1228 632 1379 679 suas
1421 610 1756 704 recipiunt
1797 609 2240 696 munitiones;
2281 608 2572 701 itemque
2605 607 2810 676 adver-

714 697 927 801 sarii³,
958 713 1129 784 male
1162 716 1455 811 accepti,
1485 730 1626 786 tum
1671 715 1940 786 demum
1975 740 2046 786 se
2079 714 2165 783 ad
2200 738 2320 810 sua
2347 713 2644 809 praesidia
2675 739 2813 783 con-

718 811 1032 890 tulerunt.

821 927 1013 994 XIX.
1070 929 1345 997 Interim
1372 982 1393 1016 ,
1442 952 1522 996 ea
1575 953 1648 996 re
1693 941 1878 1021 gesta
1903 979 1923 1013 ,
1967 942 2035 996 et
2095 925 2324 1022 praelio
2369 926 2720 1021 dirempto,
2749 949 2817 993 ex

717 1028 1107 1102 adversariis
1138 1034 1435 1130 perfugae
1468 1032 1694 1129 plures
1707 1032 1725 1056 ¹
1761 1059 1844 1102 ex
1879 1034 2064 1102 omni
2103 1033 2458 1103 hominum
2489 1057 2742 1127 genere,
2763 1043 2822 1100 et

716 1150 1039 1230 praeterea
1055 1141 1409 1237 intercepti
1434 1141 1728 1210 hostium
1751 1138 2127 1235 complures
2150 1141 2404 1234 equites
2434 1139 2817 1234 peditesque:

715 1244 1059 1336 exquibus
1086 1249 1429 1341 cognitum
1462 1262 1566 1316 est
1595 1247 1888 1316 hostium
1918 1245 2270 1317 consilium
2287 1298 2306 1332 ,
2334 1253 2450 1316 e'os
2476 1247 2606 1315 hac
2635 1259 2820 1314 mente

718 1361 788 1417 et
822 1365 1069 1420 conatu
1110 1354 1405 1441 venisse,
1430 1355 1531 1422 uti
1566 1379 1746 1422 novo
1787 1357 1992 1448 atque
2023 1354 2336 1422 inusitato
2371 1376 2616 1448 genere
2648 1349 2820 1450 praelii

716 1454 964 1526 tirones
975 1456 1494 1580 ’legionariiquff
1525 1461 1723 1555 pauci
1751 1459 2153 1555 perturbati,
2179 1460 2494 1529 Curionis
2523 1456 2824 1552 exemplo,

656 1629 663 1636 .
717 1559 803 1628 ab
839 1565 1137 1694 equiatatu
1176 1567 1615 1636 circumventi
1655 1567 2234 1661 opprimerentur·
2271 1580 2340 1634 et
2363 1567 2458 1636 ita
2487 1565 2822 1636 Labienum

714 1656 1002 1738 dixisse³
1000 1696 1153 1765 pro
1190 1673 1552 1756 concione,
1593 1701 1628 1738 e
1672 1687 1928 1742 tantam
1965 1697 2106 1742 sese
2138 1670 2632 1742 multitudinem
2665 1670 2822 1739 auxi-

714 1770 958 1844 liorum
998 1776 1390 1848 adversariis
1426 1779 2131 1868 subministraturum,
2187 1793 2264 1848 ut
2295 1780 2498 1848 etiam
2547 1775 2824 1849 caede‘ndo

718 1879 788 1946 in
823 1881 967 1974 ipsa
1007 1885 1285 1954 victoria
1321 1884 1661 1979 defatigati
1696 1887 2153 1973 vincerentur,
2193 1899 2392 1984 atque
2425 1910 2466 1953 a
2495 1887 2628 1955 suis
2649 1893 2824 1978 supe·
2853 1941 2858 1946 ,

718 2001 1071 2074 rarentur3
1101 1989 1142 2056 'n
1190 1989 1437 2086 quippe
1479 1993 1597 2086 qui
1631 1993 1700 2062 in
1743 1991 2010 2062 illorum
2049 1991 2172 2062 sibi
2213 1987 2586 2062 confideret
2631 1989 2826 2062 multi-

809 2215 863 2267 3.
893 2216 1106 2290 Itemque
1122 2217 1409 2286 adversarii,
1423 2231 1524 2273 etc.
1539 2220 1606 2272 In
1629 2237 1749 2273 nos·

729 2305 814 2345 tro
836 2293 1021 2350 codice
1042 2299 1107 2349 R.
1139 2298 1313 2368 5768,
1328 2301 1492 2352 verba
1523 2319 1746 2372 sequen·

725 2372 799 2426 tia
822 2392 989 2446 usque
1032 2375 1102 2430 ad
1141 2397 1297 2431 voces
1332 2381 1556 2450 perfugoe
1584 2380 1748 2451 plures

723 2471 841 2527 cap.
875 2457 1142 2528 sequentis
1172 2459 1522 2525 omittuntur3
1546 2471 1602 2512 et
1622 2459 1751 2531 legi·

724 2546 815 2587 tur
828 2538 1029 2610 itemque
1040 2538 1304 2593 adversarii
1308 2540 1744 2611 Mperfugoeplwes

726 2626 815 2667 etc.
850 2614 1019 2684 Male,
1048 2631 1103 2671 et
1127 2638 1285 2673 sensu
1302 2631 1567 2673 contorto.
1597 2621 1752 2673 Eam-

725 2691 849 2747 dem
870 2696 1154 2751 lectionem
1180 2700 1340 2752 offert
1368 2698 1538 2752 codex
1562 2700 1750 2752 Victo-

722 2773 874 2828 rinus
898 2794 929 2828 ιι
952 2776 1207 2831 Goduino
1226 2778 1444 2844 citatus,
1465 2777 1560 2832 sed
1576 2797 1753 2832 emen-

725 2852 1004 2910 datiorem,
1020 2858 1236 2932 'Itemque
1260 2858 1755 2925 adversariificemnt

726 2937 1018 3006 etprofiagae
1035 2938 1205 3009 plures
1228 2959 1289 2991 ex
1318 2942 1445 2991 omni
1466 2958 1641 3008 genere
1663 2939 1752 2991 lao-

727 3018 903 3067 minum
914 3054 931 3077 ,
966 3029 1018 3069 et
1046 3030 1307 3088 praeterea,
1337 3032 1428 3071 etc.
1464 3018 1590 3071 Non
1616 3020 1754 3073 male

728 3107 902 3160 certe;
927 3113 1051 3149 nam
1081 3097 1171 3150 hic
1212 3099 1395 3152 saltem
1426 3100 1654 3152 verbum
1666 3100 1752 3165 se-

729 3186 893 3225 cerunt
919 3193 1030 3228 non
1059 3174 1222 3231 deest.

809 3252 938 3306 Cu.
992 3256 1144 3309 xlx.
1201 3275 1223 3310 1
1236 3298 1249 3311 .
1300 3258 1534 3328 Pepfugoe
1565 3260 1750 3329 plures.

729 3335 889 3386 Deest
906 3336 1131 3388 verbum
1146 3374 1161 3402 ,
1172 3334 1239 3388 ad
1252 3337 1399 3407 quod
1416 3338 1522 3391 hoc
1529 3341 1753 3409 perfuga

728 3414 1005 3467 referatur.
1040 3415 1189 3468 Oun.
1213 3415 1424 3469 Gudius
1444 3430 1624 3471 censet
1649 3420 1750 3490 leg.

721 3495 1006 3563 perfugere,
1034 3494 1181 3566 quod
1210 3496 1383 3567 placet
1413 3494 1668 3552 Oudend.
1693 3498 1753 3551 ni

726 3571 901 3627 deleas
930 3586 983 3626 et
1006 3588 1127 3628 ante
1147 3587 1402 3645 proeterea.
1437 3576 1540 3629 On.

821 3673 872 3707 ².
942 3655 992 3705 T
987 3657 1143 3707 Irones
1190 3655 1554 3728 legionariique.
1603 3656 1749 3711 Oud.

728 3734 830 3804 leg·
864 3745 1016 3805 putat
1040 3752 1053 3787 ε
1091 3738 1267 3787 tirones
1297 3735 1556 3805 legionarii
1576 3742 1751 3807 pauci·

728 3832 818 3884 que
853 3818 1125 3884 sagittarii,
1164 3816 1250 3868 vel
1282 3820 1518 3869 veterani.
1540 3848 1623 3859 -—··
1657 3816 1753 3869 Cu·

728 3896 878 3947 m'om's
907 3894 1139 3966 exemplo·
1170 3894 1232 3948 B.
1265 3894 1329 3949 C.
1350 3932 1367 3960 ‚
1390 3914 1435 3949 11
1453 3933 1470 3961 ‚
1494 3902 1586 3959 4ο.
1612 3896 1749 3951 Dur.

810 3978 859 4026 3.
893 3973 1156 4026 Labienum
1191 3974 1387 4029 dixisse.
1416 3974 1620 4028 Omnes
1660 3996 1754 4029 co

724 4048 869 4107 dices
897 4053 1097 4107 habent
1125 4054 1320 4108 Jubam.
1351 4054 1457 4107 Sed
1483 4056 1515 4107 J
1520 4057 1626 4108 uba
1652 4056 1750 4109 ali·

721 4130 961 4207 quandiu
987 4145 1111 4205 post
1132 4134 1309 4203 venit3
1326 4133 1435 4189 vid.
1465 4154 1513 4189 c.
1546 4136 1638 4189 25.
1667 4136 1746 4189 M.

1832 2218 1974 2274 Edd.
2001 2231 2132 2274 vett.
2152 2220 2325 2274 -etiam
2352 2219 2552 2272 Iubam.
2582 2218 2683 2274 Sed
2707 2218 2820 2270 Vm.

1843 2299 1990 2370 1517
2016 2300 2295 2354 Labienum.
2314 2300 2598 2372 Celsu⁸‚p.
2619 2297 2826 2368 219,Ju·

1835 2379 1972 2437 bam,
1998 2377 2253 2452 additque
2277 2399 2446 2433 novum
2469 2399 2623 2450 genus
2640 2380 2826 2431 ‘victorie

1835 2471 1886 2512 et
1899 2459 2051 2513 stulta
2063 2461 2212 2532 Regis
2225 2463 2472 2532 cogitatio.
2495 2459 2714 2533 Dignior
2728 2474 2826 2512 sane

1835 2539 2000 2593 fuerit
2013 2541 2242 2595 barbaro
2255 2542 2398 2613 Rege
2409 2558 2574 2612 quam
2591 2539 2824 2603 ummo,

1831 2618 2013 2692 judice
2035 2621 2290 2674 Bentleio.
2323 2619 2463 2673 Mihi
2489 2618 2699 2674 videtur
2719 2631 2826 2671 tem·

1835 2718 2031 2771 porum
2044 2700 2181 2752 ratio
2201 2701 2430 2765 turbata,
2446 2713 2501 2754 et
2519 2719 2582 2753 ea
2592 2719 2693 2755 vox
2703 2699 2827 2751 suba

1837 2779 1939 2832 alia
1971 2780 2246 2834 occasione
2297 2777 2496 2833 audita.
2532 2780 2634 2833 On.
2677 2776 2827 2832 Nostri

1837 2878 2053 2933 quoque
2095 2859 2296 2913 habent
2330 2859 2528 2913 luban.
2555 2890 2638 2905 -—
2670 2859 2827 2929 ριῴμ

1839 2943 1998 3011 quim.
2017 2940 2336 2993 multitudine.
2361 2938 2472 2993 Vix
2505 2938 2618 2993 duo
2653 2936 2828 2993 codice·

1837 3019 1896 3071 in
1925 3020 2154 3074 lectione
2188 3020 2348 3091 hujus
2384 3019 2494 3073 loci
2529 3019 2827 3092 conspirant,

1839 3116 1900 3151 ac
1945 3099 2142 3170 singuli
2187 3097 2586 3171 propemodum
2635 3096 2829 3169 singulas

1837 3180 2116 3233 varietates
2157 3179 2428 3233 exhibent.
2463 3180 2736 3251 vulgatam
2749 3215 2765 3241 ‚
2789 3178 2830 3226 5⁸

1838 3258 2140 3311 multitudine
2175 3260 2272 3311 siba·
2307 3256 2545 3329 confidere
2559 3297 2576 3325 ‚
2611 3252 2828 3313 oudend.

1838 3336 2050 3392 dubitat
2073 3338 2320 3391 latinitati
2347 3352 2772 3401 consentaneum
2789 3344 2830 3387 et

1839 3430 1981 3471 caret
1997 3418 2086 3472 hic
2101 3417 2358 3491 loquendi
2379 3416 2574 3472 modus
2591 3415 2828 3487 exemplis.

1839 3498 1953 3551 Etsi
1985 3516 2113 3569 ergo
2142 3498 2281 3551 nihil
2315 3498 2447 3551 certi
2471 3518 2503 3550 a
2529 3518 2616 3551 me
2643 3493 2830 3568 quidem

1839 3576 1948 3630 dici
1971 3590 2177 3649 potest·
2200 3590 2376 3631 tamen
2394 3578 2622 3634 verbum
2645 3577 2828 3629 mulnh-

1838 3656 1950 3709 dine
1977 3657 2092 3711 sine
2121 3655 2292 3711 dubio
2322 3658 2572 3729 spurium
2592 3670 2696 3719 est,
2720 3666 2766 3707 et
2783 3653 2830 3705 in

1837 3737 2111 3808 prioribus
2132 3738 2311 3791 verbis
2333 3735 2544 3791 codices
2563 3746 2830 3791 constanter

1837 3816 2067 3883 habent,
2090 3818 2176 3870 vel
2197 3822 2282 3890 qui
2309 3837 2407 3871 non
2431 3818 2649 3878 illorum,
2669 3814 2746 3868 vel
2765 3814 2832 3875 qvi

1839 3897 1974 3949 nullo
2002 3898 2208 3950 illorum.
2238 3896 2318 3952 Μ.
2349 3898 2482 3951 Vox
2501 3894 2784 3949 multitudine
2805 3908 2830 3941 ⁸

1838 3977 2021 4030 multis
2053 3974 2212 4031 codd.
2241 3977 2406 4030 abest.
2434 3976 2682 4049 Optimus
2701 3967 2828 4025 Leid-

1837 4074 1891 4122 1,
1909 4057 2111 4123 .‚habet
2139 4060 2311 4129 quippe
2336 4060 2444 4130 quis
2471 4060 2522 4108 in
2545 4057 2728 4108 alona
2739 4048 2830 4121 fil·

1835 4094 1929 4189 si’ba·
1964 4138 2090 4205 cons.
2121 4136 2282 4191 Unde
2320 4134 2590 4193 Oudend.
2606 4130 2828 4195 oonficlt
