3025 5025
601 497 749 571 258
907 498 982 564 C.
1041 488 1326 562 JULII
1385 483 1853 555 CAESARIS
1910 481 2467 548 COMMENT.

595 635 921 725 reciperet
947 615 1262 712 casum),
1294 645 1379 688 ne
1407 614 1868 712 imperatorias
1898 613 2023 680 sibi
2059 625 2283 706 partes
2322 612 2633 679 sumsisse
2669 613 2761 679 vi-

596 741 885 808 deretur.
938 729 1359 826 Pompeianis
1411 745 1727 818 magnam
1770 745 1877 788 res
1934 717 2020 826 ad
2074 732 2417 812 receptum
2470 716 2756 786 difficul-

597 862 801 916 tatem
829 841 1172 910 afferebat.
1203 838 1381 904 Nam
1405 883 1422 916 ,
1453 855 1536 898 ex
1558 830 1785 923 iniquo
1808 826 2146 922 progressi
2170 822 2357 911 loco,
2394 826 2463 890 in
2494 849 2760 892 summo

598 953 1072 1034 constiterant3
1125 947 1178 1013 si
1235 965 1356 1037 per
1399 935 1656 1008 declive
1702 957 1843 1003 sese
1894 933 2304 1026 reciperent,
2361 944 2629 999 nostros
2679 955 2761 998 ex

599 1059 940 1153 superiore
979 1056 1401 1145 insequentes
1437 1045 1587 1113 loco
1626 1040 2069 1110 verebantur:
2100 1061 2316 1132 neque
2352 1035 2641 1106 multum
2678 1035 2763 1103 ad

601 1166 756 1235 solis
801 1182 1113 1232 occasum
1154 1166 1504 1249 supererat
1547 1147 1914 1244 tempori53
1973 1170 2089 1240 spe
2136 1145 2312 1213 enim
2366 1142 2766 1212 conficiendi

602 1272 850 1366 negotii
874 1291 1084 1363 prope
1113 1267 1182 1333 in
1213 1275 1484 1330 noctem
1515 1277 1659 1325 rem
1690 1253 2038 1322 duxerant.
2078 1255 2218 1338 Ita,
2258 1251 2636 1354 necessario
2668 1264 2763 1317 at·

605 1405 736 1473 que
779 1401 860 1444 ex
890 1391 1192 1468 tempore
1231 1382 1429 1462 capto
1467 1359 2147 1453 consili0‚Pompeius
2178 1355 2508 1426 tumulum
2535 1381 2768 1451 quem-

606 1487 761 1554 dam
807 1481 1163 1575 occupavit
1187 1531 1206 1564 ‚
1247 1475 1361 1570 qui
1406 1485 1670 1541 tantum
1710 1468 1939 1536 aberat
1976 1489 2015 1532 a
2058 1478 2289 1532 nostro
2335 1462 2609 1532 castello
2631 1517 2651 1550 ‚
2698 1478 2772 1531 ut

579 1591 814 1662 ‘telum
858 1601 1355 1657 tormentumve
1389 1559 1703 1648 missum⁵
1744 1573 1919 1667 adigi
1954 1595 2093 1640 non
2134 1585 2377 1666 posset.
2417 1570 2571 1638 Hoc
2611 1595 2769 1639 con-

611 1698 781 1767 sedit
834 1695 983 1764 loco
1005 1747 1024 1781 ‚
1067 1705 1267 1785 'atque
1318 1711 1477 1756 eum
1523 1682 1917 1754 communiit
1938 1734 1957 1768 ‚
2000 1699 2363 1772 omnesque
2408 1677 2501 1744 ibi
2544 1679 2773 1772 copias

609 1787 956 1874 continuit.

716 1912 863 1977 LII.
921 1905 1179 1975 Eodem
1213 1916 1518 1993 tempore
1554 1895 1817 1963 duobus
1841 1907 2163 1987 praeterea
2198 1889 2359 1959 locis
2398 1904 2773 1984 pugnatum

607 2031 737 2085 est:
762 2039 918 2082 nam
936 2010 1130 2106 plura
1151 2003 1419 2077 castella
1439 2002 1797 2097 Pompeius
1813 2001 2063 2094 pariter
2079 2053 2097 2086 ,
2122 1995 2511 2066 distinendae
2530 2021 2774 2063 manus

607 2146 843 2206 causa,
868 2130 1278 2200 tentaverat,
1301 2138 1386 2180 ne
1417 2136 1494 2180 ex
1524 2108 1843 2204 proximis
1862 2103 2179 2201 praesidiis
2194 2105 2496 2172 succurri
2524 2118 2775 2197 posset.

609 2232 771 2298 Uno
798 2227 948 2295 loco
980 2223 1327 2293 Volcatius
1355 2216 1590 2303 Tullus
1606 2215 1625 2240 ¹
1665 2217 1989 2308 impetum
2028 2212 2303 2306 legionis
2333 2211 2647 2278 sustinuit
2676 2235 2779 2278 co-

607 2335 915 2404 hortibus
942 2329 1154 2400 tribus
1174 2381 1193 2414 ‚
1235 2341 1434 2420 atque
1475 2341 1621 2391 eam
1654 2321 1804 2390 loco
1834 2319 2127 2416 depulit3
2154 2317 2363 2386 altero
2410 2318 2776 2398 Germani,

609 2443 1014 2511 munitiones
1055 2450 1316 2504 nostras
1361 2432 1643 2526 egressi,
1686 2424 2143 2523 compluribus
2186 2423 2553 2492 interfectis
2576 2477 2597 2508 ,
2634 2448 2778 2491 sese

615 2550 700 2618 ad
743 2571 896 2617 suos
937 2544 1303 2615 incolumes
1347 2551 1762 2632 receperunt.

1744 2717 2103 2789 distinguatur
2116 2736 2145 2768 a
2154 2717 2261 2769 telo
2270 2734 2434 2767 manu
2443 2716 2627 2767 misso.
2640 2716 2784 2767 Male

1743 2798 1908 2868 igitur
1939 2798 2161 2849 Vossius
2183 2795 2535 2865 Davisiusque
2561 2794 2780 2864 legunt:

1746 2879 1889 2929 telum
1912 2890 2143 2927 tormento
2168 2880 2381 2935 missum,
2404 2875 2515 2926 sive
2540 2878 2783 2925 emissum.

617 2746 717 2787 etc.
741 2734 808 2783 Iu
839 2716 1098 2783 omnibus*
1120 2724 1278 2779 editis
1307 2723 1460 2774 libris
1478 2760 1493 2785 ‚
1513 2729 1571 2772 et
1590 2721 1650 2771 in

615 2810 773 2866 codd.
793 2810 1004 2875 multis,
1017 2808 1214 2877 legitur
1232 2822 1244 2855 τ
1266 2822 1374 2875 quoe
1394 2812 1468 2851 res
1496 2812 1654 2851 tamen

618 2894 823 2963 aliquem
866 2894 1094 2959 reciperet
1127 2902 1304 2937 casum.
1344 2882 1507 2933 Abest
1548 2898 1654 2931 vox

622 2984 778 3023 tamen
806 2988 834 3021 a
859 2986 944 3040 pr.
975 2974 1142 3018 fflanu
1168 2966 1226 3015 in
1249 2974 1438 3014 nostro
1469 2958 1654 3012 codice

626 3050 800 3123 5768,
827 3058 881 3101 et
905 3048 962 3099 in
988 3046 1208 3117 optimis
1233 3041 1532 3095 Davisianis
1562 3059 1575 3092 :
1604 3050 1657 3090 at

623 3134 679 3185 in
701 3142 888 3183 nostro
907 3126 1026 3179 cod.
1054 3128 1118 3178 R.
1140 3125 1290 3193 5764
1309 3161 1324 3187 ,
1346 3124 1404 3173 et
1419 3121 1478 3171 in
1501 3116 1653 3171 Leid.

624 3230 727 3265 sec.
742 3250 759 3275 ,
773 3220 827 3262 et
841 3206 1029 3274 palat„
1047 3205 1333 3276 reperitur.
1343 3202 1521 3265 Quam
1536 3200 1579 3251 si
1600 3200 1657 3249 in

625 3304 830 3345 textum
855 3285 1249 3346 admiserimus,
1269 3300 1334 3333 eo
1356 3278 1521 3331 modo
1546 3280 1660 3331 Cae-

627 3383 798 3425 sarem
825 3365 1168 3437 interpretari
1195 3359 1379 3413 licebit
1404 3377 1417 3411 ε
1445 3361 1659 3429 quamvis

620 3452 838 3523 plerique
869 3450 1197 3499 existimarent
1218 3440 1392 3492 bellum
1417 3456 1473 3489 eo
1497 3438 1576 3488 die
1584 3435 1659 3506 fi-

628 3535 728 3589 πίη·
744 3532 957 3600 potuisse
971 3566 986 3589 ,
1021 3538 1178 3576 tamen
1213 3520 1358 3571 aliter
1385 3531 1461 3569 res
1491 3518 1662 3569 cadere

627 3613 886 3665 valuissset
917 3627 934 3659 .·
969 3605 1246 3677 sapienter
1269 3600 1438 3669 igitu'r
1481 3594 1630 3648 'Sulla
1647 3635 1663 3662 ,

632 3694 744 3745 sine
763 3731 776 3758 ,
797 3684 1133 3758 imperatoris
1153 3683 1329 3753 jussu,
1353 3677 1542 3749 prae‘iio
1570 3671 1663 3728 de·

634 3783 840 3825 certare
872 3766 1066 3819 noluit.

719 3848 768 3903 5.
789 3844 1150 3900 Tormentumve
1161 3844 1370 3891 mis-sum.
1393 3836 1666 3907 ‘Interpre-

634 3928 715 3983 tes
738 3937 1011 3999 quaeruut,
1037 3939 1104 3975 an
1135 3929 1463 3974 tormentum
1477 3956 1494 3983 ‚
1518 3914 1665 3987 quod

634 4024 713 4063 est
755 4006 1004 4059 machina
1040 4002 1263 4064 bellica,
1289 3999 1433 4051 mitti
1477 3997 1664 4069 possit.

637 4092 704 4142 At
734 4088 790 4139 h.
815 4086 855 4138 l.
884 4095 1162 4136 tormentum
1191 4078 1358 4149 accipi
1383 4077 1543 4130 debet
1562 4093 1666 4147 pro

635 4166 742 4222 telo
761 4208 774 4231 ,
799 4162 943 4237 quod
966 4180 996 4215 a
1019 4167 1290 4215 tormento
1311 4158 1551 4211 mittitur
1566 4193 1583 4220 ‚
1607 4169 1669 4209 ut

1824 2958 1955 3009 Cn».
1993 2956 2117 3008 LII.
2166 2972 2189 3008 1
2206 2995 2217 3006 .
2274 2956 2332 3005 V
2324 2956 2526 3005 olca'tius
2590 2955 2783 3006 Tullus.

1744 3038 1991 3090 Volcatia
2007 3056 2153 3107 gem,
2167 3036 2375 3107 piebeia
2390 3053 2405 3087 τ
2422 3052 2553 3086 nam
2568 3036 2633 3085 L.
2654 3035 2785 3086 Vol-

1745 3118 1911 3169 catius
1929 3115 2144 3181 Tullus,
2164 3128 2318 3187 pater
2349 3115 2519 3167 nostri
2544 3114 2785 3167 Volcatii

1744 3196 1924 3260 Tulli,
1944 3196 2053 3248 fuit
2080 3197 2205 3249 trib.
2238 3196 2403 3267 pleb.‚
2430 3212 2517 3246 an.
2548 3196 2671 3264 678
2691 3233 2708 3260 ‚
2734 3207 2787 3245 et

1746 3288 1859 3329 erat
1884 3276 2203 3341 consularis;
2242 3275 2386 3328 idem
2440 3290 2641 3344 nempe
2688 3275 2787 3325 fuit

1748 3358 1934 3409 consul
1949 3372 2077 3409 cum
2100 3356 2177 3407 M.
2204 3354 2423 3407 AEmilio
2440 3353 2680 3425 Lepido,
2700 3372 2784 3405 an.

1750 3438 1885 3507 687.
1926 3436 2077 3488 nlius
2104 3448 2303 3487 nomen
2348 3454 2381 3486 a
2412 3432 2671 3487 ‘violentia
2692 3473 2709 3498 ‚
2734 3440 2791 3485 u't

1750 3517 2001 3569 Volcanus
2011 3514 2247 3568 derivari
2262 3515 2450 3568 volunt
2460 3530 2788 3585 ;·cogmomeu

1748 3602 1879 3649 'ver'o
1912 3596 2083 3647 Tullus
2114 3612 2145 3646 a
2172 3596 2407 3659 tollendo,
2431 3606 2644 3646 mutato
2676 3614 2709 3645 ο
2738 3594 2790 3645 in
2834 3636 2845 3651 .

1750 3692 1811 3737 τι,
1840 3688 1975 3727 teste
2005 3676 2242 3727 Valerio,
2262 3676 2459 3727 Noster
2474 3674 2657 3726 autern
2672 3674 2795 3726 reli·

1748 3756 1871 3827 'quit
1886 3755 2062 3809 filium
2084 3756 2179 3825 qui
2202 3756 2306 3807 fuit
2328 3754 2516 3807 consul
2540 3772 2671 3805 cum
2690 3756 2799 3805 Au·

1752 3840 2093 3906 gust03anno
2120 3851 2254 3905 '720-
2270 3836 2535 3887 Nummus
2555 3847 2738 3885 autem
2764 3852 2791 3882 n

1753 3916 1805 3968 J.
1831 3915 2061 3966 Vaillant
2075 3912 2391 3987 descriptus,
2406 3928 2448 3967 t.
2476 3932 2620 3985 κὴρ.
2645 3914 2755 3983 571
2776 3950 2793 3975 ,

1753 3994 1824 4047 ad
1837 3998 2062 4065 patrem,
2074 3996 2426 4065 potiusquam
2442 3992 2703 4045 adfilium
2716 4011 2795 4044 re·

1752 4074 2007 4127 ferendus
2028 4073 2263 4127 videtur.
2289 4070 2385 4127 Est
2412 4092 2580 4127 aereus
2605 4085 2795 4125 secun-

1754 4153 1815 4206 *di
1847 4150 2094 4215 moduli(
2114 4166 2244 4207 num
2284 4154 2359 4207 ἰτι
2398 4164 2527 4208 sun't
2558 4154 2798 4207 semisses
