3025 5025
509 2664 517 2683 ,
630 2593 880 2682 fectuS,
926 2594 1217 2689 primum
1260 2592 1613 2663 Adrumeti
1668 2608 1886 2685 castra
1941 2596 2134 2688 ponit
2180 2620 2196 2661 :

652 433 803 542 450
1442 439 1588 506 DE
1641 441 1994 510 BE.LLO

648 570 997 663 gentiaque
1050 567 1412 662 praeditus,
1457 591 1682 639 nonne
1737 570 2006 640 eniteris
2026 623 2046 658 ,
2091 585 2160 639 et
2217 573 2656 667 proficisceris
2695 575 2771 642 ad

593 689 601 694 '
647 690 957 770 paternas
1010 673 1345 744 clientelas
1370 727 1390 762 ,
1430 677 1752 745 ‘auxilium
1812 679 1936 746 tibi
1995 679 2224 772 reique
2267 679 2548 774 publiea}
2589 693 2771 774 atque

648 783 903 876 optimo
947 785 1189 874 cuique
1226 781 1712 876 efflagitatum?
1745 813 1780 848 2>

750 889 1009 986 XXIII.
1061 889 1183 957 His
1210 887 1435 957 ⁴verbis
1461 889 1756 958 hominis
1783 891 2155 984 gravissimi
2191 892 2504 962 incitatus
2533 885 2772 962 adoles-

642 993 947 1064 centulus
970 1047 988 1082 ,
1034 1017 1187 1063 cum
1230 995 1554 1065 naviculis
1609 997 1934 1090 cujusque
1982 997 2171 1066 modi
2229 1001 2493 1092 generis
2546 995 2773 1098 XXX,

638 1102 803 1170 inibi
841 1101 1069 1195 paucis
1104 1099 1463 1187 rostratis¹,
1496 1103 1842 1197 profectus
1877 1101 1964 1172 ab
2006 1106 2204 1174 Utica
2233 1119 2336 1174 est
2365 1107 2434 1173 in
2465 1109 2772 1176 Maurita-

639 1209 820 1276 niam
840 1261 861 1295 ,
907 1231 1321 1302 regnumque
1374 1208 1672 1302 Bogudis
1698 1207 1718 1233 ²
1782 1225 1884 1278 est
1923 1208 2297 1304 ingressus3
2349 1209 2776 1306 expeditoque

638 1315 963 1409 exercitu,
990 1319 1271 1384 numero
1304 1337 1650 1384 servorum
1666 1367 1686 1404 ,
1722 1315 2086 1386 liberorum
2104 1369 2124 1404 ,
2154 1317 2443 1386 duorum
2479 1318 2774 1402 millium,

640 1422 828 1515 cujus
882 1435 1143 1516 partem
1204 1422 1530 1490 inermem
1557 1475 1576 1509 ,
1625 1433 1886 1516 partem
1931 1438 2257 1492 armatam
2299 1424 2633 1494 habuerat
2649 1478 2668 1513 ,
2701 1425 2774 1492 ad

638 1526 963 1622 oppidum
1002 1530 1345 1596 Ascurum
1376 1528 1696 1598 accedere
1729 1531 1992 1624 eoepit·
2037 1531 2106 1598 in
2143 1552 2280 1625 quo
2323 1530 2575 1625 oppido
2614 1555 2772 1625 prae-

636 1633 878 1704 sidium
916 1634 1041 1702 fuit
1070 1636 1346 1728 regium.
1385 1637 1706 1766 Pompeio
1747 1634 2176 1723 adveniente,
2205 1635 2556 1732 oppidani,
2581 1658 2776 1732 usque

636 1766 719 1810 eo
762 1742 936 1835 passi
978 1741 1255 1834 propius
1310 1727 1670 1810 accedere³
1674 1795 1695 1829 ,
1753 1735 1968 1812 donee·
2025 1743 2110 1812 ad
2169 1745 2344 1837 ipsas
2403 1757 2638 1837 portas
2707 1767 2774 1812 ac

635 1871 905 1916 murum
942 1849 1539 1941 appropinquaret,
1577 1848 1798 1917 subito
1828 1851 2180 1943 eruptione
2215 1849 2393 1919 faeta
2419 1865 2776 1944 prostratos

634 1953 1153 2048 perterritosque
1180 1955 1668 2047 Pompeianos
1650 1973 1719 2022 m
1743 1963 1928 2023 mare
1958 1957 2202 2050 passim
2229 1976 2566 2050 navesque
2603 1979 2776 2026 eom-

561 2078 566 2083 ·
633 2058 969 2154 pulerunt.
989 2062 1117 2147 Ita,
1144 2084 1217 2128 re
1242 2058 1417 2128 male
1444 2075 1652 2154 gesta,
1671 2060 1798 2130 Cn.
1826 2063 2182 2156 Pompeius
2209 2061 2388 2131 filius
2410 2086 2622 2132 naves
2642 2062 2776 2130 inde

634 2167 908 2254 avertit,
941 2189 1157 2260 neque
1196 2181 1431 2260 postea
1466 2167 1624 2236 litus
1669 2169 1924 2262 attigit,
1957 2167 2368 2262 classemque
2411 2167 2500 2236 ad
2542 2168 2776 2238 insulas

632 2271 938 2342 Baleares
972 2295 1207 2342 versus
1252 2271 1602 2343 convertit.
2657 2347 2662 2352 ,

740 2382 998 2451 XXIV.
1058 2379 1319 2474 Scipio¹
1372 2381 1640 2448 interim
1705 2405 1862 2449 eum
1914 2381 1989 2450 iis
2021 2438 2024 2441 .
2051 2381 2258 2475 copiis
2279 2435 2300 2468 ,
2347 2404 2512 2475 quas
2568 2379 2776 2476 paullo

633 2500 787 2555 ante
824 2486 1459 2575 demonstravimus,
1482 2488 1700 2557 Utidae
1739 2485 1982 2582 grandi
2014 2487 2322 2582 praesidio
2349 2485 2620 2577 relicto,
2643 2509 2775 2583 pro-

2256 2592 2498 2664 deinde
2533 2620 2772 2689 paucos

632 2699 773 2768 dies
813 2700 907 2770 ibi
950 2714 1440 2789 commoratuS,
1475 2715 1684 2769 noctu
1722 2701 1956 2770 itin-ere
1995 2700 2216 2789 factO,
2254 2726 2411 2771 cum
2447 2702 2690 2771 Petreii
2718 2714 2775 2769 et

629 2806 915 2875 Labieni
952 2808 1162 2901 copiis
1190 2828 1260 2875 se
1289 2806 1680 2901 conjungit-t
1719 2821 1918 2900 atque
1951 2809 2104 2876 unis
2131 2808 2365 2877 eastris
2405 2808 2638 2895 factis„
2661 2808 2774 2877 tria

536 2961 541 2973 ·
624 2911 840 2981 millia
870 2937 1187 3008 passuum
1222 2908 1421 3009 longe
1458 2912 1833 2983 considunt.
1873 2912 2228 3007 Equitatus
2259 2915 2526 2983 interim
2557 2937 2772 2983 eorum

638 3160 643 3165 ·
712 3132 845 3185 Cu·-
858 3130 1063 3183 XXIII.
1091 3147 1114 3182 1
1127 3170 1139 3183 .
1164 3129 1296 3183 Inibi
1316 3133 1491 3199 paucis
1510 3142 1656 3185 roser.

632 3212 699 3263 In
718 3211 911 3281 quibus
932 3222 1083 3262 erant
1098 3226 1283 3281 paucae
1301 3221 1560 3262 rostrato.
1579 3208 1656 3261 M.

630 3290 809 3343 Jurin.
842 3289 973 3342 velit
1002 3294 1053 3341 in
1080 3290 1177 3351 his,
1212 3290 1298 3341 vel
1330 3292 1391 3340 in·
1412 3292 1487 3341 iis.

719 3391 747 3424 2
756 3411 769 3423 .
780 3372 1089 3441 Regnumque
1096 3366 1335 3437 Bogudis.
1347 3370 1459 3421 Rex
1467 3365 1658 3439 Bogud

633 3451 1017 3503 infensissimus
1047 3460 1161 3502 erat
1194 3446 1228 3499 J
1230 3449 1348 3501 uboe
1385 3447 1505 3519 'regi
1545 3446 1662 3499 Nu-

633 3530 812 3583 midiae
827 3548 843 3597 3
857 3527 1003 3581 unde
1012 3541 1189 3599 partes
1206 3526 1528 3581 Caesarianas
1545 3544 1658 3580 am·-

632 3612 821 3682 plexus
860 3622 1003 3675 erat3
1041 3620 1185 3661 recte
1223 3606 1443 3679 quidem
1474 3624 1489 3660 ε
1536 3621 1664 3659 nam

632 3690 723 3744 hic
748 3710 841 3743 rex
881 3708 912 3741 a
942 3690 1147 3741 Caesare
1178 3686 1473 3741 commilito
1503 3704 1662 3741 voea-

632 3773 792 3826 batur
812 3810 828 3839 ,
855 3771 1007 3841 cujus
1042 3786 1267 3821 uxorem
1309 3768 1537 3821 Eunoen
1585 3766 1665 3819 di·

633 3850 833 3904 lexerat
850 3888 867 3918 ,
882 3849 971 3904 cui
997 3860 1053 3901 et
1080 3848 1183 3919 ipsi
1206 3848 1439 3919 plurima
1469 3859 1524 3899 et
1561 3847 1662 3899 im-

634 3934 816 3984 mensa
834 3929 1044 3994 tribuit,
1074 3941 1205 3981 teste
1236 3924 1493 3981 Suetonio
1507 3965 1526 3992 ,
1543 3944 1659 3999 cap.

612 4011 730 4065 ’δι
756 4010 903 4063 Bello
928 4022 1053 4081 pos-t
1081 4020 1311 4061 mortem
1332 4006 1555 4061 Caesaris
1576 4008 1663 4059 in-

634 4104 715 4143 ter
750 4090 1045 4145 Antonium
1092 4102 1146 4141 et
1186 4086 1470 4143 Octavium
1508 4100 1662 4152 orto,

1751 3124 1946 3200 Bogud
1985 3127 2054 3181 ad
2103 3130 2404 3183 Antonium
2447 3130 2690 3194 transiit,
2729 3141 2774 3180 et

1751 3206 2025 3262 Methone
2071 3210 2139 3260 ab
2179 3207 2417 3280 Agrippa
2433 3246 2452 3276 ,
2493 3210 2590 3279 qui
2639 3210 2770 3261 illam

1751 3290 1948 3341 urbem
1978 3300 2191 3359 cuperat
2207 3326 2222 3345 ‚
2243 3284 2564 3342 ⁴interfectus
2587 3302 2680 3342 ent.
2703 3318 2774 3331 --

1752 3368 1970 3422 Numa-0
2007 3380 2262 3421 mmm.
2309 3367 2447 3421 eod.
2483 3369 2690 3431 Petam,
2717 3366 2779 3418 nd

1749 3464 2020 3509 numer-m,
2045 3459 2108 3499 ut
2131 3449 2192 3502 B.
2223 3448 2314 3509 G„
2356 3467 2380 3500 1
2401 3486 2416 3516 ,
2455 3448 2553 3501 15.-

1835 3529 1887 3582 3.
1912 3530 2122 3598 Propius
2145 3528 2386 3581 accedere.
2421 3528 2605 3599 Vulgo
2637 3526 2766 3581 inne-

1747 3620 1878 3661 mnt
1889 3624 1994 3659 oum
2003 3646 2016 3669 ,
2035 3605 2184 3678 quod
2199 3608 2257 3668 in
2265 3607 2430 3661 variis
2445 3604 2612 3661 codd.
2623 3604 2770 3658 deest.

1829 3687 1962 3742 Cn.
1993 3684 2200 3741 XXIV.
2251 3704 2300 3739 1.
2341 3686 2525 3757 Scipio..
2581 3686 2661 3739 De
2713 3702 2769 3736 eo

1749 3770 1971 3839 ejusque
1994 3779 2151 3838 gente
2169 3765 2298 3821 vide
2317 3784 2479 3838 supra
2503 3765 2639 3819 Bell.
2665 3765 2772 3817 Cim

1748 3847 1846 3901 lib.
1881 3863 1982 3912 ιιι,
2011 3864 2057 3899 c.
2089 3848 2181 3901 31.
2211 3845 2450 3899 ——·Um's
2471 3840 2774 3897 meriaco-

1751 3924 1900 3981 dices
1931 3928 2154 3993 Lovan„
2185 3930 2346 3981 aer-iac.
2387 3924 2548 3979 Unde
2572 3925 2774 3985 Heium,

1751 4007 1937 4061 altenis.
1968 4005 2103 4060 cod.
2131 4004 2306 4072 Leid„
2329 4008 2468 4059 bini-s.
2489 4003 2672 4059 Nostri
2693 4020 2772 4054 oo-

1751 4085 1898 4142 dices
1911 4127 1926 4157 ,
1945 4090 2052 4141 unis
2071 4091 2259 4141 castra
2271 4114 2354 4131 --
2372 4088 2492 4139 Tria
2505 4086 2773 4153 millium·
