3025 5025
645 539 651 552 ⁴
705 535 846 604 DE
900 537 1251 606 BELLO
1309 539 1687 608 CIVILI.
1748 539 1945 610 LIB.
2000 542 2055 609 Ι.
2377 537 2473 612 85

322 660 488 732 dum
517 663 715 734 etiam
745 665 1092 738 vocabulis
1123 683 1693 740 armamentorum
1721 671 2001 766 cognitis
2022 665 2085 760 )‚
2113 685 2257 741 tum
2278 673 2479 740 etiam

323 771 654 862 gravitate
689 787 760 842 et
795 772 1102 844 tarditate
1147 777 1419 846 navium
1463 776 2039 872 impediebantur:
2070 778 2259 848 factae
2298 780 2478 848 enim

326 864 592 946 subito⁴
621 903 707 952 ex.
733 877 1012 950 humida
1037 884 1316 952 materia
1329 936 1350 973 ‚
1389 909 1531 954 non
1558 883 1869 954 eumdem
1898 909 2092 954 usum
2129 883 2483 956 celeritatis

327 981 684 1054 habebant.
719 989 993 1081 ltaque,
1026 988 1188 1058 dum
1225 987 1412 1060 locus
1455 991 1757 1060 cominus
1792 991 2135 1086 pugnandi
2177 990 2481 1079 daretur,

328 1113 516 1184 aequo
559 1095 786 1162 animo
829 1093 1119 1189 singulas
1153 1095 1331 1164 binis
1373 1097 1655 1166 navibus
1690 1095 2125 1189 objiciebant,
2156 1113 2355 1192 atque
2381 1099 2479 1166 in-

319 1194 494 1286 jecta
526 1221 737 1268 manu
765 1199 1013 1289 ferrea,
1035 1216 1104 1271 et
1127 1215 1386 1273 retenta
1415 1216 1701 1297 utraque
1726 1227 1929 1289 nave,
1967 1203 2209 1273 diversi
2235 1228 2485 1298 pugna-

331 1299 490 1372 bant
509 1357 530 1391 ,
569 1319 771 1400 atque
801 1308 871 1374 in
897 1307 1194 1378 hostium
1233 1333 1438 1379 naves
1473 1308 2065 1397 transcendebant3
2098 1323 2198 1397 et,
2235 1333 2481 1404 magno

331 1431 612 1480 numer-o
641 1411 1030 1483 Albicorum
1058 1429 1124 1482 et
1144 1429 1486 1512 pastorum
1520 1415 1871 1486 interfecto
1889 1469 1908 1502 ,
1929 1429 2187 1511 partem
2211 1418 2483 1486 navium

333 1513 756 1610 deprimunt3
794 1518 1146 1589 nonnullas
1179 1546 1335 1590 cum
1364 1522 1745 1591 hominibus
1774 1523 2081 1616 capiunt;
2108 1519 2431 1617 reliquas
2414 1547 2485 1590 m

335 1637 605 1714 portum
651 1624 1080 1720 compellunt.
1115 1629 1219 1696 Eo
1255 1628 1363 1696 die
1404 1653 1611 1758 navses
1644 1627 2153 1700 Massiliensium
2183 1654 2337 1698 cum
2372 1630 2485 1716 iis,

337 1752 475 1822 quae
531 1746 693 1800 sunt
734 1747 978 1826 captae,
1023 1735 1359 1804 intereunt
1400 1719 1567 1802 1X⁵.

429 1839 616 1906 LIX.
677 1842 829 1908 Hoc
871 1841 1165 1934 primum
1209 1855 1285 1910 ut
1329 1843 1575 1910 Caesari
1618 1839 1702 1908 ad
1737 1840 2027 1910 Ilerdam
2046 1839 2063 1863 ¹
2104 1841 2483 1928 nuntiatur,

335 1942 558 2031 simul,
587 1944 888 2038 perfecto
916 1961 1122 2040 ponte
1143 2000 1164 2035 ,
1193 1947 1494 2018 celeriter
1524 1945 1792 2018 fortuna
1820 1962 2133 2018 mutatur.
2166 1944 2308 2035 Illi,
2342 1972 2485 2043 per-

335 2051 542 2119 territi
603 2052 852 2120 virtute
909 2054 1246 2146 equitum,
1301 2055 1520 2140 minus
1580 2051 1853 2141 libere²‚
1894 2055 2114 2123 minus
2168 2053 2487 2122 audacter

337 2156 791 2249 vagabantur:
825 2156 984 2226 alias
994 2212 1018 2245 ,
1062 2183 1200 2227 non
1235 2158 1438 2254 longo
1473 2159 1559 2228 ab
1588 2161 1818 2228 castris
1858 2161 2191 2254 progressi
2235 2161 2448 2254 spatio
2468 2213 2489 2247 ‚

337 2275 410 2330 ut
447 2260 736 2332 celerem
776 2280 1120 2359 receptum
1163 2265 1489 2345 haberent
1507 2318 1529 2353 ‚
1574 2267 1916 2359 angustius
1957 2263 2488 2360 pabulabantur3

337 2365 494 2442 alias
539 2369 842 2464 longiore
888 2372 1210 2440 circuitu:
1237 2371 1573 2444 custodias
1602 2371 2046 2464 stationesque
2076 2373 2375 2464 equitum
2401 2372 2491 2439 vi·

417 2599 470 2656 4.
497 2592 675 2645 Factoe
697 2595 821 2643 enim
845 2592 1194 2665 subito.Supra
1210 2631 1226 2659 ‚
1251 2612 1367 2667 cap.
1459 2598 1675 2655 incenso,
1706 2596 1989 2645 interierunt
2006 2612 2027 2644 .·
2063 2609 2164 2662 pro
2192 2591 2351 2644 Arch.
2370 2628 2388 2655 ‚
2422 2598 2491 2659 43

342 2671 431 2726 36.
447 2704 530 2715 —-
541 2674 597 2725 E
596 2693 634 2724 x
671 2673 867 2725 humida
905 2679 1142 2727 materia..
1171 2674 1370 2747 Et’hoc
1457 2693 1599 2725 sacra
1617 2672 1807 2726 Clodioe
1821 2676 1980 2741 gentis
1997 2690 2085 2722 cur
2100 2676 2373 2723 intereunt?
2390 2690 2492 2741 pro

335 2764 415 2805 est
428 2790 444 2818 ‚
459 2749 611 2823 quod
625 2750 922 2805 cavendum
945 2766 1128 2805 monet
1151 2753 1338 2824 Veget.
1355 2792 1370 2819 ‚
1459 2754 1618 2805 Dom.
1646 2771 1739 2805 sua
1751 2790 1768 2818 ‚
1801 2770 1824 2804 1
1839 2752 1869 2805 3
1883 2770 1931 2805 ι’.

337 2831 374 2885 l.
405 2852 464 2895 ν,
499 2850 549 2901 c.
599 2836 632 2885 6
655 2850 670 2883 ε
701 2832 780 2885 Ne
809 2836 1061 2895 continuo,
1099 2845 1156 2884 ut
1176 2832 1373 2902 dejectoe
1540 2833 1671 2887 Car.
1697 2832 1840 2885 LIX.
1874 2849 1922 2883 1.
1944 2830 2057 2883 Hoc
2072 2833 2282 2901 primum
2302 2842 2359 2881 ut
2376 2829 2489 2882 Coe-

329 2912 525 2979 suerint
553 2911 710 2963 trabes
723 2951 739 2974 ‚
785 2924 999 2963 secentur
1009 2933 1031 2974 ,·
1064 2912 1152 2963 vel
1171 2916 1335 2964 statim
1351 2950 1368 2975 ,
1459 2916 1565 2964 sari
1596 2912 1667 2963 ad
1692 2911 1901 2964 Ilerdam
1935 2914 2205 2963 nunciatur.
2244 2911 2327 2962 Ita
2354 2907 2491 2964 Cod.

343 3004 397 3043 ut
419 3004 563 3044 sectae
581 2993 804 3059 fuerint,
827 2994 1082 3043 mittantur
1105 2995 1155 3043 in
1177 3012 1374 3055 navem3
1460 3005 1642 3049 noster
1667 2992 1732 3045 R.
1764 2992 1914 3063 5768
1934 3009 1950 3057 ;
1976 2990 2107 3043 alter
2140 2988 2292 3061 5764
2320 2987 2493 3055 idem,

341 3072 574 3145 siquidem
605 3084 656 3123 et
687 3072 846 3123 adhuc
871 3072 1042 3123 solidoe
1074 3071 1292 3135 arbores,
1329 3083 1379 3123 et
1460 3072 1567 3125 nisi
1597 3070 1746 3143 quod
1778 3073 1835 3125 τὸ
1875 3083 1930 3123 ut
1963 3070 2231 3123 omittitur
2257 3088 2271 3121 τ
2314 3082 2367 3123 at
2398 3088 2494 3122 nef·

335 3154 440 3221 jam
475 3152 646 3203 divisoe
674 3171 766 3222 per
804 3150 994 3203 tabulas
1034 3150 1247 3222 duplices
1259 3189 1275 3213 ‚
1311 3150 1382 3203 ad
1462 3151 1747 3205 cessarium
1773 3163 1869 3203 est.
1898 3150 2149 3221 vulgaris
2178 3161 2257 3203 est
2286 3162 2341 3203 et
2370 3149 2496 3203 trita

345 3234 572 3302 majorem
612 3234 895 3293 siccitatem,
925 3242 1196 3283 mereantur
1236 3230 1377 3283 indu
1459 3230 1664 3285 locutio
1690 3229 1835 3303 apud
1856 3231 2165 3301 scriptores,
2202 3242 2258 3281 ut
2268 3234 2494 3299 primum.

344 3316 443 3363 cias
455 3333 478 3374 ;
517 3330 630 3363 nam
648 3348 664 3373 ,
712 3330 820 3381 quoe
852 3311 1034 3381 virides
1067 3313 1378 3381 compingun-
1465 3311 1697 3381 Vulgata
1712 3310 1871 3365 lectio
1888 3309 2077 3363 habet:
2102 3310 2190 3361 Ιιοσ
2218 3307 2408 3361 Coesari
2432 3308 2503 3360 ad

349 3403 453 3453 tur,
484 3410 630 3463 quum
659 3395 871 3444 nativum
899 3391 1138 3443 humorem
1169 3390 1378 3443 exsuda-
1459 3390 1681 3475 ‘Ilerdam
1698 3395 1945 3455 nunciato,
1974 3402 2151 3443 secuta
2168 3387 2499 3441 emendatio·

355 3475 529 3534 verint,
557 3470 930 3533 contrahuntur,
955 3482 1005 3521 et
1027 3474 1171 3522 rimas
1184 3471 1385 3536 faciunt
1467 3489 1593 3523 nem
1614 3470 1761 3523 Petri
1789 3470 1964 3523 Ciacc.
1977 3468 2109 3540 ‚qui
2140 3465 2388 3526 audacter
2415 3468 2502 3520 ni-

353 3550 575 3613 Iatiores‚
597 3570 692 3625 quo
719 3550 845 3601 nihil
861 3562 934 3602 est
955 3550 1268 3621 periculosius
1299 3570 1384 3603 na-
1467 3550 1603 3616 mis,
1622 3564 1676 3605 et
1696 3563 1883 3603 contra
1905 3547 2113 3602 codices
2127 3583 2144 3612 ‚
2160 3558 2363 3599 textum
2383 3566 2502 3599 mu·

355 3630 642 3703 rigantibus.
1468 3629 1621 3683 tavit.
1643 3628 1801 3682 Idem
1820 3614 2062 3681 aiebatin
2074 3623 2233 3679 codd.
2249 3642 2305 3677 se
2318 3625 2505 3697 legisse

437 3710 488 3763 5.
504 3712 758 3764 Inter-eunt
765 3729 942 3762 novem.
956 3710 1158 3762 Inter-ire
1168 3709 1386 3781 proprie
1463 3710 1691 3781 praelium
1708 3727 1809 3781 pro
1815 3713 2023 3778 primum
2032 3728 2053 3769 ,·
2068 3722 2235 3777 quum
2251 3723 2380 3777 vero
2394 3725 2505 3759 non

355 3788 552 3844 dicitur
577 3787 645 3844 de
673 3788 1014 3853 animalibus,
1041 3808 1153 3841 non
1178 3786 1246 3841 de
1270 3790 1386 3841 ina·
1471 3790 1717 3843 nomine-t
1755 3786 1913 3839 codd.
1956 3787 2075 3839 illos
2093 3823 2110 3849 ‚
2145 3784 2427 3837 lectionem
2453 3798 2507 3839 et

357 3870 600 3935 nimatis;
623 3868 889 3942 eleganter
913 3882 1090 3921 tamen
1117 3866 1228 3921 de
1211 3868 1387 3921 mani·
1475 3866 1900 3923 emendationem
1915 3862 2227 3937 rejiciendas
2242 3864 2506 3918 existimo.

359 3951 508 4003 matis
535 3948 766 4013 dicitur,
810 3960 926 4004 tum
961 3944 1104 4025 apud
1145 3960 1390 4001 nostrum
1562 3967 1613 4000 2.
1646 3946 1814 4001 Minus
1856 3944 2018 4000 libere.
2057 3944 2184 3999 Haec
2222 3943 2379 3999 codd.
2412 3945 2510 3999 ha-

359 4024 656 4099 (B.C.,11‚
686 4030 791 4094 163
815 4028 928 4095 111,
955 4046 1056 4098 ²73
1075 4026 1242 4094 Hire,
1256 4028 1389 4080 Bell.
1475 4026 1637 4092 bem,
1657 4038 1709 4079 et
1728 4038 1905 4078 tamen
1924 4026 2102 4081 omisit
2119 4023 2476 4097 Oudendorp.
2462 4061 2511 4090 .,

361 4110 536 4175 Alex„
558 4129 607 4162 c.
640 4129 668 4162 2
683 4127 746 4171 1,
771 4118 880 4163 etc.
889 4105 938 4173 );
957 4120 1072 4160 tum
1095 4105 1239 4179 apud
1259 4106 1392 4161 Tul-
1478 4118 1543 4159 ut
1581 4107 1827 4166 observat
1862 4105 2079 4173 Oberl„
2117 4124 2299 4159 errore
2332 4105 2512 4158 forsan

360 4189 527 4243 lium'
511 4206 724 4263 ipsum·
709 4228 724 4242 .
746 4186 927 4247 tabula.-
945 4207 1101 4241 omnes
1115 4226 1132 4257 ,
1155 4186 1394 4245 tabulario
1477 4185 1885 4264 typographico.

2056 4286 2148 4370 6.
