3025 5025
645 463 787 532 DE
840 461 1190 532 BELLO
1247 461 1623 532 CIVILI.
1682 465 1872 533 LIB.
1930 467 2029 535 II.
2276 495 2415 568 177

265 597 683 692 inopinantes
718 596 952 664 hostes‘
983 592 1468 690 aggrediuntur
1500 619 1517 663 τ
1559 596 1869 666 Numidae
1903 601 2111 690 enim,
2134 605 2422 697 quadam

263 704 548 772 barbara
564 701 1081 789 consuetudine,
1099 699 1299 771 nullis
1323 701 1669 772 ordinibus
1692 706 1937 797 passim
1962 710 2417 782 consederant.

183 854 188 868 ι
263 814 400 880 Hos
445 835 802 906 oppressos
845 833 1082 878 somno
1109 823 1178 878 et
1203 809 1537 904 dispersos
1572 809 1789 880 adorti
1804 836 2163 908 ,magnum
2186 842 2422 888 eorum

259 942 617 987 numerum
667 915 1129 985 interficiunt·
1175 912 1369 984 multi
1419 907 1757 1010 perterriti
1799 918 2210 1015 profugiunt.
2262 927 2423 1015 Quo

261 1023 473 1113 facto,
515 1023 606 1092 ad
652 1024 1018 1092 Curionem
1061 1023 1314 1116 equites
1356 1045 1553 1092 revel
1554 1036 1822 1112 tuntur,
1860 1029 2291 1124 captivosque
2334 1033 2421 1102 ad

263 1156 412 1200 eum
451 1079 809 1200 ieducunt.

359 1239 699 1307 XXXIX.
771 1238 979 1306 Curio
1035 1259 1191 1304 cum
1247 1235 1559 1306 omnibus
1608 1239 1823 1332 copiis
1890 1255 2130 1335 quarta
2194 1243 2421 1338 vigilia

261 1346 550 1428 exierat,
595 1342 992 1413 cohortibus
1029 1343 1095 1411 V
1132 1342 1364 1412 castris
1402 1343 1717 1436 praesidio
1766 1344 2065 1416 relictis:
2099 1375 2418 1444 progres-

261 1477 366 1520 sus
405 1398 621 1520 millia
666 1473 984 1546 passuum
1029 1473 1184 1537 sex,
1229 1449 1481 1544 equites
1538 1451 1904 1520 convenit¹
1911 1507 1931 1541 ,
1974 1480 2119 1524 rem
2165 1471 2420 1552 gestam

261 1559 624 1653 cognovit3
666 1581 750 1626 ex
786 1555 1064 1650 captivis
1113 1558 1356 1649 quaerit
1379 1609 1398 1643 ‚
1443 1557 1592 1652 quis
1634 1559 1866 1629 castris
1908 1559 1993 1628 ad
2046 1562 2420 1657 Bagradam

260 1667 480 1758 praesit
507 1662 541 1732 Ρ
585 1662 1072 1758 Respondent,
1109 1661 1458 1732 Saburam.
1524 1661 1812 1758 Reliqua
1882 1667 2103 1737 studio
2170 1671 2421 1742 itineris

261 1770 666 1842 conficiendi
720 1793 1018 1864 quaerere
1061 1771 1544 1887 praetermittit3
1588 1767 2026 1868 proximaque
2062 1779 2421 1887 respiciens

259 1879 444 1974 signa
463 1932 486 1966 ,
539 1907 576 1942 α
622 1875 1018 1963 Videtisne,
1065 1873 1325 1969 inquit,
1370 1875 1648 1966 milites,
1695 1881 2115 1973 captivorum
2176 1879 2420 1954 oratio-

257 2010 410 2054 nem
441 2010 604 2054 cum
633 1983 934 2078 perfugis
972 1981 1380 2051 convenire?
1409 1979 1641 2052 abesse
1674 2009 1935 2080 regem,
1971 1991 2240 2084 exiguas
2278 2017 2422 2061 esse

259 2095 486 2188 copias
524 2091 797 2178 missas,
845 2113 999 2182 :quae
1037 2090 1266 2184 paucis
1303 2091 1638 2184 equitibus
1687 2115 1881 2186 pares
1924 2117 2068 2164 esse
2110 2121 2248 2165 non
2289 2124 2419 2193 po·-

254 2196 582 2268 tuerunt?
620 2197 907 2267 Proinde
943 2194 1028 2264 acl
1070 2195 1401 2290 praedam,
1433 2197 1517 2266 ad
1564 2197 1846 2292 gloriam
1902 2219 2260 2297 properate
2286 2258 2305 2292 ‚
2343 2222 2423 2275 ut

250 2306 384 2399 jam
431 2306 522 2374 de
566 2306 860 2401 praemiis
901 2303 1140 2372 vestris
1165 2355 1185 2390 ,
1222 2316 1292 2371 et
1329 2302 1414 2372 de
1458 2303 1811 2374 referenda
1849 2309 2061 2400 gratia
2121 2313 2419 2405 cogitare

253 2413 674 2508 incipiamus.
706 2441 741 2476 >2
776 2414 990 2479 Erant
1021 2433 1144 2504 per
1173 2433 1243 2478 se
1279 2434 1554 2504 magna,
1582 2435 1729 2506 quae
1760 2430 2102 2506 gesserant
2136 2420 2418 2512 equites,

253 2521 633 2615 praesertim
675 2542 883 2613 quum
913 2542 1148 2587 eorum
1178 2518 1454 2612 exiguus
1497 2543 1827 2621 numerus
1848 2544 2005 2589 cum
2030 2536 2220 2593 tanta
2249 2526 2418 2595 mul-

255 2628 546 2697 titudine
591 2624 1040 2696 Numidarum
1104 2623 1527 2693 conferretur
1566 2651 1581 2692 ε
1628 2624 1774 2694 haec
1832 2641 2061 2697 tamen
2114 2630 2200 2697 ab
2260 2633 2421 2726 ipsis

250 2734 553 2803 inflatius
592 2730 1327 2819 commemorabantur,
1363 2746 1442 2800 ut
1470 2732 1555 2801 de
1598 2732 1732 2801 suis
1770 2733 2073 2803 homines
2113 2734 2421 2808 laudibus

250 2837 546 2911 libenter
570 2835 989 2934 praedicant².
1012 2835 1233 2907 Multa
1254 2852 1579 2933 praeterea
1600 2838 1811 2934 spolia
1834 2831 2420 2935 praeferebantur3,

327 3038 469 3091 Cu».
503 3034 763 3089 xxm.
801 3053 851 3086 1.
886 3034 1092 3107 Equites
1125 3050 1293 3093 eonve-
1380 3052 1483 3087 nus
1518 3052 1698 3105 2supra
1754 3036 1945 3091 citatus
1995 3040 2207 3093 volebat
2249 3046 2418 3113 profe·

249 3121 336 3169 nit.
351 3119 444 3169 Ita
462 3134 668 3167 omnes.
688 3117 760 3168 At
774 3113 1074 3166 Hotmanus
1091 3130 1156 3164 ex
1174 3113 1303 3188 ‘1⁰55
1382 3114 1611 3165 rebantur
1622 3153 1639 3180 ,
1678 3116 1825 3169 nulla
1872 3118 2038 3172 fretus
2085 3122 2417 3178 auctoritate.

246 3195 482 3250 busdam
499 3193 655 3247 libris
671 3198 874 3256 invenit,
903 3191 1052 3265 quod
1067 3194 1295 3246 verbum
1381 3193 1717 3248 Generaliter
1730 3234 1747 3261 ,
1780 3195 2071 3252 admodum
2116 3200 2302 3255 infelix
2340 3218 2420 3264 est

247 3278 482 3348 glossam
509 3272 748 3341 redolet3
774 3286 1027 3327 caeterum
1059 3270 1296 3325 notanda
1380 3273 1440 3325 in
1467 3274 1577 3327 suis
1602 3274 2065 3332 emendationibus
2084 3279 2416 3350 Hotmanus,

247 3369 326 3410 est
345 3353 596 3410 vividior
622 3354 734 3407 haec
761 3353 1016 3417 narratio,
1048 3370 1155 3424 qua
1179 3351 1294 3404 sal-
1381 3364 1444 3405 ut
1464 3356 1576 3424 jam
1605 3354 2097 3412 animadverterunt
2126 3362 2317 3416 critici.
2337 3396 2418 3406 —

248 3435 545 3495 lunianum
563 3434 881 3487 brevitatem
899 3431 1142 3504 adaequat
1159 3432 1291 3485 Coes.
1381 3434 1619 3485 Homines
1660 3440 1945 3507 equitesque.
1988 3439 2133 3492 Petr.
2167 3441 2417 3497 Ciaccon.

331 3538 390 3571 α.
429 3515 508 3568 Ut
528 3515 588 3566 de
613 3517 712 3566 suis
741 3515 950 3567 homines
978 3512 1200 3565 laudibus
1231 3512 1295 3563 la·-
1382 3525 1436 3565 et
1447 3513 1633 3567 Hotm.
1648 3534 1715 3567 ex
1733 3518 2038 3587 conjectura
2058 3521 2418 3621 reponebant,

247 3598 420 3649 beuter
428 3595 722 3667 praedicant.
740 3591 902 3647 Unde
921 3593 1129 3645 Ennius
1140 3630 1156 3657 ‚
1171 3591 1297 3645 01η-
1382 3597 1515 3664 capti
1526 3593 1733 3646 homines
1747 3598 1957 3669 equique.
1975 3598 2185 3651 Verum
2196 3622 2254 3653 το
2232 3582 2418 3654 ‘homi-

247 3698 330 3729 nes
375 3675 610 3727 mortales
653 3694 752 3725 sese
795 3673 991 3726 laudare·
1035 3682 1293 3743 exoptant,
1382 3690 1492 3735 nes,
1519 3693 1621 3746 pro
1642 3678 1756 3737 viri,
1790 3693 1940 3747 aeque
1966 3675 2166 3731 dicitur
2182 3701 2279 3734 κατ
2283 3679 2419 3745 ’-ἐξο

246 3756 599 3828 xenophon:
619 3750 794 3816 ἦδιςον
821 3754 1051 3824 ἄκουσμα
1069 3753 1295 3816 locat-eoa
1381 3754 1501 3820 χὴν,
1523 3752 1593 3807 de
1623 3753 1913 3825 peditibus.
1945 3756 2064 3811 Liv.
2090 3776 2207 3825 ιιι,
2230 3780 2277 3813 c.
2310 3780 2413 3831 ²7·
2399 3805 2412 3816 .

249 3850 303 3891 et
320 3836 406 3889 Μ.
432 3836 580 3888 Tull.
601 3846 736 3888 orat.
761 3853 864 3905 pro
887 3832 1084 3886 Archia
1107 3844 1295 3903 poeta,
1383 3852 1568 3884 omnem
1600 3839 1753 3904 ripam
1789 3840 1967 3906 equites
2009 3842 2198 3912 virique
2233 3840 2416 3893 obtine·

246 3934 295 3971 c.
331 3934 384 3970 11
406 3935 421 3970 ε
449 3917 501 3968 T
495 3916 712 3968 rahimur
735 3934 893 3966 omnes
915 3912 1074 3965 laudis
1102 3911 1292 3972 studia,
1385 3912 1523 3965 bant.
1547 3913 1640 3965 Sil.
1670 3914 1838 3967 Italic.
1856 3952 1873 3981 ‚
1900 3915 1937 3968 l.
1961 3934 2041 3982 11,
2073 3938 2125 3972 v.
2163 3920 2307 3989 559:

248 4011 298 4049 gt
319 4002 532 4069 optimus
557 3999 757 4069 quisque
788 3997 994 4047 maxime
1020 3992 1182 4063 gloria
1205 3990 1298 4042 du·
1385 4008 1537 4063 Magn·
1567 4022 1665 4049 voce
1682 4008 1854 4049 'trahem
1886 4013 2137 4067 equitemque
2160 4046 2172 4065 ‚
2205 4019 2409 4073 virosque.

249 4082 405 4131 citur·
1625 4076 1801 4132 feroque

339 4159 400 4212 3.
427 4156 860 4226 Praefirebantur..
897 4152 1052 4209 Idem
1075 4152 1300 4207 Henna·
1385 4147 1615 4202 12:213„-
1634 4146 1781 4190 ”⁰¹⁶⁰
1788 4174 2041 4192 ··········
2096 4195 2100 4200 -

362 4258 466 4327 II.
1956 4276 2041 4323 12
