3025 5025
558 479 698 548 DE
754 477 1100 546 BELLO
1154 476 1525 546 CIVILI.
1584 477 1773 546 LIB.
1828 479 1929 548 11.
2200 473 2343 551 155

311 614 531 684 XXII.
559 609 1010 680 Massilienses
1025 662 1046 697 ‚
1073 609 1382 678 omnibus
1401 608 1643 680 defessi
1668 609 1857 679 malis
1871 665 1892 698 ‚
1918 609 2015 680 rei
2041 609 2346 682 frumen-

227 721 385 790 tariae
439 719 524 788 ad
577 742 908 788 summam
967 717 1264 812 inopiam
1321 716 1591 786 adducti
1613 769 1634 804 ‚
1688 717 1789 786 bis
1844 717 2071 813 praelio
2126 719 2348 788 navali

219 829 520 923 superati,
557 826 810 896 crebris
840 823 1300 919 eruptionibus
1335 822 1466 893 fusi
1480 878 1499 912 ‚
1525 826 1713 918 gravi
1744 825 1945 894 etiam
1974 824 2349 920 pestilentia

219 935 560 1004 conflictati
616 959 698 1002 ex
750 931 1006 1002 diutina
1066 929 1495 1000 conclusione
1542 945 1610 1000 et
1664 934 2034 1000 mutatione
2085 934 2303 1002 victus
2328 987 2349 1021 ‚

219 1035 475 1136 (panico
511 1042 692 1111 enim
719 1053 946 1108 vetere
970 1037 988 1061 ¹
1033 1051 1230 1133 atque
1268 1037 1527 1108 hordeo
1568 1054 1889 1134 corrupto
1932 1063 2167 1108 omnes
2214 1039 2347 1108 ale·

221 1149 442 1217 bantur
459 1202 480 1236 ‚
517 1144 700 1244 quod
719 1201 742 1235 ‚
790 1146 876 1215 ad
918 1144 1320 1239 hujusmodi
1342 1169 1533 1215 casus
1584 1147 1949 1240 antiquitus
1994 1161 2305 1242 paratum
2328 1199 2349 1230 ‚

224 1256 280 1324 in
317 1255 658 1350 publicum
695 1245 1168 1342 contulerant)
1211 1251 1470 1346 dejecta
1504 1255 1675 1323 turri
1689 1306 1710 1341 ,
1738 1252 2065 1324 labefacta
2106 1257 2351 1348 mag‘na

225 1377 388 1456 parte
421 1365 600 1431 muri
627 1415 646 1450 ,
685 1359 943 1430 auxiliis
993 1362 1494 1455 provinciarum
1540 1376 1611 1429 et
1650 1362 2065 1429 exercituum
2117 1356 2347 1455 despe-

225 1472 364 1540 ratis
383 1523 403 1558 ‚
445 1495 614 1566 quos
655 1469 726 1538 in
771 1469 1050 1538 Caesaris
1095 1481 1495 1562 potestatem
1543 1469 1803 1538 venisse
1852 1481 2311 1562 cognoverant
2330 1521 2349 1554 ‚

226 1599 346 1646 sese
398 1576 644 1646 dedere
695 1577 838 1644 sine
900 1574 1135 1643 fraude
1163 1628 1182 1662 ‚
1239 1575 1671 1644 constituunt.
1730 1574 1865 1644 Sed
1912 1575 2143 1669 paucis
2196 1589 2351 1642 ante

221 1681 430 1753 diebus
455 1687 533 1752 L.
572 1684 942 1765 DomitiuS‚
972 1683 1239 1777 cognita
1266 1679 1783 1751 Massiliensium
1821 1679 2199 1769 voluntate,
2232 1704 2350 1748 na-

219 1790 390 1860 vibus
427 1790 646 1859 tribus
677 1790 1111 1884 eomparatiS,
1135 1812 1218 1857 ex
1251 1788 1494 1882 quibus
1534 1787 1700 1859 duas
1745 1787 2182 1857 familiaribus
2218 1790 2352 1857 suis

219 1897 594 1966 attribuerat
617 1951 637 1979 ,
683 1921 888 1964 unam
947 1897 1090 1991 ipse
1147 1893 1630 1964 conscenderat
1657 1949 1679 1983 ,
1730 1891 1966 1964 nactus
2011 1893 2351 1963 turbidam

219 2016 700 2098 tempestatem,
729 2015 844 2072 est·
865 2003 1225 2098 profectus.
1266 2004 1468 2071 Hunc
1504 2003 1907 2098 conspicatae
1940 2027 2175 2090 naves,
2204 2027 2353 2096 quae

211 2110 384 2203 jussu
440 2112 632 2180 Bruti
660 2108 682 2134 ²
730 2109 1211 2180 consuetudine
1255 2108 1643 2203 quotidiana
1694 2108 1780 2178 ad
1828 2124 2103 2204 portum
2153 2133 2352 2178 excu-

216 2296 414 2368 phaeum
453 2295 640 2369 spoliis
673 2307 928 2348 onustum
957 2312 1083 2347 cum
1119 2293 1234 2366 epi·

216 2378 400 2450 graphe
439 2396 603 2448 supra
638 2388 948 2428 memorata.
983 2372 1137 2427 Idem
1176 2373 1236 2426 in

214 2475 302 2509 suo
327 2459 611 2511 consulatu
639 2455 992 2529 triumphavit
1021 2453 1090 2507 de
1115 2454 1238 2506 Gal·

213 2538 273 2590 lis
297 2551 350 2591 et
373 2539 692 2609 Liguribus,
721 2550 786 2590 ut
809 2548 1072 2589 testantur
1099 2552 1239 2588 mar·

213 2636 382 2671 mora.

211 2706 269 2750 M.
293 2704 584 2752 fflfflmvs
603 2704 671 2750 M.
701 2705 752 2749 F.
792 2705 860 2749 M.
872 2704 931 2749 N.
956 2703 1236 2749 LEPIDVS·

481 2777 660 2821 ΑΝΝΟ
681 2776 960 2827 DLxxllx,

237 2848 360 2894 COS.
381 2848 470 2895 DE
492 2847 830 2893 uevmnvs
855 2846 935 2893 ET
967 2846 1202 2893 GALLIS.

212 2936 388 2989 Nostri
416 2948 595 2989 autem
621 2934 816 3007 Lepidi
852 2934 1022 2987 multa
1063 2934 1238 2987 varia·

211 3034 304 3087 qne
364 3014 662 3069 admodum
719 3028 846 3070 sunt
899 3013 1235 3067 numismata.

211 3095 392 3150 AEditis
415 3096 620 3149 curulis
648 3096 822 3148 fuerat
838 3112 964 3148 cum
983 3095 1062 3147 M.
1088 3094 1238 3147 Mar-

213 3176 366 3243 oeno,
397 3196 485 3229 an.
519 3194 630 3247 7⁰¹
651 3212 667 3242 ,
695 3188 752 3229 et
774 3192 840 3228 eo
860 3188 1102 3246 tempore
1127 3192 1238 3247 quo

211 3273 344 3310 nnnc
370 3257 574 3328 agitur,
604 3274 688 3309 an.
719 3261 832 3327 704
851 3292 868 3320 ,
890 3255 1150 3307 urbanam
1177 3255 1242 3307 il-

210 3334 304 3389 lam
321 3349 618 3409 putaram
640 3334 938 3397 exercebat,
961 3352 1126 3406 quam
1144 3352 1238 3387 vo-

212 3419 396 3471 oab-nt
411 3418 788 3490 prafecturam
831 3415 1010 3478 urbis,
1043 3414 1240 3486 cuique

213 3499 430 3550 munima
467 3508 702 3569 potestas
735 3496 1071 3549 tribuebatur
1102 3514 1132 3549 ι
1161 3496 1240 3547 le-

211 3576 384 3646 gib-n,
415 3578 858 3649 quotiescumque
891 3576 1138 3628 consules
1169 3573 1240 3627 ad

212 3654 404 3710 benum
438 3658 796 3728 longinquum
827 3655 1238 3727 proficisceban-

214 3744 304 3791 tur.
337 3736 428 3790 Ad
449 3736 510 3789 id
531 3736 723 3789 alludit
749 3732 1044 3789 secundum
1076 3735 1238 3806 hujus

215 3817 486 3870 numisma.
525 3818 702 3888 Caput
734 3818 917 3869 Romu
940 3816 1204 3886 galeatum
1220 3850 1238 3879 ,

215 3894 366 3951 Rom
382 3915 398 3950 :
417 3914 484 3951 ex
509 3895 731 3950 advena
751 3896 1007 3968 clypeus:
1031 3896 1107 3949 M.
1141 3896 1240 3946 Αι-

216 3990 348 4031 nm.
370 3978 450 4031 M.
474 3978 538 4031 F.
569 3978 639 4043 Q.
665 3978 735 4030 N.
765 3978 1021 4029 Lm’mvs.
1056 3975 1234 4027 Pnnr.

213 4070 372 4113 mle.
391 4057 600 4111 Cetera
621 4076 688 4111 ex
704 4059 818 4127 ejus
837 4055 1060 4111 historia
1079 4072 1236 4128 repc-

216 4142 398 4191 tantur.

1404 2293 1539 2346 CAP.
1554 2294 1733 2347 XXII.
1753 2311 1776 2345 1
1789 2333 1801 2344 .
1819 2294 2009 2344 Pam‘co
2027 2295 2152 2344 enim
2173 2305 2351 2347 vetere.

1323 2371 1486 2438 Quod
1509 2391 1623 2424 non
1638 2373 1869 2424 multum
1889 2372 2207 2424 nutrimenti
2224 2391 2357 2443 prai-

1321 2453 1416 2504 bet
1438 2469 1452 2504 z
1481 2471 1654 2525 eoque
1694 2450 1883 2504 durior
1912 2469 2025 2504 sors
2056 2451 2354 2504 Massilien-

1321 2533 1477 2585 sium.
1522 2533 1783 2586 Panicum
1821 2532 2022 2585 Groecis
2054 2533 2229 2603 ἔλυμος
2250 2568 2265 2589 ,
2301 2544 2355 2585 et

1324 2614 1494 2683 μελίνη
1526 2631 1587 2665 ac
1610 2614 1745 2683 μίλιν
1750 2632 1799 2672 ος
1824 2611 1956 2665 aliis.
1978 2610 2117 2664 Usos
2144 2612 2355 2665 eoGal·

1321 2693 1422 2761 los,
1436 2704 1490 2744 et
1505 2690 1753 2764 inprimis
1766 2690 2080 2763 Aquitanos,
2094 2708 2159 2743 ex
2176 2690 2355 2744 Plinio

1323 2771 1595 2826 discimus.
1637 2770 1792 2825 Idem
1828 2768 2040 2843 prodit,
2068 2772 2165 2825 lib.
2192 2788 2350 2837 1111,

1322 2870 1440 2924 cap.
1471 2853 1575 2916 25,
1602 2872 1633 2905 a
1658 2852 1844 2905 Diocle
1868 2850 2079 2905 medico
2100 2852 2353 2923 panicum

1323 2934 1649 3005 appellatum
1682 2933 1843 2986 fuisse
1874 2932 1971 2985 md
1982 2934 2233 3001 fingimu-
2258 2932 2353 2985 sed

1322 3012 1608 3067 mendose:
1627 3032 1754 3065 nam
1766 3014 1967 3066 siccum
1980 3024 2078 3078 est,
2084 3030 2185 3065 nec
2196 3013 2353 3065 multi

1322 3092 1595 3157 alimenti3
1625 3092 1737 3147 vid.
1771 3092 1985 3148 salmas.
2007 3092 2065 3145 in
2093 3092 2261 3147 Solin.
2292 3113 2349 3165 p.

1325 3176 1400 3242 89'
1433 3188 1485 3226 et
1523 3176 1635 3227 516
1662 3174 1845 3227 :vilius
1860 3176 2099 3241 frumenti
2128 3192 2281 3243 genas
2305 3186 2358 3225 et

1323 3257 1496 3307 minuti
1521 3258 1685 3324 grani.
1722 3254 1827 3307 Hie
1858 3251 2094 3306 notanda
2132 3266 2211 3305 est
2244 3255 2352 3306 ele-

1320 3335 1628 3405 gantissima
1658 3346 1713 3387 et
1734 3353 1860 3387 vere
1886 3332 2235 3389 Ciceroniana
2255 3351 2351 3405 pe-

1321 3413 1506 3467 riodus
1521 3450 1539 3479 ‚
1556 3414 1704 3485 quod
1726 3416 1897 3467 rarius
1923 3411 2068 3485 apud
2090 3413 2353 3466 Caesarem

1323 3495 1574 3548 occurrit.
1593 3494 1745 3547 luins
1760 3512 1891 3549 vero
1902 3492 2222 3547 concinnior
2232 3510 2357 3563 per-2

1323 3575 1603 3645 spicuitas,
1634 3573 1845 3647 liquido
1885 3586 2071 3625 tenore
2115 3570 2237 3623 fluit
2283 3568 2353 3623 ad

1323 3656 1595 3727 exemplar
1610 3672 1797 3707 eorum
1816 3653 1911 3725 qui
1926 3652 2155 3723 cupiunt
2170 3670 2255 3701 ore
2276 3668 2356 3701 ro-

1325 3736 1476 3787 tando
1501 3736 1653 3806 loqui.

1408 3835 1460 3867 α.
1485 3815 1639 3866 lum
1653 3812 1817 3865 Bruti.
1841 3810 2003 3863 Multi
2024 3806 2183 3863 codd.
2212 3810 2355 3863 inter

1323 3910 1460 3964 quos
1487 3905 1669 3945 noster
1697 3894 1763 3944 R.
1800 3894 1953 3961 5764
1976 3908 1991 3943 :
2014 3893 2190 3953 mam,-
2222 3890 2351 3943 item

1321 3972 1446 4027 edd.
1479 3970 1754 4033 nonndtae
1783 3984 1911 4025 vett.
1944 3975 2015 4025 At
2040 3968 2162 4024 eod.
2197 3971 2349 4041 5768

1323 4066 1378 4105 et
1407 4054 1497 4105 alii
1524 4064 1764 4105 nostram
1790 4051 2076 4105 lectionem
2098 4052 2355 4105 exhibent

1323 4150 1443 4204 quo
1462 4144 1718 4205 prostare
1734 4131 1965 4187 videtur.
1991 4134 2131 4186 Nam
2156 4133 2357 4188 Brutus
