3025 5025
567 477 666 563 84
883 478 958 546 C.
1015 474 1301 544 JULII
1355 474 1819 544 CAESARIS
1875 473 2425 544 COMMENT.

560 609 772 679 mines
814 609 1032 703 asperi
1070 621 1138 677 et
1175 605 1517 676 montani²
1536 661 1557 695 ‚
1599 607 1938 676 exercitati
1978 608 2046 674 in
2103 608 2344 676 armis:
2374 620 2575 702 atque
2618 605 2711 694 ii,

562 714 765 786 modo
803 713 1077 834 digressi
1107 739 1146 782 a
1183 713 1741 801 MassiliensibuS,
1774 727 2109 782 recentem
2137 738 2371 782 eorum
2399 711 2715 816 pollicita·

563 825 814 891 tionem
851 822 1083 890 animis
1119 821 1582 907 continebant3
1624 835 2052 914 pastoresque
2092 819 2428 906 indomiti,
2472 845 2589 914 spe
2634 811 2711 886 li·

562 927 836 998 bertatis
862 929 1160 1015 excitati,
1199 927 1322 998 sub
1364 925 1573 996 oculis
1601 924 1853 995 domini
1894 951 2077 997 suam
2117 926 2402 1021 probare
2437 949 2716 1020 operam

562 1035 932 1104 studebant.

667 1142 916 1212 LVIII.
946 1142 1084 1236 Ipsi
1110 1138 1589 1228 Massilienses,
1626 1155 1694 1208 et
1724 1138 2055 1209 celeritate
2081 1141 2387 1228 navium,
2412 1153 2481 1208 et
2509 1141 2715 1209 scien-

559 1247 650 1316 tia
692 1247 1214 1343 gubernatorum
1258 1246 1525 1334 confisi‚
1559 1261 1823 1316 nostros
1866 1244 2254 1333 eludebant,
2291 1247 2713 1342 impetusque

558 1379 792 1422 eorum
823 1352 1278 1448 excipiebant:
1308 1367 1408 1439 et,
1445 1353 1668 1447 quoad
1703 1351 1945 1422 licebat
1978 1350 2213 1422 latiore
2242 1351 2489 1447 spatio¹
2508 1407 2527 1442 ‚
2564 1365 2717 1448 pro-

555 1459 760 1529 ducta
786 1459 1047 1556 longius
1072 1461 1248 1547 acie,
1282 1461 1765 1528 circumvenire
1791 1473 2055 1528 nostros
2072 1513 2093 1546 ‚
2125 1475 2241 1528 aut
2272 1457 2575 1555 pluribus
2603 1484 2717 1528 na-

555 1567 750 1635 vibus
774 1565 1020 1635 adoriri
1041 1563 1360 1661 singulaS‚
1385 1579 1501 1635 aut
1522 1567 1739 1634 remos
1760 1580 2290 1635 transcurrentes
2309 1564 2688 1660 detergere'
2693 1619 2713 1654 ,

557 1674 610 1742 si
642 1687 963 1776 possent,
1008 1670 1535 1761 contendebant3
1576 1697 1783 1767 quum
1832 1675 2107 1767 propius
2148 1687 2293 1741 erat
2334 1673 2711 1803 nescessario

554 1791 869 1863 ventum,
897 1779 982 1846 ab
1014 1779 1285 1848 scientia
1311 1779 1835 1873 gubernatorum
1877 1793 2075 1873 atque
2104 1763 2439 1847 artificiis3
2469 1774 2555 1847 ad
2585 1781 2714 1848 vir·

555 1899 767 1954 tutem
785 1898 1256 1954 montanorum
1283 1884 1776 1979 confugiebant.
1806 1887 2038 1955 Nostri
2048 1885 2264 1979 ,quod
2285 1886 2508 1954 minus
2530 1909 2712 1955 exer·

555 1993 773 2060 citatis
789 1991 1149 2086 remigibus
1160 1992 1508 2084 minusque
1524 1992 1749 2086 peritis
1764 1991 2318 2086 gubernatoribus
2328 1993 2711 2082 utebantur,

552 2087 720 2191 (qui
756 2112 1028 2192 repente
1060 2121 1142 2165 ex
1182 2096 1500 2166 onerariis
1544 2099 1827 2167 navibus
1870 2113 2061 2166 erant
2101 2097 2450 2193 producti,
2491 2124 2709 2194 neque

644 2317 694 2350 2.
713 2297 946 2349 Homines
972 2301 1130 2368 asperi
1152 2308 1202 2348 et
1227 2300 1456 2350 montani.
1473 2297 1586 2350 Ve-

557 2388 662 2448 get.
687 2377 724 2430 l.
762 2396 786 2428 1
807 2415 824 2442 ‚
853 2395 899 2429 c.
930 2378 962 2429 8
987 2395 1001 2428 :
1030 2378 1294 2448 Nunquam
1321 2377 1464 2428 credo
1485 2395 1587 2446 po-

560 2459 703 2508 tuisse
737 2455 972 2519 dubitari,
1003 2459 1235 2528 aptiorem
1272 2459 1418 2506 armis
1445 2459 1591 2507 rusti-

557 2557 661 2588 cam
678 2538 864 2607 plebem
878 2576 892 2599 ‚
915 2556 1022 2607 quae
1047 2537 1133 2588 sub
1163 2536 1248 2586 dio
1273 2548 1323 2586 et
1353 2540 1405 2586 in
1425 2535 1589 2603 labore

555 2621 770 2669 nutritur
777 2638 796 2679 ;
821 2617 936 2668 solis
963 2620 1156 2688 patiens
1171 2636 1193 2677 ;
1223 2616 1401 2667 umbroe
1427 2612 1587 2685 negli-

555 2717 674 2767 gens
698 2718 718 2758 ,·
747 2697 1025 2747 balnearum
1074 2698 1232 2746 nescia
1245 2715 1266 2756 ;
1308 2694 1587 2745 deliciarum

559 2782 766 2845 ignara,-
792 2777 1018 2846 simplicis
1061 2778 1211 2826 animi
1225 2794 1244 2835 ‚·
1273 2792 1428 2844 parvo
1471 2792 1587 2825 con-

563 2868 694 2908 tenta
707 2876 727 2917 ;
755 2855 945 2905 duratis
969 2854 1040 2905 ad
1060 2872 1240 2906 omnem
1267 2854 1482 2905 laborum
1511 2866 1587 2904 to-

561 2937 814 2987 lerantiam
827 2933 1074 2995 membris;
1089 2937 1167 2985 cui
1176 2942 1364 3002 gestare
1368 2934 1559 3000 fier-rum
1566 2972 1583 2997 ‚

548 3018 738 3083 fossam
769 3014 936 3065 ducere
949 3052 962 3074 ‚
988 3033 1106 3065 onus
1117 3016 1253 3080 ferre
1264 3052 1278 3075 ‚
1300 3013 1589 3065 consuetudo

559 3097 621 3147 de
644 3114 756 3145 rure
780 3105 865 3145 est.

645 3174 773 3227 Cu».
807 3173 1008 3225 LVIII.
1046 3191 1093 3225 1.
1125 3173 1203 3224 Et
1232 3172 1395 3243 quoad
1416 3171 1593 3223 licebat

564 3256 736 3307 latiore
759 3257 932 3323 spatio.
951 3252 1029 3304 Ea
1055 3252 1212 3305 lectio
1241 3265 1319 3304 est
1346 3251 1591 3305 emenda-

563 3336 642 3388 tio
669 3333 1055 3398 recemiorum3
1079 3352 1205 3385 nam
1233 3330 1390 3385 codd.
1417 3333 1590 3385 nostri

564 3427 618 3467 et
631 3412 881 3467 Oudend.
902 3412 1131 3466 habent:
1163 3425 1214 3463 et
1235 3430 1328 3482 quo
1345 3412 1595 3464 alliciebat

566 3496 738 3551 latiore
755 3506 844 3546 aut
855 3497 1036 3564 spatio,
1061 3504 1150 3545 etc.
1170 3492 1379 3544 Vitiose
1403 3490 1588 3543 admo-

567 3573 728 3629 dum:
759 3572 852 3627 sed
879 3571 1005 3625 inde
1037 3572 1233 3624 certior
1269 3590 1429 3642 quam
1467 3572 1588 3623 vul·

567 3667 686 3726 gata
714 3654 872 3707 lectio
917 3652 1038 3705 elici
1063 3652 1339 3723 potuisset.
1365 3652 1588 3704 Vossius

564 3748 770 3806 partem
807 3733 923 3786 veri
951 3730 1090 3785 vidit
1129 3748 1437 3803 proponens
1480 3735 1555 3782 uti
1569 3770 1586 3798 ,

564 3833 666 3887 pro
690 3826 779 3866 aut
795 3814 880 3866 vel
903 3824 972 3865 ut.
993 3810 1155 3878 Quod
1168 3812 1211 3863 si
1231 3830 1332 3883 pro
1353 3812 1446 3882 q'uo
1471 3812 1586 3863 alli·

564 3894 723 3945 ciebat
751 3892 1051 3963 reposueris
1079 3892 1242 3963 quoad
1273 3890 1473 3957 licebat,
1496 3891 1591 3944 ha-

561 3973 712 4026 bebis
731 3990 745 4025 3
768 3972 932 4045 quoad
939 3972 1112 4023 licebat
1131 3973 1302 4024 latiore
1316 3974 1390 4023 uti
1399 3976 1582 4043 spatio,

561 4047 678 4125 quae
689 4052 848 4105 lectio
862 4051 996 4105 mihi
1013 4071 1042 4105 a
1057 4052 1274 4105 Caesaris
1285 4070 1447 4106 manu
1465 4071 1589 4125 pro·

561 4134 695 4187 fecta
715 4130 945 4199 videtur.
1215 4144 1222 4152 “

1762 2318 1813 2351 2.
1840 2299 2014 2350 Remos
2046 2311 2419 2351 transcurrentes
2444 2299 2709 2370 detergere.

1674 2376 1761 2430 Sic
1790 2379 1970 2430 Latini
1995 2378 2194 2431 habent
2209 2419 2224 2443 ,
2243 2391 2296 2431 et
2319 2379 2505 2433 Livius
2522 2381 2709 2448 dest-m-

1670 2477 1787 2526 gere
1806 2477 1979 2523 remos,
2010 2458 2198 2531 Polyb.
2222 2459 2336 2520 τοὺς
2360 2466 2571 2531 ταρσοῢς
2597 2463 2709 2533 θρά-

1671 2558 1768 2590 νειν
1785 2574 1802 2604 ,
1840 2538 2069 2610 Appian.
2108 2537 2373 2610 συντρίῧειν
2390 2578 2408 2606 ,
2435 2539 2708 2595 Diodorus

1673 2636 1775 2687 παρ
1782 2618 1992 2688 ασὺρειν.
2003 2618 2707 2675 -Transcurrentes.Trans-

1673 2696 2297 2767 currend0.—-Detergere
2304 2700 2497 2751 maxim
2503 2719 2586 2752 am
2595 2701 2709 2754 vim

1672 2775 1835 2827 habet
1852 2776 1919 2829 ad
1940 2776 2239 2829 notandum
2255 2778 2515 2850 impetum
2532 2782 2703 2847 navis,

1674 2868 1727 2908 et
1757 2857 1907 2927 quasi
1928 2876 2040 2909 uno
2058 2857 2167 2909 ictu
2187 2859 2379 2911 fractos
2409 2878 2600 2913 remos.
2618 2861 2707 2916 Sic

1674 2932 1743 2987 (le
1772 2949 1933 2989 vento
1959 2936 2238 3000 Horatius,
2258 2936 2365 2991 Od.
2388 2938 2484 2991 lib.
2523 2959 2582 3007 1,
2608 2939 2700 2994 od.

1648 3032 1859 3078 ‚v11,v.
1902 3016 2010 3068 15.

1673 3102 1825 3147 Albus
1842 3112 1897 3147 ut
1913 3102 2115 3149 obscuro
2132 3104 2344 3167 deterget
2360 3105 2524 3153 nubila
2541 3108 2661 3153 coelo

1673 3174 1803 3234 Saepe
1828 3175 1979 3219 Notus
1982 3209 2143 3222 ......

1673 3253 1761 3306 Sic
1795 3274 2007 3309 serenos
2044 3256 2157 3310 dies
2188 3259 2255 3311 ab
2290 3258 2523 3331 antiquis
2558 3272 2707 3315 tet-sos

1675 3335 1929 3406 appellari
1941 3375 1958 3398 ,
1976 3354 2041 3390 ex
2058 3337 2254 3390 'Verrio
2277 3338 2461 3392 Festus
2478 3343 2703 3396 notavit.

1758 3414 1809 3467 3.
1827 3414 2087 3486 Artficiis.
2110 3416 2282 3471 Codd.
2302 3438 2425 3491 pars
2446 3422 2701 3489 maxima,

1675 3491 1875 3563 artificis
1888 3534 1903 3556 ,
1926 3495 2123 3567 artificii
2134 3536 2149 3559 ,
2168 3496 2405 3569 artificum
2420 3520 2441 3552 .-
2456 3500 2587 3553 ferri
2608 3521 2709 3573 po·

1674 3584 1777 3625 test
1800 3574 2048 3628 ultimum
2070 3578 2295 3629 verbum
2320 3598 2428 3650 quo
2446 3577 2705 3635 denotan-

1674 3665 1764 3705 tur
1784 3656 2007 3727 remiges
2024 3657 2143 3727 ipsi.
2163 3656 2267 3711 Sed
2282 3667 2495 3729 praestat
2516 3674 2705 3716 nostra

1671 3733 1828 3785 lectio
1856 3753 1974 3805 quae
2013 3738 2359 3792 confirmatur
2389 3741 2707 3795 auctoritate

1672 3811 1793 3865 cod.
1825 3816 1995 3868 nostri
2023 3817 2209 3887 57643
2237 3831 2290 3871 et
2320 3838 2381 3871 ea
2411 3838 2543 3871 voce
2574 3821 2703 3874 alias

1672 3893 1844 3945 utitur
1870 3895 2075 3963 Caesar,
2106 3898 2143 3950 l.
2174 3915 2254 3963 11,
2284 3899 2345 3951 B.
2372 3900 2465 3965 C.‚
2490 3918 2606 3972 cap.
2636 3904 2701 3954 6:

1672 3972 1902 4044 Artificio
1930 3976 2302 4045 gubernatorum
2332 3979 2461 4030 locus
2490 3978 2705 4033 dabatur

1672 4054 1929 4106 mobilitati
1952 4061 2155 4111 navium.
2172 4055 2304 4112 Vid.
2329 4060 2601 4113 Drakenb.
2632 4060 2701 4114 ad

1673 4132 1765 4193 Sil,
1779 4151 1854 4199 tv,
1870 4154 1901 4204 7
1915 4136 1993 4199 15,
2000 4148 2201 4206 pontum
2210 4150 2418 4191 tractare
2423 4158 2517 4211 per
2526 4153 2695 4195 artem.
