3025 5025
972 447 1048 517 C.
1106 447 1405 515 JULII
1461 445 1941 514 CAESARIS
1997 447 2560 516 COMMENT.

1256 565 1279 608 4

670 471 815 544 292

661 581 975 652 idoneum
1012 579 1233 647 locum
1317 579 1385 645 in
1408 579 1584 672 agris
1619 593 1852 648 nactus
1878 631 1900 666 ‚
1936 603 2084 674 quae
2121 604 2332 675 prope
2370 581 2512 672 jam
2547 594 2775 670 matura

660 701 802 754 erat
825 741 844 774 ,
872 687 963 754 ibi
999 682 1359 755 adventum
1396 699 1779 778 exspectare
1818 687 2150 780 Pompeii,
2173 691 2384 780 eoque
2405 710 2665 756 omnem
2693 710 2782 754 ra-

660 795 911 862 tionem
948 791 1102 860 belli
1140 791 1445 860 conferre
1491 792 1848 860 constituit.

766 901 1117 968 LXXXII.
1178 898 1532 991 Pompeius
1564 898 1791 992 paucis
1820 911 1973 992 post
1995 898 2226 966 diebus
2246 897 2264 920 ¹
2299 900 2368 966 in
2401 898 2776 966 Thessaliam

658 1006 1005 1101 pervenit3
1049 1005 1614 1101 concionatusque
1659 1003 1840 1097 apud
1876 1018 2194 1073 cunctum
2237 1005 2600 1073 exercitum
2621 1058 2639 1090 ‚
2673 1007 2780 1072 suis

658 1114 795 1206 agit
827 1111 1101 1205 gratia33
1130 1110 1457 1203 Scipionis
1477 1107 1718 1204 milites
1755 1110 2184 1197 cohortatur,
2229 1138 2264 1174 c<
2298 1124 2376 1178 ut
2394 1161 2412 1193 ,
2448 1124 2642 1204 parta
2666 1111 2784 1202 jam.

552 1280 560 1298 x
656 1220 939 1288 victoria
958 1271 977 1304 ‚
1016 1215 1255 1311 praedoe
1304 1239 1385 1284 ac
1426 1216 1852 1309 praemiorum
1895 1214 2104 1284 velint
2157 1240 2299 1284 esse
2342 1217 2720 1310 participes:
2746 1247 2776 1282 1>

656 1327 1071 1418 receptisque
1108 1322 1417 1390 omnibus
1447 1323 1514 1388 in
1547 1345 1680 1388 una
1709 1336 1928 1390 castra
1961 1320 2328 1415 legionibus
2352 1375 2370 1409 ,
2415 1347 2611 1390 suum
2653 1347 2779 1390 cum

656 1433 961 1524 Scipione
998 1430 1327 1498 honorem
1354 1429 1673 1520 partitur,
1705 1427 2182 1521 classicumque
2209 1427 2389 1522 apud
2417 1452 2572 1496 eum
2600 1426 2781 1512 cani²‚

656 1553 722 1606 et
766 1536 1049 1606 alterum
1078 1533 1168 1602 illi
1190 1535 1380 1627 jubet
1423 1535 1811 1627 praetorium
1843 1533 2058 1615 tendi..
2087 1535 2316 1602 Auctis
2349 1537 2560 1628 copiis
2603 1537 2782 1602 Pom·

655 1645 784 1737 peii
812 1696 831 1729 ‚
886 1641 1279 1733 duobusque
1324 1640 1583 1732 magnis
1627 1641 2024 1710 exercitibus
2067 1641 2440 1732 conjunctis
2462 1693 2483 1726 ,
2529 1643 2782 1734 pristina

656 1750 952 1817 omnium
972 1746 1407 1818 confirmatur
1433 1746 1684 1840 opini0‚
1709 1761 1777 1815 et
1805 1771 1954 1841 spes
1981 1747 2278 1815 victoriae
2305 1761 2592 1840 augetur
2611 1747 2783 1835 aden,

654 1951 799 2004 enim
837 1949 1173 2002 collectivum
1216 1967 1415 2001 nomen
1461 1961 1542 2002 est
1583 1969 1686 2020 pro

656 2035 801 2092 cives,
834 2043 893 2081 ut
919 2032 1030 2099 jam
1060 2029 1361 2081 notavimus
1393 2026 1461 2080 ad
1487 2029 1582 2081 lib.
1599 2031 1686 2094 Π,

654 2111 715 2162 Β.
748 2110 838 2174 C.,
864 2128 911 2161 c.
946 2113 997 2161 6.
1030 2108 1285 2160 Cellarius
1306 2109 1540 2160 offensus
1567 2129 1688 2160 ταυ-

654 2190 826 2244 τότητι
858 2199 1069 2259 pareret.
1088 2228 1100 2240 .
1122 2226 1134 2238 .
1155 2227 1168 2240 .
1181 2190 1393 2255 faceret,
1427 2189 1688 2258 proponit

648 2279 864 2338 pateret,
894 2286 1173 2338 perperam
1200 2285 1214 2320 :
1252 2265 1395 2338 apud
1424 2268 1686 2320 Caesarem

654 2349 799 2400 enim
821 2367 995 2418 parere
1018 2359 1071 2400 et
1096 2351 1327 2417 imperata
1354 2347 1524 2412 facere
1564 2366 1684 2418 pas·

654 2429 754 2482 sim
777 2432 961 2499 juncta
991 2426 1241 2498 reperias,

736 2516 790 2573 4.
826 2508 1011 2578 Segetis
1032 2507 1251 2559 idoneum
1271 2506 1443 2559 locum.
1472 2504 1684 2560 Scilicet

656 2590 836 2643 locum
851 2587 1125 2651 idoneum,
1140 2598 1509 2657 opportunum
1523 2604 1687 2657 prop-

656 2682 738 2723 ter
752 2682 981 2740 segetem
1000 2686 1118 2739 quae
1132 2667 1209 2718 ibi
1224 2678 1351 2717 erat.
1370 2667 1495 2717 Vox
1507 2670 1684 2735 segetis

655 2750 805 2801 abest
830 2768 857 2801 a
886 2746 1045 2801 codd.
1077 2745 1356 2817 permultis
1374 2758 1473 2812 ,·et
1504 2764 1534 2797 a
1559 2765 1682 2797 nos-

659 2840 744 2879 tro
769 2829 833 2879 R.
873 2828 1022 2897 5764
1051 2844 1065 2878 :
1095 2827 1153 2877 in
1180 2826 1346 2878 altero
1376 2837 1581 2889 autem,
1605 2844 1686 2877 re-

657 2907 829 2977 posita
864 2907 968 2958 fuit
1002 2905 1061 2957 in
1091 2905 1347 2975 margine.
1379 2904 1685 2957 Necessaria

659 3000 839 3038 tamen
876 2998 981 3049 est,
1012 2998 1233 3055 propter
1256 2985 1422 3037 verba
1452 3003 1570 3055 quoe
1599 3002 1681 3037 se·

656 3078 917 3137 quantur.
945 3065 1215 3117 Bentleius
1239 3062 1406 3116 deleri
1434 3064 1586 3133 jubet
1609 3084 1682 3114 se-

656 3150 806 3214 getis,
843 3156 895 3197 et
925 3142 1051 3197 dein
1089 3143 1191 3215 legi
1221 3160 1234 3194 :
1269 3147 1382 3213 quia
1404 3162 1556 3213 prope
1575 3145 1684 3213 jam

662 3237 851 3277 matura
888 3230 1029 3275 erant
1052 3226 1319 3290 frumenta.
1356 3222 1480 3274 Non
1511 3223 1650 3275 male
1665 3260 1684 3289 ,

658 3304 753 3357 sed
784 3304 898 3356 sine
928 3304 1256 3356 auctoritate.

742 3385 871 3438 Cu».
887 3384 1164 3436 LXXXH.
1185 3400 1207 3433 1
1220 3422 1232 3434 .
1244 3382 1501 3451 Pompeius
1512 3386 1684 3452 paucis

655 3477 770 3535 post
791 3463 979 3523 diebus,
994 3474 1083 3513 etc.
1102 3462 1229 3513 Post
1254 3461 1475 3513 Coesaris
1498 3480 1528 3513 a
1541 3463 1686 3531 Dyr-

658 3542 1185 3597 rhachio‘discessum
1197 3578 1214 3604 ‚
1228 3539 1412 3592 habito
1426 3558 1511 3611 ap.
1530 3541 1687 3592 Pom·

658 3626 841 3694 peium
870 3622 1095 3675 consilio
1112 3659 1128 3686 ,
1160 3620 1406 3672 censebat
1434 3620 1686 3673 Afranius

660 3705 908 3767 classem,
934 3721 1041 3774 qua
1069 3701 1305 3759 valebat,
1336 3718 1445 3752 esse
1474 3700 1689 3753 mitten·

660 3783 785 3836 dam
802 3784 859 3834 'm
880 3782 1141 3835 Caesarem
1160 3798 1352 3848 vagum
1376 3792 1430 3831 et
1450 3780 1686 3849 inopem,

656 3864 837 3933 copias
858 3880 987 3913 vero
1009 3870 1283 3913 terrestres
1304 3858 1503 3929 abipso
1527 3860 1688 3911 Pom·

654 3942 782 4015 -peio
813 3937 1151 3992 deducendas
1193 3938 1252 3991 in
1289 3938 1499 3991 Italiam
1517 3976 1536 4002 ‚
1562 3957 1686 4009 par-

659 4024 801 4075 tibus
819 4021 1083 4071 faventem
1094 4054 1109 4083 ,
1122 4030 1177 4071 et
1186 4018 1432 4073 hostibus
1446 4036 1687 4086 vacuam,

654 4103 973 4172 quibuscum
1008 4097 1205 4171 copiis,
1225 4098 1377 4151 Italia
1412 4099 1652 4167 primum
1665 4134 1682 4164 ,

1775 1947 1972 2002 deinde
1989 1949 2163 2002 Gallia
2185 1960 2345 2019 atque
2372 1948 2636 2020 Hispania
2653 1967 2786 2002 occu-

1775 2042 1918 2100 pata,
1932 2029 2085 2082 brevi
2103 2029 2368 2095 futurum,
2380 2040 2440 2080 ut
2457 2029 2638 2082 Caesar
2655 2029 2785 2080 facile

1775 2127 1806 2160 a
1830 2109 2170 2180 Pompeianis
2187 2109 2606 2179 opprimeretur.
2623 2108 2718 2162 Sed
2729 2109 2786 2160 al-

1773 2189 1874 2241 teri
1902 2188 2176 2241 sententiae
2200 2186 2383 2258 paruit
2405 2189 2691 2258 Pompeius
2715 2186 2784 2240 di-

1771 2269 2034 2326 centium,
2059 2269 2172 2320 fore
2195 2281 2259 2321 ut
2271 2305 2289 2332 ‚
2303 2268 2569 2320 exercitus
2589 2267 2784 2320 Caesaris

1771 2345 1840 2399 ad
1859 2367 1914 2400 se
1923 2347 2170 2400 transiret
2181 2360 2390 2400 coactus
2401 2348 2570 2414 fame3
2581 2348 2785 2401 maxime

1772 2445 1901 2479 vero
1917 2440 2099 2497 gentes
2123 2427 2344 2479 orientis
2369 2427 2602 2491 veritus,
2627 2441 2677 2479 et
2695 2427 2786 2478 Sci-

1769 2507 1988 2577 pionem
2035 2507 2125 2560 cui
2168 2507 2406 2569 timebat,
2433 2526 2505 2560 ne
2543 2528 2700 2580 quam
2737 2507 2787 2557 in

1769 2586 2082 2639 Macedonia
2110 2586 2318 2639 cladem
2345 2588 2628 2659 acciperet.
2658 2588 2783 2640 Gon.

1770 2667 2015 2719 Lucanus
2030 2704 2046 2731 ,
2070 2666 2329 2730 Pbarsal.‚
2351 2667 2446 2719 lib.
2473 2686 2630 2733 νην.
2653 2668 2784 2736 329:

2366 2790 2376 2799 .
2393 2788 2404 2800 .
2420 2791 2430 2800 .
2447 2791 2458 2799 .
2474 2789 2486 2800 .
2517 2764 2568 2801 In
2591 2772 2695 2801 ortua

1769 2832 1966 2873 Phoebeos
1983 2830 2268 2895 convertitssriter
2277 2861 2290 2881 ,
2316 2841 2512 2884 terreque
2529 2842 2684 2873 secutus

1770 2902 1895 2941 Devia
1904 2932 1918 2953 ‚
1933 2917 2012 2955 qun
2022 2912 2152 2943 vute:
2169 2904 2299 2956 aperit
2319 2902 2524 2943 Candavia
2545 2904 2668 2942 saltus
2683 2932 2694 2950 ,

1769 2973 1946 3026 Contigit
1961 2973 2206 3020 Emathiam,
2227 2973 2330 3013 bello
2351 2988 2468 3026 quam
2495 2975 2580 3013 fata
2595 2975 2788 3027 parabant.

1769 3063 1874 3116 Hic
1907 3062 1976 3115 ad
2005 3082 2140 3116 vers,
2173 3070 2240 3126 41
2256 3065 2286 3117 3
2301 3104 2316 3127 ,
2345 3065 2484 3116 hanc
2518 3064 2788 3119 Thessalia

1769 3155 2006 3214 partem,
2033 3144 2421 3197 accuratissima
2441 3145 2689 3197 locorum
2707 3142 2790 3217 ‹je-

1771 3222 2061 3293 scriptione
2077 3260 2094 3289 ‚
2125 3222 2301 3295 pingit
2331 3224 2603 3277 Lucanus.

1857 3322 1906 3355 2.
1933 3303 2276 3355 Classicum...
2303 3306 2430 3357 cani.
2455 3306 2634 3374 AEque
2659 3300 2791 3374 apud

1770 3382 2077 3453 Scipionem
2097 3382 2216 3435 cani
2234 3420 2250 3447 ,
2271 3395 2435 3454 ,atque
2465 3382 2612 3453 apud
2641 3384 2789 3433 Pom·

1771 3462 1970 3532 peium.
2019 3462 2202 3526 Quum
2254 3462 2398 3521 enim
2441 3461 2554 3515 duo
2613 3460 2795 3519 summi

1773 3539 1933 3594 duces
1963 3554 2056 3593 aut
2085 3542 2327 3595 consules
2365 3542 2424 3597 in
2468 3544 2594 3595 unis
2625 3540 2794 3598 castris

1773 3635 1952 3685 erant,
1991 3620 2135 3692 apud
2181 3634 2472 3693 utrumque
2523 3622 2795 3675 classicum

1775 3702 2060 3753 canebatur
2085 3719 2098 3753 :
2129 3699 2357 3772 ideoque
2398 3700 2666 3757 Asdrubal
2693 3720 2796 3753 sus-

1773 3782 1976 3849 picatus
1998 3781 2225 3835 alterum
2251 3780 2525 3851 consulem
2543 3782 2602 3833 in
2622 3779 2796 3833 castris

1777 3860 2008 3921 senisse,
2023 3860 2298 3918 observari
2317 3861 2492 3931 jubet,
2511 3862 2675 3917 semel
2697 3859 2799 3911 bis·

1775 3958 1845 3991 ne
1883 3940 2093 4009 signum
2141 3954 2295 3993 canat
2337 3942 2394 3992 in
2437 3941 2642 3994 castris.
2668 3940 2799 4002 Liv„

1776 4038 1926 4072 xxvu
1945 4060 1959 4085 ‚
1990 4026 2081 4089 47.
2114 4019 2280 4073 Cau„
2325 4018 2466 4073 Vide
2499 4022 2694 4091 Veget.
2725 4010 2800 4081 115

1779 4118 1869 4154 ιη.
1897 4100 1951 4151 Ε
1981 4099 2224 4160 Classico,
2247 4113 2348 4153 etc.
