3025 5025
687 459 825 528 DE
879 457 1250 528 BELLo.
1292 457 1656 528 clv1L1.
1713 461 1907 532 LIB.
1960 463 2015 530 Ι.
2334 489 2421 564 17

284 589 514 658 aerario
549 592 874 686 Pompeio
917 591 1131 660 detur.
1175 590 1492 660 Refertur
1534 593 1733 661 etiam
1782 593 1865 663 de
1906 619 2063 690 rege
2104 597 2143 665 J
2144 595 2278 667 uba
2293 653 2314 688 ‚
2354 616 2438 670 ut

283 698 499 766 socius
541 699 627 766 sit
669 713 868 791 atque
909 699 1196 766 amicus:
1227 697 1587 768 Marcellus
1630 723 1827 788 vero,
1868 726 2218 796 passurum
2260 730 2328 775 se
2366 709 2441 777 in
2520 717 2523 722 ’

283 805 670 896 praesentia,
701 819 919 898 negat.
953 806 1060 872 De
1102 806 1348 873 Fausto
1390 806 1668 900 impedit
1706 805 2085 902 Philippus,
2128 812 2439 884 tribunus

282 909 514 1028 plebis.
563 913 670 980 De
713 909 980 1004 reliquis
1017 911 1216 980 rebus
1260 913 1324 979 S.
1365 913 1442 980 C.
1496 913 2037 1007 prescribuntur,
2078 921 2442 1011 provinciae

283 1017 562 1110 privatis
582 1003 1122 1106 ⁸decernuntur,
1149 1017 1297 1086 duae
1326 1017 1709 1087 consulares
1724 1017 2035 1114 ,reliquae
2053 1026 2443 1114 praetoriaeffi

285 1124 585 1218 Scipioni
640 1124 916 1193 obvenit
957 1125 1179 1216 Syria3
1225 1127 1301 1192 L.
1347 1127 1651 1213 Domitio
1696 1123 1931 1194 Gallia
1990 1127 2333 1224 Philippus
2376 1147 2449 1202 et.

285 1229 652 1299 Marcellus
679 1229 728 1252 ¹⁰
757 1231 1019 1325 privato
1047 1228 1321 1299 consilio
1343 1227 1388 1253 ¹¹
1414 1245 1935 1325 praetereuntur,
1965 1257 2180 1328 neque
2210 1261 2447 1308 eorum

285 1350 500 1406 sortes
537 1337 957 1430 dejiciuntur.
995 1339 1077 1404 In
1120 1335 1402 1430 reliquas
1445 1338 1823 1431 provincias
1866 1353 2183 1433 praetores
2210 1339 2257 1366 ¹²
2295 1347 2448 1414 mit-

283 1455 558 1512 tuntur:
587 1467 804 1537 neque
840 1457 1260 1537 exspectant,
1284 1443 1465 1537 quod
1493 1444 1945 1537 superioribus
1978 1449 2167 1516 annis
2190 1451 2447 1520 accide-

284 1565 426 1638 rat,
459 1564 538 1618 ut
579 1549 666 1618 de
701 1573 936 1618 eorum
976 1551 1255 1644 imperio
1297 1549 1383 1618 ad
1425 1549 1750 1643 populum
1789 1550 2042 1620 feratur
2061 1538 2133 1642 ¹³,
2162 1555 2447 1649 paluda-

287 1761 416 1820 dem
433 1781 464 1814 a
483 1760 704 1814 Caesaris
720 1761 964 1832 partibus
981 1759 1322 1813 abstraheret.

285 1843 505 1896 Omnis..

375 1925 430 1976 8.
450 1911 686 1975 Primiis.
703 1920 858 1973 More
878 1937 1100 1972 romano
1117 1919 1327 1972 locutus

285 2015 368 2056 est
398 2021 411 2053 :
444 2019 573 2055 nam
615 2001 782 2054 moris
827 2011 940 2052 erat
955 2037 972 2067 ‚
1015 1999 1328 2071 priusquam

289 2081 536 2136 consules
561 2081 692 2133 novi
723 2079 1125 2152 designarentur
1139 2117 1156 2144 ,
1181 2092 1244 2132 ut
1271 2079 1330 2130 il-

286 2164 354 2216 lis
375 2199 392 2227 ‚
423 2163 522 2233 qui
552 2173 683 2214 tune
713 2159 992 2230 regebant,
1023 2160 1330 2213 consulibus

287 2241 709 2296 decernerentur
750 2239 1043 2311 provinciae
1087 2240 1330 2312 consula-

287 2341 489 2387 res,m
521 2339 654 2392 quas
676 2319 883 2383 statim,
911 2317 1186 2390 expirante
1217 2337 1328 2370 ma-

285 2403 514 2474 gistratu
527 2438 544 2466 ‚
560 2399 1053 2472 proficiscebantur.
1073 2397 1178 2450 Sed
1193 2399 1330 2450 acci-

286 2482 454 2536 debat
502 2499 642 2551 saepe
666 2520 682 2548 ,
713 2491 776 2533 ut
826 2497 936 2531 non
991 2479 1332 2531 mitterentur

289 2564 444 2617 Coss,
471 2561 544 2627 ii,
570 2572 623 2613 et
661 2560 978 2633 plerumque
1017 2560 1207 2623 terti0‚
1241 2571 1332 2611 aut

288 2655 488 2715 quarto
546 2653 670 2713 post
728 2658 869 2692 anno
922 2640 978 2691 in
1028 2639 1332 2711 provincias

291 2724 455 2776 irent.
500 2718 663 2773 Unde
700 2720 812 2784 illi,
843 2719 938 2790 qui
969 2720 1172 2771 interea
1197 2732 1329 2772 tem-

289 2803 444 2876 poris
497 2802 557 2853 in
604 2799 918 2872 provincias,
961 2799 1106 2851 missi
1149 2812 1330 2866 erant,

289 2880 493 2955 privati
525 2880 946 2955 appellabantur.
969 2880 1215 2931 Vossms.

377 2981 431 3031 9.
457 2962 589 3014 Duoe
607 2980 736 3013 cons.
749 2998 765 3025 ‚
789 2960 924 3031 reliq.
939 2962 1203 3028 praetoriae.
1225 2958 1332 3011 Has

291 3060 454 3098 voces
473 3053 741 3112 suspectas
761 3038 951 3091 habuit
969 3038 1334 3110 interpolatio-

291 3123 380 3176 nis
411 3122 602 3174 Octav.
625 3118 995 3190 Pantagathus
1019 3119 1212 3189 Reipsa
1248 3116 1330 3169 di-

294 3204 443 3256 citur
473 3201 639 3266 infra,
665 3204 716 3251 in
746 3200 880 3271 reliq.
903 3203 1179 3269 provincias
1196 3218 1329 3269 prce-

297 3295 425 3334 tores
447 3284 718 3332 mittuntur.
750 3280 901 3333 Nihil
925 3290 1100 3330 tamen
1127 3291 1333 3330 mutan-

295 3361 465 3415 dum:
491 3380 618 3413 nam
639 3376 824 3412 omnes
843 3356 1002 3411 codd.
1036 3358 1249 3411 habent.

386 3460 477 3495 10.
503 3440 764 3511 Philippus
787 3452 837 3490 et
855 3438 1133 3493 Marcellus.
1157 3435 1330 3491 Codd.

296 3521 410 3575 fere
431 3540 616 3574 omnes
639 3520 896 3590 Philippus
923 3530 974 3569 et
999 3518 1162 3571 Cotta.
1184 3518 1334 3571 Men·

297 3600 430 3654 dosa
442 3599 824 3654 videturlectio
835 3596 1016 3663 codd.;
1029 3617 1153 3652 nam
1165 3596 1327 3661 Cotta,

299 3694 363 3735 ut
402 3682 507 3734 hoc
549 3682 666 3752 ipso
708 3680 848 3731 libro
887 3678 1126 3744 dicetur,
1153 3676 1331 3730 Sardi-

298 3762 448 3815 niam
471 3760 727 3813 obtinuit.
748 3759 855 3811 Pro
875 3758 1103 3829 Philippo
1126 3757 1215 3810 alii
1235 3777 1330 3809 vo-

297 3842 420 3894 lunt
443 3841 656 3893 Paulum
681 3838 803 3910 qui,
827 3857 966 3890 anno
981 3836 1332 3909 praecedenti,

301 3921 424 3975 Cos.
469 3921 643 3973 fuerat
684 3937 810 3971 cum
851 3918 912 3970 C.
957 3916 1143 3971 Claud.
1186 3918 1332 3971 Mar-

303 4001 460 4067 cell03
475 4014 529 4054 et
543 4019 647 4073 pro
661 3999 812 4053 Cotta
821 3998 905 4050 vel
916 3997 1168 4063 Marcello,
1186 3996 1330 4049 Oud.

300 4080 426 4151 legit
453 4081 824 4141 Marcellinum,
853 4078 944 4149 qui
971 4078 1074 4131 fuit
1096 4078 1216 4132 Cos.
1244 4095 1329 4131 an.

402 4194 502 4259 II.

1415 1760 1484 1811 U.
1534 1761 1596 1812 C.
1643 1777 1923 1829 nccxcvn,
1958 1781 2083 1816 cum
2131 1765 2196 1819 L.
2248 1766 2449 1821 Martio

1414 1837 1686 1911 Philippo.
1716 1838 1820 1893 Sed
1844 1841 2207 1898 adhaereamus
2225 1846 2450 1900 lectioni

1414 1919 1659 1989 vulgatae.
1683 1921 1731 1972 Ii
1750 1933 1927 1974 autem
1946 1937 2098 1976 erant
2120 1926 2314 1978 Caesari
2331 1928 2453 1980 hos-

1415 2009 1493 2051 tes
1513 2000 1714 2070 aperti,
1740 2000 1971 2073 ideoque
1988 2004 2126 2056 ratio
2148 2023 2335 2058 eorum
2353 2008 2452 2060 ha-

1415 2077 1593 2131 benda
1620 2079 1835 2147 fuissem
1868 2080 1962 2135 sed
1993 2102 2104 2135 non
2140 2081 2451 2155 placebant}

1416 2159 1501 2212 vel
1520 2158 1747 2229 suspecti
1766 2174 1919 2213 erant
1939 2163 2279 2234 Pompeianis
2299 2166 2453 2236 facti,

1416 2238 1531 2290 scil.
1558 2239 1681 2308 quia
1706 2239 1988 2312 Philippus
2008 2243 2185 2296 Atiam
2208 2245 2241 2296 J
2247 2245 2353 2298 ulia
2374 2266 2456 2298 so-

1417 2336 1541 2370 rore
1583 2318 1803 2372 Caesaris
1845 2334 2048 2385 natam,
2084 2336 2138 2376 et
2171 2325 2457 2380 Marcellus

1418 2396 1695 2450 Octaviam
1734 2399 1871 2453 Atiae
1904 2401 2070 2454 filiam
2100 2403 2368 2457 habebant
2395 2407 2457 2459 in

1417 2477 1762 2531 matrimonio
1776 2518 1793 2545 ‚
1826 2479 2009 2537 affines
2056 2483 2292 2537 Caesaris.
2342 2485 2394 2537 N
2395 2505 2459 2541 ec

1417 2576 1542 2610 sane
1574 2558 1774 2610 mirum
1805 2560 1989 2612 fuisset
2029 2562 2200 2615 nullas
2230 2566 2455 2634 provin-

1417 2637 1526 2689 cias
1578 2638 1889 2691 Caesarianis
1938 2638 2085 2692 datas
2133 2660 2278 2707 esse;
2318 2642 2457 2697 illud

1417 2734 1547 2768 vero
1569 2716 1871 2770 infensioris
1890 2720 2054 2772 animi
2069 2718 2301 2790 videtur,
2318 2743 2459 2795 prae-

1418 2797 1581 2849 terire
1614 2798 1697 2849 vel
1722 2797 1899 2851 hostes
1932 2800 2185 2867 Caesaris,
2213 2802 2257 2854 si
2289 2803 2457 2857 modo

1415 2894 1542 2929 cum
1578 2876 1696 2948 ipso
1740 2877 1997 2932 affinitate
2042 2882 2280 2952 qualibet
2324 2902 2453 2939 con-

1415 2956 1588 3028 juncti
1618 2958 1739 3010 sint.

1507 3055 1530 3090 1
1549 3055 1571 3090 1
1585 3077 1598 3090 .
1644 3038 1848 3089 Privato
1890 3040 2105 3093 consilio.
2151 3042 2455 3097 Paucorum

1416 3117 1708 3170 voluntate.

1508 3217 1532 3250 1
1548 3217 1597 3252 2.
1648 3200 1908 3251 Proetores.
1971 3200 2191 3271 Pighius
2250 3204 2458 3257 mavult

1419 3277 1678 3339 Praetorii,
1721 3280 1848 3348 quia
1893 3292 2101 3333 senatus
2150 3284 2456 3335 consultum

1419 3356 1619 3409 factum
1642 3369 1783 3423 erat,
1808 3372 1868 3412 ut
1888 3360 1984 3430 qui
2002 3358 2071 3421 ad
2089 3362 2279 3415 urbem
2302 3375 2456 3416 erant

1419 3450 1671 3507 praetores
1692 3474 1707 3503 ,
1743 3436 2018 3505 viderent,
2052 3460 2111 3491 ne
2156 3442 2279 3513 quid
2328 3462 2452 3513 resp.

1419 3516 1693 3569 detrimenti
1713 3532 1916 3588 caperet.
1953 3522 2108 3574 Voss,

1505 3598 1592 3650 13.
1626 3598 1721 3650 Ad
1741 3600 1913 3669 popul.
1944 3600 2155 3665 fiet-atur.
2190 3600 2353 3653 Recte
2388 3620 2455 3655 ex

1419 3675 1576 3729 codd.
1602 3690 1734 3748 optt.
1762 3690 1815 3729 et
1832 3689 2014 3730 nostro
2031 3680 2095 3730 R.
2121 3679 2291 3749 5764.
2320 3682 2454 3734 Vul-

1417 3770 1536 3827 gata
1561 3758 1720 3809 habet
1745 3760 2006 3823 referatur,
2033 3769 2086 3809 et
2116 3758 2254 3811 hanc
2272 3760 2454 3813 lectio-

1419 3855 1543 3888 nem
1602 3836 1931 3889 consuetudo
1986 3838 2139 3891 latini
2193 3842 2453 3895 sermonis

1419 3916 1683 3987 postulat,
1702 3918 1775 3969 ait
1799 3916 2026 3982 Manut.‚
2052 3930 2114 3971 ut
2136 3919 2191 3971 in
2209 3918 2319 3972 Cic.
2347 3940 2449 3992 pro

1421 3996 1669 4050 Cluentio
1680 4033 1695 4062 ,
1716 4004 1808 4065 49.
1826 3995 2069 4063 Sedferre
2083 4018 2229 4071 aeque
2244 3996 2453 4053 diceba-

1419 4089 1510 4131 tur
1524 4074 1593 4129 de
1610 4077 1769 4133 rebus
1786 4074 1857 4131 ad
1872 4091 2037 4133 senat.
2058 4092 2148 4131 aut
2162 4098 2292 4153 pop.
2310 4080 2450 4135 latis.

2014 4211 2055 4254 2
