3025 5025
661 453 804 537 140
954 455 1031 524 C.
1087 456 1373 524 JULII
1428 454 1901 524 CAESARIS
1955 453 2508 522 COMMENT.

653 607 762 668 ra,
816 600 894 656 ut
946 587 1030 654 ab
1087 587 1472 656 hominibus
1531 573 1769 658 doctis⁴
1786 639 1805 675 ,
1856 609 2099 682 magna
2147 610 2299 655 cum
2347 581 2811 655 misericordia

655 689 948 786 fletuque
991 696 1529 788 pronuntiantur.

758 800 952 868 XIII.
1009 800 1274 888 Quibus
1325 801 1525 868 rebus
1584 801 1901 868 commoti
1950 796 2151 894 legati
2196 797 2439 868 milites
2478 821 2562 866 ex
2598 819 2812 891 opere

651 902 1026 993 deducunt,
1090 908 1593 1001 oppugnatione
1658 905 1983 976 desistunt
2010 957 2031 992 ‚
2088 904 2401 1001 'operibus
2466 902 2813 972 custodias
2924 987 2935 1000 .

651 1009 1051 1105 relinquunt.
1077 1013 1509 1082 Induciarum
1534 1013 1827 1106 quodam
1844 1036 2087 1107 genere
2117 1011 2573 1082 misericordia
2598 1010 2814 1098 facto,

652 1115 978 1188 adventus
1022 1121 1304 1189 Caesaris
1339 1131 1763 1215 exspectatur
1793 1145 1808 1187 ε
1843 1115 2099 1186 nullum
2138 1144 2223 1188 ex
2265 1143 2461 1215 muro
2482 1167 2501 1200 ,
2542 1115 2815 1186 nullum

651 1247 689 1290 a
725 1227 973 1294 nostris
1015 1227 1306 1294 mittitur
1345 1226 1553 1296 telum
1596 1251 1609 1292 :
1654 1240 1731 1294 ut
1784 1251 1855 1294 re
1905 1225 2209 1294 confecta
2228 1279 2248 1311 ‚
2273 1249 2525 1318 ‚omnes
2570 1245 2814 1292 curam

651 1343 719 1397 et
762 1330 1169 1426 diligentiam
1214 1334 1562 1402 remittunt
1583 1331 1622 1399 ¹.
1674 1335 1899 1402 Caesar
1946 1333 2121 1400 enim
2168 1357 2290 1426 per
2337 1330 2587 1400 litteras
2641 1332 2811 1398 Tre-

649 1435 852 1505 bonio
889 1462 1295 1533 magnopere
1337 1439 1807 1526 mandaverat,
1848 1463 1933 1506 ne
1976 1463 2098 1532 per
2139 1441 2276 1506 vim
2316 1434 2644 1532 oppidum
2686 1461 2813 1504 ex·-
2894 1429 2902 1438 ⁸

649 1547 936 1636 pugnari
980 1558 1354 1638 pateretur3
1392 1571 1476 1615 ne
1513 1547 1783 1640 gravius
1828 1546 2115 1639 permoti
2161 1543 2397 1614 milites
2416 1596 2435 1629 ‚
2472 1556 2540 1610 et
2580 1541 2814 1612 defec-

651 1649 849 1718 tionis
879 1650 1034 1719 odio
1052 1703 1071 1736 ‚
1101 1665 1168 1720 et
1205 1654 1703 1747 contemptione
1736 1653 1877 1738 sui,
1902 1665 1969 1720 et
1992 1650 2249 1720 diutino
2288 1649 2543 1731 Iabere,
2570 1673 2817 1718 omnes

649 1755 936 1848 puberes
1010 1757 1462 1828 interficerent
1521 1785 1535 1826 :
1601 1757 1785 1852 quod
1838 1782 1907 1828 se
1963 1756 2255 1826 facturos
2311 1755 2751 1825 minabantur
2794 1780 2815 1842 ;

652 1886 957 1956 aegreque
997 1878 1160 1931 tunc
1199 1879 1354 1933 sunt
1392 1867 1681 1951 retenti,
1717 1865 1877 1958 quin
1931 1863 2255 1959 oppidum
2310 1865 2811 1957 irrumperent;

653 1971 1076 2064 graviterque
1113 1995 1261 2038 eam
1305 1995 1447 2039 rem
1485 1970 1821 2059 tulerunt,
1858 1971 2040 2064 quod
2085 1972 2340 2038 stetisse
2380 1994 2500 2064 per
2542 1968 2813 2036 Trebo-

655 2075 841 2143 nium
863 2128 882 2161 ,
925 2100 1058 2170 quo
1097 2077 1314 2144 minus
1353 2076 1602 2172 oppido
1639 2079 2048 2173 potirentur,
2084 2076 2453 2145 videbatur.

759 2184 948 2252 XIV.
1005 2184 1096 2250 At
1139 2183 1362 2254 hostes
1421 2185 1563 2252 sine
1625 2184 1757 2253 fide
1809 2198 2075 2277 tempus
2126 2197 2324 2276 atque
2386 2183 2811 2252 occasionem

655 2286 904 2357 fraudis
951 2314 1028 2357 ac
1071 2288 1217 2387 doli¹
1268 2303 1611 2383 quaerunt3
1651 2291 2143 2383 interjectisque
2202 2287 2454 2383 aliquot
2511 2288 2814 2376 diebus‘‚

735 2516 789 2574 4.
829 2507 902 2561 Ut
925 2509 986 2561 ab
1012 2508 1277 2563 hominibus
1309 2511 1479 2563 doctis.
1514 2512 1688 2565 Tanta

654 2602 766 2641 erat
787 2608 974 2642 eorum
1009 2588 1267 2643 doctrinm
1304 2591 1442 2643 fama
1457 2630 1473 2656 ,
1499 2603 1563 2644 ut
1587 2610 1689 2643 no·

650 2668 896 2721 bilissimi
923 2671 1288 2739 Romanorum
1317 2669 1561 2723 discendi
1582 2685 1691 2725 stu·

653 2746 770 2806 dio,
789 2768 892 2819 pro
910 2749 1222 2803 Atheniensi
1241 2751 1689 2822 peregrinatione,

653 2828 1036 2881 Massiliensem
1080 2830 1406 2901 susciperent
1420 2868 1437 2895 ,
1477 2831 1692 2883 Strabo-

653 2908 738 2961 nis
773 2919 956 2975 aetate,
985 2909 1081 2979 qui
1125 2912 1240 2979 ejus
1274 2911 1354 2963 rei
1385 2923 1541 2963 autor
1578 2922 1689 2976 est,

652 2988 692 3039 l.
720 3006 798 3039 ιν.
832 2989 970 3040 Item
1007 2988 1195 3041 Cicero
1230 2990 1287 3041 in
1317 2990 1561 3043 oratione
1588 3010 1689 3062 pro

656 3066 873 3132 Flacc0,
896 3087 942 3121 c.
974 3071 1064 3121 26.
1097 3068 1347 3122 Hotman.
1389 3068 1576 3123 doctos
1604 3071 1689 3121 in-

655 3159 977 3218 terpretatur
1021 3148 1265 3203 homines
1307 3150 1472 3201 doctos
1485 3188 1500 3210 ‚
1536 3148 1692 3202 edoc-

654 3240 737 3279 tos
761 3224 829 3279 ad
855 3226 913 3280 id
935 3228 1307 3281 ministerium.
1342 3231 1413 3281 At
1439 3230 1559 3282 luce
1582 3230 1690 3282 cla·

653 3307 766 3361 rius
807 3321 886 3360 est
923 3308 1029 3361 hoc
1066 3308 1186 3360 loco
1218 3310 1299 3381 agi
1341 3307 1410 3360 de
1447 3308 1690 3361 facundis

654 3385 965 3441 hominibus
989 3389 1163 3441 missis
1187 3387 1254 3441 ad
1278 3387 1690 3444 commovendos

655 3467 876 3520 Caesaris
911 3469 1125 3539 legatos.

737 3548 867 3600 Car.
884 3548 1040 3601 XIII.
1066 3567 1088 3600 1
1101 3587 1114 3600 .
1137 3548 1313 3600 Omnes
1335 3566 1500 3601 curam
1510 3561 1563 3615 εξ
1580 3548 1693 3601 dili-

651 3632 865 3697 gentiam
887 3632 1148 3680 remittunt.
1179 3629 1248 3679 Et
1264 3628 1368 3680 hoc
1384 3628 1506 3681 loco
1521 3630 1691 3699 gravi-

656 3720 738 3759 ter
749 3705 1222 3779 reprehendendus
1244 3708 1547 3761 Trebonius
1561 3745 1579 3773 ‚
1596 3708 1691 3779 qui

560 3786 563 3790 ’
655 3806 824 3857 quum
854 3788 1151 3841 Massilium
1173 3786 1455 3858 perfidiam
1471 3789 1585 3858 jam
1606 3807 1692 3841 ex-

654 3880 837 3936 pertus
851 3881 984 3922 esset
998 3863 1172 3929 (libro
1191 3867 1336 3919 enim
1349 3865 1691 3938 praecedenti‚

655 3966 704 3998 c.
735 3947 805 3999 36
824 3984 842 4011 ,
874 3945 1062 4000 eodem
1100 3959 1340 4018 tempore
1379 3966 1488 4020 quo
1533 3948 1691 4019 legati

654 4025 1062 4080 Massiliensium
1070 4027 1392 4098 profitentur
1399 4028 1693 4081 coramCae-

655 4122 771 4157 sare
795 4124 850 4159 se
872 4119 1088 4161 mutu-iem
1111 4127 1274 4159 eorum
1295 4120 1464 4159 contra
1491 4108 1696 4159 alterum

1775 2511 2051 2581 adjuturos,
2072 2509 2346 2565 Domitius
2360 2509 2607 2582 Pompeii
2616 2512 2819 2581 legatus

1776 2609 1902 2644 cum
1924 2593 2087 2645 classe
2111 2593 2347 2663 inportu
2374 2586 2715 2661 recipitur),
2744 2591 2821 2643 ni-

1776 2671 2069 2725 hilominus
2091 2672 2147 2725 h.
2179 2671 2218 2723 l.
2252 2669 2447 2723 milites
2482 2688 2677 2723 curam
2704 2688 2820 2721 om·

1776 2770 1903 2803 nem
1932 2764 1985 2804 et
2015 2749 2347 2821 diligentiam
2380 2750 2659 2803 remittere
2690 2750 2821 2821 pati-

1778 2843 1884 2884 tur.
1934 2831 2103 2883 Error
2152 2842 2299 2885 certe
2348 2830 2697 2900 gravissimus
2713 2868 2732 2895 ‚
2770 2840 2821 2881 et

1778 2911 1895 2963 aliis
1907 2908 2135 2965 ducibus
2148 2909 2537 2963 documentum
2546 2949 2565 2975 ,
2576 2928 2649 2963 ne
2656 2908 2822 2963 semel

1777 2989 2014 3061 decepti,
2033 2990 2278 3043 hostibus
2294 2988 2459 3043 fidem
2477 2989 2821 3043 habeant.—

1782 3069 1953 3123 Ccesar
1980 3089 2071 3140 per
2090 3070 2295 3123 litteras.
2318 3068 2575 3121 Vidimus
2608 3088 2729 3140 cap.
2758 3087 2817 3137 7,

1774 3162 1890 3203 not.
1945 3169 1967 3203 1
1992 3188 2009 3216 ‚
2040 3168 2171 3221 quas
2220 3150 2292 3201 ob
2338 3167 2521 3203 causas
2566 3146 2820 3201 Nasidius

1776 3229 2133 3283 Massilienses
2147 3229 2203 3283 in
2226 3226 2405 3282 medio
2422 3226 2685 3282 conflictu
2698 3246 2821 3281 eum

1778 3328 1871 3361 sua
1891 3310 2053 3362 classe
2074 3306 2335 3373 deseruit,
2358 3308 2472 3360 scil.
2506 3308 2634 3378 quia
2652 3309 2821 3362 Pom-

1777 3390 1931 3460 peius
1962 3407 2071 3441 non
2104 3388 2237 3441 tanti
2268 3388 2607 3441 existimabat
2638 3386 2822 3439 Massi-

1774 3468 1862 3521 liae
1880 3468 2284 3540 occupationem
2307 3480 2393 3532 ut,
2408 3486 2511 3537 pro
2526 3485 2589 3519 ea
2605 3485 2819 3521 servan·

1778 3547 1866 3615 da,
1880 3549 2057 3601 classis
2074 3566 2179 3599 suae
2193 3547 2329 3601 salus
2346 3548 2403 3599 in
2420 3544 2717 3599 discrimen
2732 3563 2821 3599 ve-

1776 3628 1937 3681 niret.
1976 3629 2179 3681 Contra
2217 3628 2391 3679 Caesar
2401 3664 2417 3688 ,
2454 3638 2685 3695 portum
2714 3624 2821 3679 suis

1778 3708 1963 3779 coeptis
1990 3705 2332 3759 utilissimum
2349 3744 2365 3773 ‚
2396 3706 2551 3757 omni
2574 3718 2690 3758 arte
2718 3723 2823 3757 ser·

1778 3785 2015 3841 vandum
2030 3784 2331 3857 judicabat,
2354 3783 2501 3837 unde
2524 3785 2719 3837 littero
2752 3781 2821 3837 ad

1778 3868 2101 3919 Tribonium
2128 3905 2147 3932 ‚
2188 3884 2306 3937 quae
2352 3878 2533 3917 tamen
2590 3863 2785 3917 damna
2807 3901 2823 3931 ‚

1788 3966 1905 4018 quae
1922 3947 2169 4000 attulerat
2189 3945 2513 4018 negligentia
2540 3943 2821 4009 Trebonii,

1782 4047 1895 4081 non
1924 4028 2137 4098 penitus
2164 4037 2512 4081 resarsernnt.

1867 4108 1995 4161 Cu».
2036 4107 2188 4161 XIV.
2238 4124 2283 4159 1.
2320 4106 2592 4175 Inteq'ectis
2636 4104 2824 4175 aliquot
