3025 5025
606 487 759 576 504
1398 492 1544 561 DE
1594 494 1962 583 BELLO

600 624 749 695 loca
786 636 1183 693 consecutus
1202 676 1222 711 ,
1253 620 1455 693 millia
1489 648 1808 719 passuum
1836 626 2008 699 VIII
2035 648 2076 693 a
2095 624 2368 719 Thapso
2403 624 2574 693 binis
2607 648 2730 693 cas·

598 734 717 801 tris
752 730 1069 801 consedit.

708 840 993 909 LXXX.
1050 839 1214 905 Erat
1250 850 1562 931 stagnum
1599 836 2023 923 salinarum²,
2045 838 2218 905 inter
2253 836 2432 931 quod
2465 851 2536 906 et
2571 860 2733 905 mare

600 946 923 1041 angustia!
962 942 1265 1038 quaedam
1292 966 1430 1012 non
1466 942 1755 1037 amplius
1791 943 1969 1013 mille
1995 958 2062 1011 et
2093 945 2490 1039 quingentos
2523 968 2736 1037 passus

600 1054 1009 1137 intererant3
1048 1070 1213 1143 quas
1268 1050 1490 1144 Scipio
1533 1052 1782 1121 intrare
1808 1104 1827 1137 ,
1863 1066 1933 1119 et
1975 1050 2398 1145 Thapsitanis
2437 1049 2740 1118 auxilium

602 1157 779 1228 ferre
822 1156 1193 1225 conabatur
1221 1181 1237 1223 τ
1277 1156 1458 1249 quod
1512 1154 1815 1225 futurum
1861 1160 2194 1226 Caesarem
2237 1182 2374 1225 non
2413 1155 2742 1225 fefellerat.

602 1267 913 1357 Namque
952 1262 1166 1357 pridie
1208 1262 1279 1330 in
1324 1287 1405 1332 eo
1450 1262 1602 1332 loco
1645 1261 1915 1332 castello
1959 1266 2222 1332 munito
2240 1316 2259 1348 ,
2307 1262 2532 1356 ibique
2581 1264 2745 1330 trino

605 1370 911 1465 praesidio
931 1366 953 1393 '
996 1368 1262 1454 relicto,
1299 1370 1441 1463 ipse
1485 1394 1640 1439 cum
1681 1368 1951 1463 reliquis
1995 1370 2203 1463 copiis
2245 1368 2487 1437 lunatis
2527 1370 2748 1436 castris

605 1477 947 1571 Thapsum
988 1475 1303 1571 operibus
1342 1477 1898 1544 circummunivit.
1939 1478 2162 1571 Scipio
2197 1477 2462 1545 interim
2479 1529 2500 1563 ‚
2538 1474 2749 1543 exclu-

610 1609 721 1653 sus
739 1583 824 1651 ab
847 1585 1115 1677 incepto
1142 1583 1405 1669 itinere3
1436 1605 1640 1677 supra
1667 1596 1976 1676 stagnum
1993 1636 2012 1669 ,
2035 1596 2304 1677 postero
2331 1582 2439 1650 die
2469 1596 2541 1650 et
2561 1595 2752 1650 nocte

610 1689 969 1777 confecto,
986 1688 1157 1757 coelo
1200 1686 1496 1775 albente,
1535 1712 1674 1758 non
1710 1686 1907 1783 longe
1943 1712 1982 1757 a
2017 1691 2252 1759 castris
2289 1686 2755 1783 praesidioque,

610 1796 789 1891 quod
805 1820 1007 1890 supra
1022 1796 1694 1865 commemoravimus
1705 1849 1724 1882 ,
1739 1796 1876 1865 MC
1890 1796 2213 1890 passibus,
2225 1795 2311 1863 ad
2324 1818 2514 1863 mare
2531 1818 2758 1863 versus

614 1902 944 1989 consedit,
974 1917 1042 1971 et
1078 1915 1293 1971 castra
1330 1904 1593 1971 munire
1626 1903 1844 1997 coepit.
1881 1902 2086 1989 Quod
2169 1917 2477 1996 ostquam
2519 1901 2764 1969 Caesari

614 2009 995 2078 nuntiatum
1032 2021 1164 2095 est,
1193 2006 1403 2075 milite
1437 2008 1524 2075 ab
1559 2032 1766 2101 opere
1797 2006 2088 2078 deducto
2134 2062 2153 2096 ,
2188 2009 2426 2077 castris
2459 2006 2768 2103 praesidio

614 2118 981 2209 Asprenate
1018 2113 1418 2208 proconsule
1448 2138 1600 2186 cum
1636 2113 2006 2209 legionibus
2036 2118 2106 2185 II
2143 2114 2417 2201 relicto,
2445 2116 2589 2209 ipse
2615 2138 2770 2182 cum

614 2221 922 2315 expedita
948 2221 1142 2315 copia
1176 2221 1245 2287 in
1270 2245 1425 2289 eum
1455 2218 1676 2289 locum
1704 2222 1954 2290 citatim
1983 2221 2371 2291 contendit:
2409 2219 2774 2313 classisque

614 2341 805 2424 parte
846 2326 933 2395 ad
962 2326 1305 2422 Thapsum
1344 2326 1605 2414 relicta,
1642 2326 1928 2423 reliquas
1959 2352 2162 2397 naves
2185 2327 2380 2421 jubet
2407 2342 2566 2421 post
2603 2326 2775 2395 hos-

614 2437 785 2503 tium
826 2449 1091 2530 tergum
1133 2457 1335 2532 quam
1380 2435 1667 2507 maxime
1703 2434 1789 2507 ad
1825 2434 2008 2505 littus
2047 2433 2331 2532 appelli,
2373 2435 2780 2530 sig-numque

700 2653 831 2705 Cu.
887 2650 1111 2703 LXXX.
1160 2667 1210 2703 1.
1252 2649 1495 2720 Stagnum
1533 2649 1648 2702 sali-

620 2751 807 2784 narum·
842 2731 1119 2784 Ambitum
1148 2732 1260 2800 ejus
1288 2728 1477 2782 definit
1496 2729 1651 2782 itine-

619 2811 693 2864 ris
734 2810 997 2862 Shawiani
1027 2807 1341 2880 descriptio,
1374 2810 1533 2862 Tom.
1584 2829 1650 2876 1,

618 2909 675 2962 p.
716 2897 850 2954 224.
882 2891 960 2942 M.
986 2887 1088 2942 Ed.
1120 2890 1275 2960 Angl.
1298 2909 1356 2960 p.
1388 2895 1518 2960 1'47.
1543 2889 1646 2942 On.

620 2971 1023 3040 —Emtseagm
1037 2969 1180 3024 salah.
1200 2967 1267 3020 Id
1284 2981 1380 3032 est,
1388 2969 1651 3022 fossarum

622 3050 679 3105 in
706 3050 899 3122 quibus
927 3050 1001 3102 sal
1020 3048 1081 3102 fit
1104 3049 1160 3106 in
1191 3049 1471 3106 maritimis
1498 3050 1649 3104 locis.

707 3149 757 3181 τι.
794 3129 1197 3199 Trinoproesidio.
1215 3129 1401 3181 Lectio
1420 3129 1649 3184 incerta:

622 3205 844 3281 quidam
879 3209 1009 3260 libri
1057 3208 1241 3280 scripti
1284 3221 1339 3261 et
1381 3207 1513 3261 editi
1549 3228 1651 3280 pro

626 3294 752 3340 trino
782 3289 1036 3341 exhibent
1060 3308 1237 3358 magno
1252 3309 1273 3350 ,-
1292 3288 1546 3362 scaligeri
1567 3307 1654 3341 co-

624 3367 729 3422 dex
758 3369 921 3422 habet
948 3368 1065 3433 1113
1102 3381 1156 3421 et
1182 3367 1337 3421 Leid.
1367 3388 1453 3439 pr.
1480 3369 1651 3421 eohor-

630 3449 757 3502 tibus
784 3449 951 3500 tribus.
1003 3449 1147 3520 Ergo
1186 3461 1341 3520 putat
1371 3447 1518 3502 ond.
1550 3449 1654 3520 legi

628 3547 782 3602 posse
798 3565 815 3587 ‚
840 3531 1105 3580 cohor-tium
1137 3541 1278 3580 trium
1302 3530 1552 3598 proesndio.
1573 3529 1651 3583 M.

624 3610 796 3663 nostri
826 3627 1039 3682 quoque
1080 3607 1240 3662 codd.
1286 3609 1377 3662 III
1400 3610 1649 3680 proesidio.

626 3686 788 3742 Unde
815 3708 942 3742 vera
972 3690 1129 3742 lectio
1158 3686 1375 3743 videtur
1410 3689 1494 3741 ΙΙΙ
1523 3684 1653 3750 (oo-

628 3771 875 3822 hortibus
888 3765 909 3831 )
922 3771 1155 3839 praesidt'o
1171 3770 1351 3821 relicta}
1365 3808 1379 3830 ,
1402 3769 1487 3820 vel
1510 3772 1653 3821 trium

626 3849 889 3901 cohortium
950 3847 1218 3919 prasidio.
1260 3881 1343 3892 -—-
1403 3848 1652 3914 Conficto.

628 3928 809 3999 Vulgo
822 3966 840 3993 ,
872 3931 1107 3995 conficta.
1141 3929 1271 3982 Mox
1308 3947 1411 4000 pro
1430 3929 1656 3998 passibus

624 4005 831 4077 legetur
863 4027 1054 4078 passus.
1100 4009 1178 4060 Μ.
1222 4041 1305 4052 --·
1334 4009 1453 4062 Non
1494 4010 1652 4078 longe.

626 4087 975 4158 Negationem
1010 4089 1149 4141 tollit
1178 4088 1443 4146 Clarkius.
1473 4088 1654 4144 Davia.

626 4167 777 4222 malit
804 4169 1021 4237 longius,
1043 4181 1248 4224 retenta
1272 4169 1573 4240 negatione.

1821 2649 1872 2704 3.
1893 2649 2056 2703 Milite
2075 2649 2138 2700 ab
2153 2669 2231 2720 op.
2253 2649 2474 2701 deducto.
2493 2647 2586 2700 Sic
2601 2647 2782 2702 codd.

1739 2728 1844 2782 Sed
1877 2729 2072 2802 vulgo,
2103 2731 2274 2782 milites
2304 2729 2370 2780 ab
2398 2748 2478 2798 op.
2514 2728 2784 2782 deductos.

1735 2809 1896 2862 —As
1871 2821 2089 2881 sprenate
2098 2829 2154 2880 pt
2137 2809 2415 2860 wesemale
2403 2805 2536 2859 ·dici
2540 2819 2662 2872 tur,
2681 2809 2786 2879 qui

1736 2889 2142 2960 proconsulari
2125 2889 2354 2960 imperio
2371 2900 2470 2949 est,
2495 2887 2628 2940 lieet
2651 2907 2786 2941 mo-

1738 2967 1812 3022 do
1837 2970 1904 3022 sit
1937 2971 2262 3040 Propraetor.
2287 2969 2374 3022 Sic
2407 2987 2523 3038 cap.
2558 2969 2664 3038 87.
2711 2969 2790 3021 Et

1737 3049 1812 3102 ita
1843 3069 1982 3122 saepe
2009 3051 2318 3120 Proproetore
2363 3047 2432 3101 de
2455 3049 2790 3112 Quaestore,

1738 3130 1822 3182 vel
1872 3149 1936 3181 eo
1986 3129 2081 3200 qui
2123 3129 2336 3181 nullum
2378 3128 2536 3199 gessit
2573 3129 2791 3200 magis-

1735 3221 1953 3262 tratum.
2000 3207 2149 3262 Oun.
2188 3207 2292 3261 Hic
2329 3227 2457 3261 vero
2500 3207 2795 3278 Asprenas

1740 3283 1841 3354 (Q.
1855 3288 2064 3342 Nonius
2078 3291 2338 3359 Asprenas
2352 3286 2373 3351 )
2395 3299 2506 3341 erat
2522 3307 2554 3339 e
2567 3288 2797 3341 familia

1739 3369 1919 3422 Nouia
1945 3367 2209 3421 oriundus
2224 3405 2242 3432 ‚
2265 3363 2471 3440 plebeia
2485 3407 2501 3429 ,
2519 3365 2618 3419 sed
2647 3387 2796 3421 eon-

1741 3449 1929 3514 sulari3
1961 3461 2015 3501 et
2041 3449 2086 3501 is
2111 3462 2227 3501 tum
2250 3448 2502 3519 temporis
2533 3465 2801 3519 proprae·

1741 3542 1828 3582 tor
1855 3539 1969 3581 erat
1984 3567 1998 3593 ‚
2024 3547 2135 3581 non
2160 3527 2477 3600 proconsu13
2499 3545 2638 3579 nam
2673 3547 2800 3582 non

1738 3621 2027 3680 protus-am
2068 3619 2464 3681 praetergressus
2509 3618 2590 3659 est
2647 3603 2678 3670 (
2707 3629 2798 3663 an.

1745 3686 1914 3759 712).
1949 3689 2082 3760 Ejus
2129 3707 2380 3740 nummus
2422 3706 2436 3740 t
2473 3687 2544 3752 Q.
2582 3687 2804 3743 Nom

1741 3769 1892 3822 SEX.
1920 3769 1980 3822 F.
2003 3767 2393 3830 ASPRENA&
2419 3767 2476 3819 in
2507 3767 2628 3818 imo
2651 3787 2670 3820 ε
2687 3771 2808 3835 TI,

1741 3849 2003 3902 CLAUD.
2023 3851 2119 3902 TI.
2144 3849 2205 3901 F.
2235 3847 2450 3900 NERO.
2471 3847 2581 3899 Ara
2616 3867 2808 3921 supra

1742 3947 1904 3999 quam
1941 3947 2158 3999 serpens
2187 3929 2246 3981 in
2275 3947 2436 3999 gyros
2469 3926 2807 3982 circumvo-

1741 4008 1888 4061 lutus
1910 4027 1964 4060 se
1991 4009 2164 4080 erigit.
2188 4010 2235 4060 A
2255 4006 2456 4060 dextris
2477 4005 2805 4074 caduceus,

1743 4106 1774 4139 a
1813 4087 2040 4140 sinistris
2093 4089 2256 4160 spica.
2295 4087 2361 4140 In
2398 4087 2575 4140 antica
2633 4103 2808 4160 parte

1745 4165 1984 4223 SALUS.
2016 4169 2193 4238 Caput
2223 4167 2432 4221 Salutis.
