3025 5025
693 486 842 582 370

687 631 1204 712 constanterque
1241 619 1314 684 in
1357 641 1471 685 eos
1488 670 1508 704 ,
1534 619 1649 711 qui
1686 620 1755 686 in
1794 617 2015 688 littore
2051 643 2241 711 aequo
2278 620 2674 705 institerant,
2704 619 2805 686 im·

1489 487 1628 554 DE
1682 487 2034 555 BELLo
2378 517 2381 520 ⁴
2830 543 2851 574 .

687 740 916 821 petum
940 723 1272 810 fecerunt,
1294 748 1526 792 omnes
1547 724 1831 794 Pharitae
1854 739 2042 820 terga
2070 738 2433 793 verterunt.
2460 727 2581 792 His
2601 723 2807 818 pulsis,
2922 737 2924 780 i

687 831 990 902 custodia
1017 845 1250 925 portus
1284 816 1571 918 relicta⁴,
1592 831 1678 898 ad
1707 830 1934 904 littora
1962 846 2030 898 et
2054 832 2277 900 vicum
2307 831 2809 926 applicaverunt,
2922 857 2924 918 ς

688 963 890 1032 seque
933 963 1014 1006 ex
1057 938 1336 1006 navibus
1379 936 1464 1004 ad
1501 936 1748 1005 tuenda
1792 938 2069 1007 aedificia
2111 937 2469 1030 ejecerunt.

791 1047 1052 1114 XVIII.
1088 1047 1328 1138 Neque
1363 1067 1527 1113 vero
1564 1043 1813 1112 diutius
1848 1069 1930 1112 ex
1965 1042 2365 1112 munitione¹
2389 1069 2459 1114 se
2498 1044 2811 1112 continere

685 1165 1052 1247 potuerunt
1095 1175 1110 1217 ε
1159 1152 1284 1219 etsi
1346 1165 1491 1217 erat
1542 1175 1679 1219 non
1737 1149 2047 1219 dissimile
2063 1204 2083 1238 ‚
2136 1165 2336 1243 atque
2391 1149 2813 1237 Alexandriae,

687 1283 896 1353 genus
945 1256 1376 1326 aedificiorum
1417 1249 1545 1347 (ut
1596 1258 1859 1326 minora
1903 1257 2265 1351 majoribus
2311 1257 2739 1329 conferantur
2763 1248 2813 1343 ),

686 1379 1034 1458 turresque
1061 1363 1250 1432 editae
1278 1378 1346 1431 et
1381 1363 1757 1457 conjunctae
1783 1365 1959 1432 muri
1995 1361 2219 1432 locum
2254 1363 2693 1432 obtinebant:
2719 1387 2811 1430 ne-

686 1495 818 1565 que
875 1472 1088 1540 nostri
1145 1484 1262 1539 aut
1297 1469 1490 1540 scalis
1513 1520 1535 1557 ,
1590 1483 1707 1537 aut
1764 1470 2059 1539 cratibus
2079 1524 2100 1558 ,
2141 1485 2258 1540 aut
2310 1469 2586 1564 reliquis
2646 1469 2813 1537 rebus

683 1580 900 1672 parati
941 1592 1266 1647 venerant
1303 1576 1390 1644 ad
1430 1576 1977 1672 oppugnandum.
2022 1577 2154 1646 Sed
2196 1591 2416 1645 terror
2458 1577 2814 1646 hominibus

685 1699 978 1755 mentem
1015 1682 1495 1777 consiliumque
1532 1683 1763 1776 eripit,
1790 1698 1859 1752 et
1890 1683 2193 1752 membra
2217 1682 2519 1752 debilitat
2536 1737 2559 1771 ,
2576 1697 2655 1751 ut
2678 1697 2813 1751 tunc

685 1790 942 1860 accidit.
989 1791 1128 1878 Qui
1167 1815 1236 1858 se
1283 1791 1350 1857 in
1391 1814 1585 1883 aequo
1628 1787 1779 1858 loco
1820 1813 1901 1858 ac
1943 1789 2145 1884 plano
2189 1812 2383 1884 pares
2426 1814 2575 1858 esse
2626 1787 2815 1858 confi-

685 1896 962 1985 debant,
984 1895 1217 1982 iidem,
1245 1898 1583 1990 perterriti
1622 1895 1779 1990 fuga
1818 1921 2092 1965 suorum
2125 1910 2194 1964 et
2214 1896 2395 1965 caede
2431 1919 2816 1991 paucorum,

681 2005 887 2071 XXX
930 2001 1180 2098 pedum
1243 2000 1593 2071 altitudine
1636 2003 1707 2069 in
1750 2002 2040 2072 aedificiis
2095 2004 2459 2072 consistere
2496 2005 2648 2073 ausi
2702 2025 2814 2069 non

680 2123 868 2195 sunt,
884 2133 1086 2202 seque
1113 2134 1233 2203 per
1260 2107 1506 2178 molem
1526 2110 1595 2177 in
1616 2132 1803 2177 mare
1827 2111 2446 2205 praecipitaverunt,
2460 2124 2528 2177 et
2550 2103 2815 2178 DCCC²

681 2240 1002 2311 passuum
1035 2214 1384 2284 intervallo
1413 2216 1500 2283 ad
1528 2214 1853 2309 oppidum
1882 2230 2340 2284 enataverunt.
2382 2214 2587 2284 Multi
2614 2231 2816 2285 tamen

678 2348 762 2391 ex
801 2324 878 2392 iis
916 2323 1094 2416 capti
1135 2321 1599 2414 interfectique
1638 2335 1794 2390 sunt
1824 2375 1844 2409 ,
1892 2321 2009 2390 sed
2048 2347 2369 2392 numerus
2412 2325 2817 2417 captivorum

679 2430 954 2498 omnino
994 2427 1120 2496 fuit
1162 2430 1288 2496 DC
1305 2412 1348 2494 ³.

785 2539 978 2605 XIX.
1037 2538 1292 2622 Caesar,
1320 2533 1547 2629 praeda
1582 2534 1897 2605 militibus
1934 2560 2285 2625 concessa,
2322 2536 2605 2606 aedificia
2643 2534 2819 2629 diripi

673 2644 903 2735 jussit,
938 2639 1412 2735 castellumque
1443 2640 1529 2709 ad
1565 2656 1874 2736 pontem,
1907 2644 2021 2736 qui
2057 2645 2333 2738 propior
2348 2641 2365 2666 ¹
2414 2658 2560 2712 erat
2586 2644 2822 2728 Pharo,

766 2834 821 2890 4.
860 2824 1096 2878 Custodia
1113 2836 1288 2895 portus
1317 2824 1499 2875 relicta.
1530 2823 1564 2874 J
1568 2823 1710 2876 urin.
1804 2821 2008 2888 delevi,
2026 2823 2121 2876 sed
2146 2825 2345 2878 habent
2372 2846 2433 2876 ex
2453 2846 2475 2887 ‚·
2502 2836 2822 2897 quapropter

686 2906 868 2959 mallet
897 2904 1128 2960 custodiae
1159 2923 1215 2974 p.
1248 2903 1416 2955 relicti.
1449 2902 1555 2955 ΟΒ.
1589 2903 1713 2955 Sine

683 2986 1011 3041 auctoritate.
1026 3016 1098 3028 --
1111 2984 1208 3039 Ad
1231 2983 1397 3034 littora
1421 2993 1472 3033 et
1493 3002 1547 3035 v.
1582 2982 1711 3054 appl.

682 3065 933 3137 Plerique
981 3062 1142 3117 codd.
1194 3063 1395 3115 habent
1409 3102 1425 3129 ,
1453 3082 1596 3113 naves
1649 3062 1721 3113 ad

680 3148 853 3198 littora
882 3158 930 3197 et
958 3165 1010 3198 v.
1035 3145 1149 3213 adp.
1165 3144 1247 3195 De
1277 3141 1394 3196 vico
1418 3140 1529 3195 vid.
1551 3144 1613 3195 B.
1652 3142 1713 3196 C.

687 3244 787 3295 111,
817 3244 840 3279 1
858 3244 881 3277 1
897 3246 946 3279 2.
977 3226 1056 3277 M.
1073 3220 1372 3276 subaudire
1396 3240 1541 3273 naves
1566 3222 1714 3275 suffl-

687 3308 775 3360 cit.
794 3306 878 3358 Ita
907 3306 1059 3377 prius
1080 3304 1382 3374 conjecerat
1407 3302 1671 3355 Clarkius.

769 3386 899 3443 Ciu».
926 3384 1137 3437 XVIII.
1161 3401 1182 3434 1
1198 3422 1210 3435 .
1230 3382 1332 3452 Ipsi
1354 3402 1416 3433 ex
1439 3386 1713 3435 munitione.

687 3467 758 3519 Et
795 3468 888 3537 ipsi
926 3476 978 3517 et
1009 3486 1069 3515 ea:
1101 3482 1130 3515 a
1159 3461 1314 3513 bonis
1353 3458 1510 3513 codd.
1546 3462 1715 3528 abest;

689 3564 784 3599 nec
809 3545 1092 3617 quisquam
1113 3538 1436 3594 desiderabit
1454 3580 1468 3609 ,
1492 3541 1539 3593 si
1564 3542 1720 3593 omit-

686 3636 845 3680 tatur.
875 3624 954 3678 Μ.
986 3624 1130 3693 Lego
1168 3641 1228 3673 ea
1255 3624 1515 3676 munitione
1531 3662 1547 3689 ,
1571 3620 1717 3693 quod

685 3706 822 3760 bene
873 3702 1022 3757 dedit
1071 3702 1250 3755 Davis.
1297 3700 1550 3772 Sequitur
1593 3720 1718 3753 eum

667 3778 868 3840 'Clark
893 3784 1075 3855 Vulgo
1110 3782 1308 3853 legitur
1343 3802 1426 3841 ex,
1464 3781 1557 3833 ubi
1588 3800 1719 3853 pras-

605 3899 622 3910 ·
684 3867 1006 3939 positionem
1036 3862 1265 3915 deletam
1295 3860 1444 3933 cupit
1469 3860 1716 3933 Scaliger.

686 3944 916 3999 Ursinus
958 3943 1252 4017 reponebat
1292 3946 1346 3993 in
1392 3960 1520 3994 mun.
1572 3940 1714 3994 Oud.

1800 2904 1879 2955 nil
1901 2917 2053 2956 muto
2069 2941 2087 2969 ,
2106 2918 2158 2956 et
2178 2905 2505 2977 interpretor
2522 2926 2611 2965 ex,
2638 2906 2707 2958 du
2724 2906 2827 2955 haut

1800 2983 1885 3044 de,
1918 2995 2009 3037 etc.
2032 3016 2115 3025 -—
2148 2984 2315 3037 Genus
2346 2984 2685 3055 oecltficiorum.
2711 2982 2821 3037 Vid.

1802 3082 1916 3134 cap.
1944 3082 1983 3116 1.
2006 3064 2224 3118 Montis.

1888 3163 1939 3196 2.
1988 3144 2405 3214 octingentorum.
2446 3142 2609 3197 cod.
2662 3142 2824 3197 Vossii

1801 3219 1962 3275 habet
1974 3236 2319 3293 nongentorum
2328 3261 2342 3282 ,
2354 3225 2485 3277 utB.
2504 3226 2570 3277 C·
2592 3243 2667 3277 111
2682 3264 2698 3292 ‚
2712 3242 2735 3277 1
2748 3242 2771 3275 1
2782 3242 2822 3275 ι.

1802 3334 1883 3345 —-
1920 3304 2199 3356 Intervallo.
2232 3304 2337 3355 Alii
2365 3305 2697 3357 intervallum.

1887 3382 1938 3435 3.
1968 3382 2094 3435 Fuit
2116 3384 2231 3438 DC.
2264 3384 2332 3435 In
2369 3382 2531 3437 codd.
2572 3403 2708 3437 vero
2758 3401 2827 3433 ses

1804 3462 1955 3513 millia
1992 3462 2216 3533 legitur,
2245 3483 2407 3535 quem
2435 3482 2756 3527 numerum,
2779 3474 2831 3514 ut

1802 3541 2051 3603 nimium,
2068 3542 2321 3596 videntur
2338 3540 2573 3597 editores
2592 3556 2826 3597 mutasse.

1802 3620 1881 3675 M.
1916 3620 2089 3674 Codd.
2129 3642 2241 3675 non
2283 3624 2485 3675 habent
2523 3646 2616 3676 sea.-
2662 3625 2826 3683 millia,

1803 3699 1897 3754 sed
1941 3702 2267 3773 simpliciter'
2292 3722 2352 3755 v1
2367 3741 2385 3769 ,
2412 3702 2743 3775 superducta
2777 3703 2830 3753 li·

1804 3800 1939 3834 nea:
1971 3781 2117 3835 unde
2154 3802 2409 3837 numerus
2448 3796 2634 3855 potest
2679 3781 2830 3853 accipi

1802 3881 1903 3933 pro
1931 3882 2021 3915 sex
2048 3863 2407 3932 millibus,vel
2432 3883 2534 3935 pro
2563 3862 2832 3917 sexcentis.

1884 3942 2016 3996 Cn».
2047 3944 2199 3995 XIX.
2252 3962 2301 3997 1.
2344 3943 2439 3999 Ad
2482 3957 2718 4015 pontem,
2762 3943 2833 4014 qui

687 4044 788 4097 pro
819 4026 910 4095 ipsi
937 4046 998 4075 ex
1022 4021 1339 4093 conjiciebat
1362 4022 1609 4082 Pharitae,
1640 4022 1719 4073 ni·
1796 4026 2009 4093 propior.
2059 4022 2182 4076 Scil.
2237 4022 2348 4075 duo
2392 4036 2591 4095 pontes
2638 4025 2784 4077 fuere
2817 4038 2830 4073 ε

689 4106 790 4158 mis
817 4102 1081 4157 audacter.
1105 4103 1207 4154 On.
1225 4100 1410 4153 Nostri
1434 4097 1594 4153 codd.
1618 4120 1715 4153 vo-

686 4204 803 4238 rem
823 4188 916 4256 ipsi
945 4202 1056 4236 non
1079 4192 1401 4252 agnoscunt3
1430 4179 1554 4234 ideo
1578 4180 1716 4235 banc

1804 4104 1963 4165 alter,
2004 4104 2097 4173 qui
2128 4104 2325 4156 molem
2369 4123 2493 4155 cum
2522 4104 2742 4168 Pharo,
2768 4102 2832 4153 al·

1805 4194 1907 4245 ter,
1936 4183 2032 4253 qui
2062 4202 2187 4237 cum
2216 4182 2418 4255 oppido
2446 4186 2723 4254 jungeret.
2740 4182 2832 4233 Os.
