3025 5025
503 470 1394 548 SUPPLEMENTUM
1448 472 1591 540 AD
1646 474 1933 542 BELL.
1996 476 2249 545 HISP.
2304 471 2449 573 573

293 606 620 700 inciperet
643 604 1056 699 provinciam
1085 616 1383 689 vastare3
1411 602 1506 670 ita
1542 616 1618 669 ut
1650 603 2089 697 pedetentim,
2121 609 2235 701 qui
2262 606 2454 679 favo-

293 711 534 781 rabiles
573 712 658 779 ab
694 711 882 779 initio
922 708 1214 812 fuerant,
1241 730 1402 777 esse·
1426 709 1797 803 inciperent
1834 709 2063 781 odiosi.
2100 714 2301 783 Hunc
2328 715 2449 784 sibi

293 820 730 887 novissimum
754 816 910 885 belli
938 830 1162 885 actum
1189 814 1462 883 minime
1493 813 1965 909 negligendum
1990 832 2173 887 ratus
2197 822 2447 908 Caesar,

294 948 378 993 eo
415 926 658 1019 raptim
692 922 1153 1018 proficiscitur.
1193 922 1352 991 Duo
1389 923 1458 989 in
1492 922 1627 990 hoc
1662 924 1791 992 iter
1825 922 1937 991 vix
1974 924 2205 993 auditu
2239 926 2450 996 credi·

292 1029 454 1099 bilia
499 1030 910 1099 inciderunt:
950 1052 1106 1099 narn
1149 1030 1349 1097 etiam
1387 1027 1474 1095 ab
1509 1027 1679 1097 urbe
1706 1030 1925 1098 Roma
1954 1030 2022 1097 in
2061 1032 2449 1127 Hispaniam

292 1136 678 1206 ulteriorem
709 1139 1110 1205 immensum
1154 1149 1349 1203 terrae
1387 1136 1672 1229 spatium
1712 1160 2054 1223 emensu3‚
2086 1139 2191 1208 IV
2218 1152 2286 1208 et
2312 1142 2449 1209 XX

291 1241 400 1312 die
443 1244 792 1337 pervenit:
839 1243 1117 1330 viatori,
1163 1266 1248 1309 ne
1287 1240 1505 1309 dicam
1550 1243 1913 1329 exercitui,
1965 1240 2268 1313 celeritas
2316 1270 2446 1341 op-

287 1345 525 1418 tanda!
561 1352 888 1446 Magnum
931 1343 1101 1419 hoc!
1149 1347 1331 1442 quod
1375 1349 1687 1441 sequitur·
1710 1402 1731 1438 ,
1768 1349 1997 1443 majus.
2044 1352 2308 1420 Horum
2352 1354 2445 1421 si·-

289 1456 559 1550 quidem
612 1470 748 1525 tam
786 1480 1156 1549 paucorum
1197 1454 1414 1549 spatio
1456 1453 1715 1560 dierum
1740 1509 1759 1542 ,
1798 1470 1935 1525 tam
1978 1455 2222 1527 multas
2270 1459 2446 1528 inter

289 1586 484 1631 curas
501 1618 519 1651 ,
568 1587 808 1658 poema
872 1562 1135 1657 scripsit
1158 1614 1177 1649 ,
1225 1560 1406 1654 quod
1451 1562 1789 1657 inscripsit
1829 1566 1992 1651 iter,
2046 1564 2227 1657 quod
2266 1563 2441 1634 ‘illud

289 1668 540 1739 scilicet
592 1671 661 1738 in
716 1671 952 1738 itinere
995 1667 1320 1737 edidisset.
1379 1668 1488 1735 Sic
1537 1667 1829 1737 Pierides
1864 1670 2067 1739 armis
2114 1672 2405 1741 inserere
2422 1726 2442 1761 ,

287 1791 358 1844 et
405 1800 749 1871 nunquam
810 1777 1060 1845 otiosus
1124 1798 1267 1843 esse
1333 1771 1673 1842 didicerat.
1736 1776 1962 1844 Primo
2026 1778 2310 1847 Caesaris
2368 1779 2439 1846 in

287 1884 679 1978 Hispaniam
726 1882 1020 1952 adventu
1056 1882 1403 1950 civitatum
1441 1894 1664 1949 motus
1700 1881 1933 1976 ingens
1962 1882 2117 1951 fuit:
2144 1884 2439 1979 undique

283 1988 486 2084 legati
529 1990 614 2059 ad
649 2014 801 2059 eum
823 2044 842 2078 ,
886 1988 1180 2083 undique
1216 1986 1595 2082 transfugae.
1639 1990 1678 2056 J
1680 2010 1788 2057 am
1830 1990 2009 2058 enim
2051 1991 2437 2086 Pompeiani

278 2096 560 2190 juvenes
600 2098 736 2166 sive
773 2098 842 2165 in
881 2096 1110 2165 odium
1135 2149 1155 2183 ,
1197 2096 1337 2163 sive
1384 2096 1455 2162 in
1510 2092 1782 2163 taedium
1834 2098 2005 2164 verti
2060 2113 2434 2193 coeperant3

284 2203 485 2271 etiam
513 2217 591 2272 ut
625 2201 807 2271 nulla
842 2217 1017 2273 esset
1045 2204 1112 2272 in
1149 2202 1242 2270 eis
1269 2199 1485 2295 culpa.
1526 2202 1681 2270 Mos
1714 2215 1817 2270 est
1852 2215 2079 2271 tamen
2123 2207 2435 2299 antiquus

281 2309 693 2404 populorum
749 2334 1011 2403 semper
1067 2332 1282 2378 novos
1328 2306 1639 2376 dominos
1664 2360 1684 2395 ,
1735 2331 1945 2376 novas
2004 2334 2112 2378 res
2154 2326 2435 2405 optare3

281 2417 481 2485 etiam
520 2416 698 2485 fama
718 2417 1018 2485 ‘Caesaris
1064 2414 1247 2484 haud
1296 2414 1633 2483 immerito
1676 2438 1877 2509 super
1912 2440 2145 2484 omnes
2198 2439 2431 2487 excre-

281 2539 519 2611 verat3
559 2539 636 2593 ut
685 2525 977 2592 universi
1039 2523 1344 2591 homines
1397 2521 1541 2615 ejus
1584 2520 1939 2616 splendore
1990 2538 2431 2618 caperentur,

279 2645 734 2725 cuperentque
774 2653 1002 2699 coram
1046 2653 1350 2717 cernere,
1377 2653 1580 2722 quem
1609 2653 1820 2723 usque
1848 2630 2015 2698 adeo
2056 2630 2429 2700 mirabilem

281 2736 656 2806 audiebant.
686 2741 769 2807 In
786 2738 919 2806 hoc
955 2736 1318 2832 principio,
1345 2736 1491 2829 ipso
1519 2737 1721 2804 maris
1750 2736 1818 2802 in
1842 2737 2049 2825 ostio,
2071 2737 2187 2806 ubi
2215 2740 2430 2808 Ocea·

281 2868 408 2912 nus
452 2845 645 2912 terris
702 2842 996 2913 illabitur
1020 2896 1040 2932 ,
1090 2843 1292 2912 etiam
1350 2840 1923 2911 Mediterraneum
1966 2843 2099 2913 hoc
2154 2843 2430 2939 pelagus

279 2965 582 3019 nostrum
605 2953 807 3044 parit,
827 2953 1002 3019 inter
1022 2949 1274 3043 legatos
1295 2948 1585 3017 invicem
1608 2950 1924 3043 partium,
1946 2948 2104 3018 hinc
2123 2950 2398 3020 Didium
2413 3006 2431 3040 ,

277 3056 459 3126 illinc
481 3060 736 3128 Varum
755 3109 774 3144 ‚
801 3071 867 3126 et
910 3054 1238 3126 ambobus
1281 3079 1437 3125 cum
1477 3055 1622 3149 ipsa
1665 3069 2058 3150 tempestate
2102 3072 2429 3127 certatum

279 3178 399 3233 est.
437 3165 581 3234 Nec
623 3165 841 3232 minus
882 3189 921 3232 a
957 3162 1172 3232 ventis
1215 3175 1283 3231 et
1325 3160 1639 3230 fluctibus
1662 3214 1682 3248 ,
1726 3185 1923 3255 quam
1968 3161 2053 3230 ab
2096 3163 2431 3253 hostibus,

276 3269 586 3366 periculi,
624 3285 824 3364 atque
857 3270 1156 3340 horroris
1180 3323 1199 3357 ,
1242 3268 1403 3336 dum
1437 3281 1505 3334 et
1546 3267 1706 3336 hinc
1740 3267 1965 3337 hostes
2006 3272 2345 3359 saevirent,
2366 3287 2435 3340 et

277 3377 460 3446 illinc
509 3378 826 3446 saevitiam
885 3378 1268 3471 rabiemque
1320 3375 1679 3443 hominum·
1732 3376 1941 3443 maria
2004 3393 2391 3448 coercerent
2414 3431 2433 3468 ‚

277 3498 560 3579 utraque
601 3483 810 3553 classe
869 3482 1044 3552 bello
1101 3480 1295 3552 simul
1325 3494 1419 3579 ‚et
1461 3479 1811 3574 naufragio
1855 3480 2235 3572 laborante,
2284 3483 2437 3554 duae

275 3605 500 3686 partes
522 3645 540 3680 ,
565 3590 700 3659 duo
737 3591 946 3659 maria
967 3642 986 3677 ,
1017 3588 1264 3684 duplex
1291 3587 1514 3676 furor,
1540 3586 1687 3656 duae
1716 3585 2201 3660 elementorum
2232 3604 2440 3686 atque

274 3698 625 3766 hominum
673 3695 997 3793 procellae.
1040 3699 1168 3764 Per
1201 3695 1328 3764 hos
1371 3694 1510 3763 dies
1541 3717 1579 3761 a
1610 3696 2001 3764 Caesarianis
2054 3695 2193 3764 duo
2236 3697 2434 3791 pedi-

277 3819 377 3872 tes
417 3804 595 3898 capti
638 3819 792 3872 sunt
813 3858 832 3892 ,
874 3805 988 3897 qui
1026 3825 1095 3871 se
1139 3825 1372 3870 servos
1415 3800 1732 3870 dicerent.
1802 3803 1961 3872 Non
2006 3799 2195 3870 licuit
2227 3805 2295 3871 in
2330 3803 2433 3874 his

277 3913 528 3979 Caesari
573 3935 763 3979 suam
808 3908 1359 3979 consuetudinem
1405 3930 1691 3974 servare.
1738 3909 2111 4002 Antequam
2151 3908 2235 3976 ad
2280 3934 2434 3980 eum

278 4017 774 4087 deducerentur
791 4071 810 4105 ,
846 4016 1027 4110 quod
1058 4039 1096 4083 a
1135 4014 1519 4085 Caesariano
1556 4015 1851 4083 exercitu
1887 4013 2399 4110 transfugissent
2417 4071 2437 4108 ,

279 4125 603 4218 recogniti
655 4139 722 4192 et
779 4147 816 4191 a
870 4121 1188 4192 militibus
1251 4119 1583 4193 interfecti
1644 4135 1801 4190 sunt
1856 4146 1873 4188 ε
1917 4136 1997 4191 et
2050 4117 2437 4204 tabelliones
