3025 5025
634 478 808 551 .3oo
953 484 1029 551 C.

1083 484 1373 551 JULII
1431 482 1907 553 CAESARIS
1964 482 2525 551 COMMENT.

651 627 949 705 quasset,
971 615 1057 683 ad
1099 616 1282 685 hunc
1317 615 1591 685 modum
1630 620 1840 686 aciem
1878 611 2019 710 ejus
2060 619 2454 685 instructam
2498 609 2799 681 animad-

651 722 870 788 vertit.
909 720 1122 790 Erant
1156 725 1225 790 in
1265 725 1529 793 sinistro
1572 746 1783 792 cornu
1822 723 2111 817 legiones
2155 724 2302 792 duae
2316 777 2335 811 ,
2376 719 2717 789 transditae
2763 740 2803 782 a

651 826 950 894 Caesare¹
994 830 1182 897 initio
1219 829 1641 899 dissensionis
1678 856 1761 899 ex
1797 832 1860 898 S.
1903 831 1979 898 C.
2020 854 2303 923 quarum
2350 852 2484 895 una
2541 826 2763 921 prima
2782 876 2802 909 ,

649 928 856 999 altera
893 935 1086 1003 tertia
1121 934 1599 1031 appellabatur.
1635 939 1719 1004 In
1756 961 1837 1005 eo
1868 935 2018 1004 loco
2056 937 2195 1030 ipse
2236 948 2379 1004 erat
2420 932 2799 1025 Pompeius.

646 1037 942 1107 Mediam
1003 1042 1212 1109 aciem
1256 1042 1478 1138 Scipio
1524 1068 1679 1112 cum
1736 1042 2104 1135 legionibus
2162 1041 2444 1134 Syriacis
2507 1036 2799 1108 tenebat.

647 1140 1036 1215 Ciliciensis²
1058 1147 1259 1241 legi0,
1280 1151 1639 1243 conjuncta
1667 1174 1822 1219 cum
1856 1148 2247 1217 cohortibus
2266 1147 2610 1241 Hispanis,
2636 1167 2803 1237 quas

645 1251 1064 1321 transductas
1095 1254 1180 1321 ab
1217 1256 1494 1325 Afranio
1538 1256 1919 1342 docuimus,
1963 1257 2032 1322 in
2074 1254 2311 1323 dextro
2356 1276 2571 1322 cornu
2611 1263 2803 1318 erant

647 1354 1004 1427 collocatae.
1043 1362 1180 1428 Has
1222 1361 1633 1430 firmissimas
1670 1387 1739 1431 se
1774 1362 2023 1429 habere
2067 1362 2424 1454 Pompeius
2465 1360 2799 1426 existima·

645 1459 779 1529 bat.
809 1463 1124 1559 Reliquas
1151 1469 1324 1535 inter
1351 1471 1564 1537 aciem
1598 1470 1885 1537 mediam
1916 1490 2300 1561 cornuaque
2343 1466 2799 1559 interjecerat,

645 1591 1058 1665 numeroque
1111 1574 1423 1643 cohortes
1461 1560 1631 1644 CX³
1668 1575 2066 1671 expleverat.
2126 1576 2285 1643 Haec
2344 1586 2535 1643 erant
2594 1567 2801 1638 millia

727 1780 862 1832 Car.
873 1781 1234 1836 LXXXVIII.
1259 1802 1308 1836 1.
1335 1786 1385 1837 T
1381 1784 1615 1837 ransditoe
1644 1806 1678 1837 a

653 1857 864 1912 Caesare.
886 1860 1028 1914 Vide
1051 1860 1118 1914 de
1135 1863 1266 1915 Bell.
1291 1864 1448 1921 Gall„
1479 1866 1517 1916 1.
1550 1883 1677 1930 v111,

561 1940 570 1949 “
649 1956 693 1988 c.
728 1939 820 2002 54.
841 1972 922 1983 —-
945 1940 1163 2009 Quarum
1192 1963 1289 1995 una
1313 1946 1553 2013 primam.
1588 1965 1677 2015 ap-

641 2018 934 2087 pellabatur.
979 2021 1203 2091 Magnus
1241 2022 1479 2094 Lipsius,
1514 2023 1675 2078 Milit.

649 2116 805 2161 rom„
833 2100 927 2151 lib.
949 2118 1032 2166 tv,
1055 2100 1181 2155 dial.
1207 2104 1238 2155 8
1261 2142 1274 2168 ,
1301 2101 1438 2155 illud
1457 2104 1677 2173 appella-

650 2176 795 2228 batur
815 2180 1036 2233 omnino
1057 2201 1086 2233 a
1111 2182 1318 2234 Caesare
1347 2201 1456 2235 esse
1483 2195 1639 2253 negat
1658 2221 1675 2248 ,

647 2269 906 2329 putatque
938 2279 966 2311 a
997 2261 1227 2314 librariis
1269 2280 1380 2315 esse
1419 2262 1675 2314 substitu-

647 2348 781 2390 tum.
814 2340 961 2409 Ego,
1002 2341 1101 2394 etsi
1139 2360 1252 2393 non
1282 2340 1471 2394 dubito
1510 2340 1675 2395 auda-

643 2416 741 2469 οἰκ
787 2418 1071 2490 plerosque
1121 2419 1452 2490 Judicaturos
1469 2460 1487 2487 ,
1528 2420 1676 2492 quod

643 2498 896 2569 refragari
942 2501 1112 2553 ausim
1127 2539 1144 2566 ,
1186 2499 1458 2556 attendere
1497 2514 1673 2555 tamen

646 2595 770 2629 eum
801 2579 1086 2633 voluissem
1113 2579 1181 2632 ad
1204 2583 1393 2647 verba,
1423 2601 1542 2652 quae
1564 2571 1674 2634 boc

645 2653 786 2709 libro
833 2678 992 2729 supra
1033 2661 1320 2731 leguntur:
1349 2663 1409 2714 L.
1451 2663 1674 2716 Cassium

646 2737 919 2807 Longinum
935 2776 952 2803 ,
969 2759 1074 2792 cwn
1102 2741 1286 2809 legione
1317 2746 1543 2803 tir-onum,
1565 2762 1674 2814 quoe

647 2818 984 2887 appellabatur
997 2819 1259 2883 XXVII,
1283 2834 1372 2875 etc.
1394 2823 1505 2873 Ubi
1534 2822 1677 2874 simi·

645 2896 712 2947 lis
737 2915 958 2967 prorsus
987 2899 1244 2970 loquendi
1289 2899 1500 2954 modus.
1535 2900 1673 2967 Sed,

645 2975 748 3028 hoc
773 2977 910 3044 loce,
925 2978 1257 3032 monendum
1280 2993 1555 3052 praeterea,
1570 3001 1673 3052 pro

647 3056 800 3108 tertia
837 3058 1046 3128 legione
1089 3059 1374 3131 legendum
1411 3061 1540 3113 alios
1570 3081 1672 3132 pu-

646 3147 780 3188 tasse
809 3150 1016 3208 quarta,
1035 3157 1101 3192 ex
1122 3141 1342 3194 Lucano
1356 3180 1372 3207 ‚
1400 3142 1492 3212 qui
1518 3141 1590 3192 ait
1614 3159 1627 3194 ε

760 3251 956 3261 ........
981 3225 1118 3264 Cornu
1135 3227 1208 3264 tibi
1224 3241 1316 3266 cura
1336 3227 1510 3273 sinistri,

644 3291 810 3332 Lentule
822 3321 835 3339 ,
848 3308 936 3333 cum
948 3297 1090 3348 prima,
1104 3311 1194 3350 qua
1205 3307 1289 3336 tum
1301 3297 1378 3336 ruit
1390 3299 1541 3350 optim
1553 3296 1671 3344 bello,

640 3357 694 3400 Et
712 3373 851 3415 quarta
873 3364 1029 3417 legione
1047 3367 1179 3408 datur.
1197 3395 1206 3404 .
1223 3395 1233 3406 .
1251 3395 1260 3404 .
1277 3395 1287 3405 .
1303 3396 1312 3405 .
1330 3396 1338 3405 .

643 3451 749 3505 nisi
779 3454 956 3525 ipsum
985 3457 1264 3510 Lucanum
1291 3459 1551 3510 erravisse
1586 3456 1671 3510 di·

643 3551 822 3586 camus
844 3553 858 3587 :
881 3550 997 3601 aut,
1016 3536 1164 3607 quod
1185 3539 1368 3589 malim
1383 3576 1400 3602 ,
1419 3556 1532 3589 non
1548 3555 1674 3589 con-

641 3614 846 3666 venisse
859 3616 1000 3669 inter
1009 3629 1274 3669 auctores:
1286 3636 1412 3670 nam
1424 3619 1671 3671 Lucanus

641 3692 698 3744 in
719 3692 908 3747 dextro
936 3715 1132 3761 cornu,
1161 3697 1485 3762 Domitium;
1514 3699 1573 3749 in
1599 3699 1669 3750 si-

639 3773 836 3840 nistr0,
858 3776 1174 3829 Lentulum:
1191 3790 1378 3830 contra
1396 3779 1673 3849 Appianus

639 3853 793 3905 illum
813 3855 871 3906 in
902 3854 1035 3908 laevo
1053 3893 1068 3918 ,
1090 3856 1236 3909 hunc
1261 3858 1321 3910 in
1343 3857 1533 3910 dextro
1558 3859 1671 3910 ool-

638 3934 794 3986 locat.
825 3934 1002 3987 Caesar
1023 3935 1137 4007 ipse
1162 3937 1482 4009 Pompeium
1509 3939 1566 3990 in
1599 3939 1670 3991 si-

637 4013 807 4066 nistro
825 4013 902 4066 ait
914 4014 1101 4082 fuisse;
1114 4016 1430 4071 Plutarchus
1441 4057 1458 4084 ,
1474 4019 1531 4071 in
1546 4017 1671 4072 dex·

638 4101 726 4146 tro
739 4129 757 4159 ,
777 4104 832 4145 et
859 4095 1160 4150 Domitium
1194 4098 1254 4150 in
1285 4099 1436 4152 laevoss
1469 4097 1576 4154 Sed
1602 4097 1673 4152 de

1765 1785 2024 1856 Pompeio
2063 1804 2280 1837 movere
2325 1802 2437 1836 non
2468 1780 2631 1835 debet
2646 1819 2663 1846 ,
2698 1781 2800 1833 nisi

1766 1878 2025 1935 quatenus
2050 1863 2250 1918 dicitur
2272 1864 2361 1917 hic
2392 1862 2554 1915 fuisse
2580 1862 2639 1913 in
2669 1859 2797 1913 dex-

1766 1958 1885 2010 tr0,
1911 1945 2023 1997 illic
2054 1940 2113 1997 in
2157 1944 2373 1996 sinistro
2420 1961 2593 1994 cornu
2625 1959 2640 1993 ε
2675 1960 2798 1991 nam

1764 2026 1864 2076 etsi
1896 2025 1985 2077 ille
2012 2026 2070 2076 in
2098 2024 2345 2088 sinistro,
2369 2036 2549 2075 tamen
2582 2039 2799 2092 praepo·

1764 2117 1941 2157 suerat
1967 2122 2181 2175 quoque
2206 2104 2335 2157 huic
2358 2102 2689 2174 peculiarem
2720 2101 2794 2153 le-

1762 2197 1960 2255 gatum.
1984 2184 2061 2236 Ut
2084 2186 2259 2237 Caesar
2280 2184 2392 2254 ipse
2419 2181 2549 2235 dicit
2568 2218 2587 2245 ,
2605 2179 2797 2233 dextro

1764 2282 1933 2316 cornu
1964 2264 2235 2334 praefuisse
2272 2262 2494 2335 Syllam,
2530 2273 2585 2312 et
2618 2272 2797 2312 tamen

1764 2362 1819 2395 se
1838 2356 2025 2396 contra
2048 2342 2366 2415 Pompeium
2386 2340 2689 2395 constitisse
2706 2340 2797 2405 ait,

1762 2423 1867 2475 hoc
1906 2437 2011 2489 est,
2049 2420 2237 2476 dextro
2275 2441 2447 2476 cornu
2477 2439 2577 2475 suo
2597 2457 2614 2484 ,
2650 2418 2796 2491 quod

1726 2543 1733 2552 ,
1763 2506 2134 2574 opponebatur
2177 2503 2393 2556 sinistro
2439 2500 2716 2565 hostium,
2738 2500 2793 2552 in

1762 2602 1871 2653 quo
1915 2585 2201 2655 Pompeius
2249 2595 2378 2636 erat.
2430 2582 2507 2633 Ut
2549 2581 2797 2650 profecto

1761 2662 1978 2716 credere
2001 2662 2225 2716 debeam
2255 2663 2415 2715 etiam
2434 2661 2583 2713 hunc
2614 2661 2796 2712 locum

1761 2740 1831 2794 de
1861 2763 2085 2797 numero
2110 2744 2379 2814 legionum
2403 2743 2459 2794 in
2484 2740 2793 2810 antiquissi-

1760 2823 1861 2874 mis
1894 2822 2053 2876 codd.
2084 2821 2292 2876 diverse
2320 2822 2581 2892 scriptum
2613 2819 2794 2873 fuisse.

1761 2903 2479 2972 Voss1us.Quantacumque
2516 2901 2588 2952 sit
2626 2900 2793 2969 scrip·

1760 2993 1939 3034 torum
1957 3001 2129 3053 supra
2134 2994 2551 3035 memoratorum
2567 2979 2797 3031 auctori·

1759 3050 1847 3114 tas
1848 3101 1865 3126 ,
1886 3063 2082 3116 Caesari
2100 3065 2354 3134 majorem
2367 3058 2673 3114 habendam
2687 3077 2795 3110 esse

1758 3140 1924 3194 fidem
1951 3143 2311 3196 existimamus
2326 3153 2545 3212 ,utpote
2562 3139 2663 3210 qui
2684 3136 2793 3190 dux

1660 3255 1680 3276 a
1758 3221 1874 3292 ipse
1889 3260 1906 3288 ,
1949 3235 2003 3274 et
2032 3222 2175 3274 inter
2214 3221 2461 3293 praelium
2490 3219 2794 3293 praecipuus

1761 3313 1907 3353 actor
1920 3340 1937 3367 ,
1963 3301 2033 3354 de
2062 3301 2254 3354 ordine
2283 3314 2336 3354 et
2360 3319 2587 3354 numero
2618 3299 2797 3368 copia-

1758 3396 1885 3432 rum
1930 3383 2127 3434 certior
2170 3401 2280 3434 esse
2324 3379 2601 3446 debuerit,
2634 3395 2793 3448 quam

1758 3462 2046 3532 scriptores
2061 3500 2077 3526 ,
2105 3462 2198 3532 qui
2222 3462 2362 3513 fama
2392 3474 2603 3514 tantum
2635 3455 2705 3508 de
2729 3457 2793 3508 iis

1759 3538 2062 3593 audierunt.
2078 3542 2340 3593 Praeterea
2352 3542 2489 3595 nihil
2502 3551 2582 3593 est
2594 3539 2650 3590 in
2665 3555 2790 3588 nar-

1758 3621 1965 3674 ratione
1987 3621 2207 3674 Caesaris
2238 3622 2553 3686 obscurum,
2577 3613 2793 3690 quodve

1759 3697 2198 3771 interpretatione
2230 3712 2394 3771 egeat.

1845 3798 1873 3831 2
1884 3821 1897 3832 .
1922 3781 2214 3834 Ciliciensis.
2230 3781 2263 3832 J
2266 3781 2476 3832 urinius
2492 3781 2789 3835 malitSa‘ci-

1760 3861 1938 3912 lien-sis.
1956 3861 2275 3931 Perperam:
2297 3879 2426 3912 nam
2452 3879 2516 3916 ex
2530 3860 2709 3936 Syria,
2736 3875 2789 3914 et

1702 3971 1707 3978 —
1759 3940 1933 3992 Ponto
1948 3977 1965 4005 ,
1978 3952 2033 3992 et
2048 3940 2238 3994 Cilicia
2254 3941 2423 4011 copim
2442 3939 2783 3994 advenerant.

1759 4018 1905 4072 Vide
1931 4039 2119 4091 supra,
2143 4039 2257 4092 cap.
2292 4027 2345 4084 4.

1844 4101 1897 4154 3.
1916 4099 2148 4153 Cohortes
2168 4097 2289 4153 CX.
2311 4101 2484 4165 Bene,
2500 4118 2567 4153 ex
2582 4101 2789 4170 conjec-
