3025 5025
715 458 853 526 DE
907 457 1251 527 BELLO
1309 457 1687 530 CIVILI.
1744 461 1935 530 LIB.
1992 461 2047 530 Ι.
2355 487 2445 532 21

327 585 788 683 confugerant,
819 594 1164 676 convenit3
1203 591 1488 688 reliquas
1526 591 1817 725 legiones
1853 619 1935 662 ex
1967 593 2262 663 hibernis
2302 617 2459 663 evo·

321 708 454 779 cat,
492 710 561 763 et
611 697 921 793 subsequi
963 699 1172 790 jubet.
1222 701 1280 767 F
1284 725 1325 768 o
1370 703 1446 768 L.
1496 685 1764 769 Caesar³
1806 699 2187 772 adolescens
2242 703 2466 788 venit,

325 802 500 893 cujus
553 818 782 898 pater
806 808 1084 874 Caesaris
1147 820 1288 874 erat
1341 794 1663 899 legatus&

1711 811 1809 894 Is,
1846 806 2099 902 reliquo
2159 831 2467 880 sermone

323 907 652 997 confectO,
685 911 872 1004 cujus
918 913 1014 980 rei
1055 937 1254 980 causa
1307 927 1619 1001 venerat,
1659 912 1907 982 habere
1957 939 2025 982 se
2073 939 2112 981 a
2146 916 2465 1008 Pompeio

321 1012 400 1080 ad
427 1040 584 1083 eum
613 1018 857 1111 privati
893 1017 1098 1086 officii
1128 1004 1486 1088 mandata⁵
1518 1019 1965 1089 demonstrat:
2004 1049 2041 1084 «
2070 1021 2239 1089 velle
2269 1023 2467 1089 Pom-

303 1121 540 1211 ,peium
577 1148 647 1192 se
690 1125 937 1192 Caesari
972 1140 1367 1219 purgatum,
1410 1150 1495 1194 ne
1532 1151 1610 1194 ea
1630 1177 1650 1211 ,
1684 1153 1830 1221 quae
1861 1125 2239 1220 reipublicae
2272 1151 2473 1196 causa

321 1229 558 1319 egerit,
595 1229 666 1298 in
693 1255 880 1300 suam
911 1231 1381 1300 contumeliam
1411 1247 1668 1317 vertat3
1704 1257 1965 1328 semper
1996 1258 2064 1302 se
2094 1232 2473 1327 reipublicae

321 1335 676 1404 commoda
721 1339 1026 1431 privatis
1049 1325 1589 1408 necessitatibus⁶
1627 1286 1935 1408 liabuisse
1978 1341 2287 1433 potiora:
2319 1343 2473 1408 Cae-

321 1461 530 1509 sarem
571 1467 837 1536 quoque
870 1470 995 1539 pro
1023 1469 1140 1513 sua
1180 1445 1498 1539 dignitate
1544 1446 1787 1514 debere
1814 1460 1881 1514 et
1920 1446 2211 1514 studium
2246 1458 2315 1514 et
2346 1447 2475 1514 ira-

321 1547 630 1616 cundiam
669 1573 857 1620 suam
899 1550 1280 1646 reipublicae
1323 1552 1655 1620 dimittere
1675 1605 1695 1640 ‚
1731 1577 1945 1648 neque
1988 1553 2155 1624 adeo
2184 1553 2478 1646 graviter

404 1731 456 1784 3.
486 1733 549 1784 L.
579 1732 763 1786 Caesar.
800 1733 957 1786 Hunc
989 1735 1178 1801 Cicero
1194 1735 1230 1787 1.
1251 1753 1354 1801 vu,

331 1810 390 1863 13
415 1813 572 1883 epist.
591 1811 658 1864 ad
679 1816 788 1866 Att.
810 1833 922 1866 non
939 1815 1214 1867 hominem
1227 1854 1243 1880 ,
1265 1813 1358 1867 sed

325 1909 489 1962 scopas
524 1893 724 1946 solutas
765 1895 996 1966 appellat
1009 1933 1026 1960 ,
1052 1893 1110 1946 id
1141 1909 1220 1948 est
1234 1933 1250 1959 ‚
1281 1895 1358 1947 le-

329 1988 468 2033 vem,
495 1973 720 2026 minime
739 1992 952 2044 gravem
963 2013 980 2040 ,
996 1993 1098 2026 nec
1114 1975 1215 2028 sibi
1229 1993 1358 2026 con-

299 2047 310 2066 *
327 2062 568 2105 stantem.
585 2054 666 2106 De
687 2053 982 2107 Caesaribus
1001 2068 1178 2107 autem
1192 2073 1360 2126 pauca

327 2129 463 2197 baec,
476 2133 674 2198 lector,
689 2134 896 2205 accipe,
913 2153 1030 2204 quae
1045 2135 1102 2187 in
1121 2135 1232 2187 vita
1253 2135 1361 2187 Cae-

327 2212 454 2264 saris
467 2213 760 2266 fusioribus
774 2214 949 2268 verbis
962 2214 1360 2284 explicabimus,

325 2309 448 2344 cum
467 2303 748 2345 stemmate
771 2293 941 2363 gentis
965 2294 999 2344 J
1002 2293 1138 2345 uliae.
1155 2291 1228 2345 Hi
1249 2312 1361 2346 ma·

325 2374 508 2443 ,joi-um
545 2373 786 2443 gentium
815 2372 1028 2444 patricii
1065 2386 1243 2438 erant,
1278 2385 1330 2425 et
1343 2411 1360 2438 ,

330 2463 390 2503 ut
419 2471 607 2505 omnes
637 2464 873 2518 norunt,
895 2454 968 2511 „ab
997 2453 1148 2519 Iulo,
1180 2456 1382 2505 AEneae·

329 2532 442 2585 filio
459 2572 476 2598 ,
509 2532 746 2587 oriundi.
776 2534 890 2585 Hos
915 2533 1105 2586 Tullus
1133 2552 1197 2585 ex
1227 2534 1365 2585 Alba

331 2632 492 2685 quam
547 2611 720 2667 diruit
735 2651 753 2678 ,
798 2616 1026 2669 Romam
1079 2614 1362 2667 transtulit.

329 2693 460 2746 Sero
508 2706 688 2753 tamen
703 2731 720 2759 ,
759 2692 859 2747 etsi
906 2693 1256 2759 nobilissimi,
1297 2691 1366 2745 ad

317 2774 673 2845 ,magistratus
701 2785 1092 2845 pervenerunt,
1122 2791 1223 2825 nec
1244 2785 1365 2825 ante

331 2872 458 2907 ann.
491 2854 560 2905 ab
586 2854 658 2905 U.
694 2854 757 2905 C.
784 2871 1067 2924 (πασῃ-φη)
1098 2850 1368 2905 decemvir

331 2934 535 2988 electus
587 2944 666 2986 est
707 2933 912 3005 legibus
949 2931 1346 2991 ,scribendisC

331 3015 366 3067 J
368 3032 536 3067 uuus
557 3012 622 3066 C.
643 3013 704 3066 F.
725 3014 788 3067 L.
808 3014 878 3067 N.
895 3008 993 3075 (ex
1008 3013 1368 3065 marmoribus

335 3106 464 3147 vett.
485 3090 597 3147 vid.
615 3093 772 3145 Grut.
795 3093 955 3145 Thes.
974 3095 1098 3147 Ant.
1118 3111 1172 3163 p.
1203 3088 1366 3161 289,)

337 3193 450 3227 non
467 3174 568 3227 Cn.
586 3173 789 3239 Julius,
804 3184 866 3225 ut
884 3174 1046 3226 habet
1062 3170 1366 3226 Goduinus.

336 3254 485 3307 Gens
521 3254 613 3305 illa
641 3253 700 3305 in
731 3253 914 3324 plures
944 3252 1166 3305 familias
1201 3250 1371 3305 divisa

339 3346 447 3398 est;
475 3334 586 3387 scil.
620 3334 918 3398 Caesarum,
944 3334 1290 3396 Mentonum,
1318 3343 1372 3383 et

337 3413 628 3466 Libonum.
643 3412 822 3467 Prima
845 3413 1010 3465 trium
1023 3412 1368 3464 nobilissima.

423 3500 477 3555 4.
510 3492 662 3562 Cujus
680 3504 824 3563 pater
853 3492 1064 3545 Caesaris
1100 3504 1206 3543 erat
1235 3492 1370 3561 lega·

342 3586 432 3625 tus.
469 3574 552 3625 De
581 3592 663 3625 -eo
697 3571 894 3625 videl.
928 3574 1066 3637 VII,
1093 3590 1139 3624 c.
1185 3590 1283 3636 12,
1308 3572 1369 3624 B.

342 3652 479 3705 Gall.
513 3654 568 3705 Is
599 3664 774 3705 autem
811 3665 924 3705 erat
950 3652 1120 3706 nostri
1154 3651 1372 3705 Caesaris

340 3746 628 3803 cognatus,
659 3731 752 3786 sed
773 3745 982 3786 remoto
1005 3731 1376 3801 consanguini-

343 3814 464 3865 tatis
493 3810 683 3883 gradu.
714 3813 906 3865 Ambo,
925 3812 1186 3883 originem
1212 3809 1373 3862 duce-

343 3892 473 3946 bant
510 3911 541 3945 a
573 3892 734 3945 Sexto
775 3892 924 3944 Julio
957 3894 1158 3945 Caesare
1178 3930 1196 3956 .‚
1225 3901 1376 3961 patre

346 3971 488 4025 Sexti
512 3973 546 4025 J
550 3972 648 4025 ulii
669 3972 917 4036 Caesaris,
946 3972 1042 4043 qui
1059 3984 1376 4043 quaesturam

345 4052 600 4124 suscepit»
619 4072 742 4105 ann.
788 4052 817 4105 5
825 4052 898 4106 83
917 4089 934 4117 ,
973 4050 1140 4104 aedilis
1183 4048 1378 4103 deinde

345 4132 445 4185 fuit
464 4152 550 4187 an.
582 4133 728 4198 588,
753 4132 876 4187 Cos·
905 4150 1025 4185 ann.
1057 4130 1186 4200 596.
1209 4132 1379 4200 Hujus

1445 1735 1711 1789 numisma
1751 1749 1951 1807 argent.
1995 1737 2269 1790 habemus.
2304 1735 2481 1807 Caput

1445 1818 1629 1868 Romae
1654 1817 1913 1888 galeatum
1932 1855 1948 1882 ,
1974 1836 2117 1888 pone
2139 1817 2400 1868 anchora:
2420 1814 2481 1867 in

1447 1913 1627 1949 aversa
1653 1909 1823 1968 parte,
1840 1897 1989 1948 SEX.
2012 1897 2184 1948 IVLI.
2206 1895 2480 1948 CAISAR.

1446 1977 1635 2032 Venus
1670 1977 1728 2030 in
1766 1976 1901 2047 bigis
1932 1989 2220 2030 coronatur
2252 1993 2281 2026 a
2314 1973 2483 2044 Cupi-

1448 2054 1575 2108 dine
1589 2068 1733 2108 retro
1746 2069 1916 2108 stante
1931 2074 1943 2107 :
1958 2057 2015 2109 in
2024 2056 2239 2118 vertice,
2253 2053 2482 2106 ROMA.

1448 2137 1582 2188 Tres
1612 2148 1788 2187 autem
1806 2135 1995 2189 habuit
2012 2135 2151 2187 filios
2180 2135 2243 2186 L.
2273 2135 2306 2185 J
2309 2133 2483 2184 ulium

1451 2215 1743 2281 Caesarem,
1774 2215 1931 2285 hujus
1972 2213 2039 2267 de
2078 2233 2186 2286 quo
2220 2213 2393 2284 agitur
2423 2213 2481 2264 h.

1447 2294 1484 2346 l.
1522 2295 1773 2358 abavum,
1808 2294 2025 2347 Sextum
2055 2294 2262 2345 Julium
2312 2294 2483 2345 Caesa-

1448 2391 1563 2426 rem
1579 2412 1595 2439 ,
1610 2386 1663 2426 et
1684 2376 1746 2428 C.
1770 2375 1803 2425 J
1805 2373 1976 2426 ulium
1990 2374 2266 2428 Caesarem.
2292 2372 2483 2436 Perre,

1449 2464 1511 2506 ut
1540 2452 1784 2520 videtur,
1817 2453 2045 2506 habebat
2084 2453 2305 2504 fratrem
2345 2452 2485 2521 ejus-

1451 2532 1577 2586 dem
1610 2532 1973 2605 cognominis,
2014 2532 2130 2587 Sex.
2168 2532 2277 2583 Jul.
2319 2530 2485 2595 CseS.,

1451 2613 1730 2666 tribunum
1768 2613 2001 2665 militum
2033 2631 2117 2665 an.
2156 2611 2264 2681 57²
2284 2647 2301 2674 ‚
2331 2621 2384 2661 et
2407 2610 2485 2661 le-

1451 2705 1633 2763 gatum
1662 2711 1745 2744 an.
1786 2691 1895 2755 584
1914 2730 1930 2758 ,
1964 2692 2055 2763 qui
2096 2689 2231 2743 duos
2270 2688 2485 2759 reliquit

1451 2772 1611 2838 filios,
1635 2771 1825 2825 Caium
1840 2791 2057 2844 nempe,
2077 2768 2349 2822 dictatoris
2363 2786 2487 2839 pro·

1454 2871 1646 2919 avum,
1679 2864 1731 2905 et
1775 2852 1992 2906 Sextum
2044 2864 2173 2904 natu
2219 2848 2485 2900 minorem

1351 2971 1364 2985 .
1453 2934 1547 3005 qui
1571 2933 1685 2986 sine
1706 2934 1859 3003 prole
1890 2932 2043 2985 obiit.

1542 3013 1591 3065 5.
1614 3013 1670 3066 A
1692 3014 1984 3083 Pompeio..
2012 3008 2255 3063 mandata.
2277 3004 2343 3057 Id
2362 3024 2486 3076 per-

1454 3094 1597 3165 pulit
1623 3093 1941 3164 Pompeium
1968 3091 2033 3146 ad
2068 3090 2171 3140 hoc
2204 3086 2487 3140 consilium

1455 3174 1613 3235 mite,
1651 3171 1798 3242 quod
1850 3172 1919 3225 de
1972 3168 2192 3221 Caesaris
2249 3166 2489 3218 molitio-

1456 3253 1617 3305 nibus
1624 3254 1788 3305 multa
1802 3249 2062 3314 audierat3
2085 3249 2197 3319 ipse
2204 3264 2331 3299 vero
2343 3263 2488 3297 exer·

1457 3333 1625 3386 citum
1650 3330 1896 3384 nondum
1926 3330 2207 3383 collectum
2232 3325 2487 3389 habebat;

1457 3412 1719 3483 denique,
1750 3411 1844 3481 qui
1890 3411 1941 3463 ei
1984 3408 2257 3469 favebant,
2288 3404 2491 3455 malue-

1458 3506 1581 3545 rant
1622 3488 2021 3544 conditionibus
2065 3482 2299 3539 ferendis
2330 3502 2493 3553 quam

1459 3572 1617 3626 armis
1666 3566 2060 3622 committendis
2106 3563 2492 3617 controversias

1460 3652 1727 3721 componi.
1770 3650 1875 3701 Dio
1915 3648 2055 3699 CaSS.
2093 3644 2257 3709 XLI,
2295 3662 2351 3712 p.
2397 3660 2491 3711 99.

1459 3732 1674 3795 Montis.

1544 3814 1597 3863 6.
1614 3804 2007 3863 Necessitatibus.
2038 3804 2146 3856 Alii
2183 3801 2493 3854 necessitudi-

1463 3889 1615 3941 nibus.
1652 3890 1722 3939 At
1753 3899 2013 3957 perpetuo
2049 3885 2131 3936 bae
2158 3901 2314 3936 voces
2344 3900 2492 3935 com·

1462 3978 1756 4020 mutantur.
1784 3966 1911 4019 Haec
1932 3978 2110 4018 autem
2132 3964 2403 4035 antiquior
2420 3961 2497 4014 vi·

1465 4046 1638 4101 detur.
1651 4044 1779 4099 Vid.
1794 4058 1906 4101 not.
1934 4045 2006 4101 ad.
2019 4047 2113 4099 lib.
2130 4044 2298 4109 VIII,
2324 4062 2368 4095 c.
2391 4041 2504 4109 50,

1465 4127 1535 4182 de
1564 4129 1623 4180 Β.
1651 4126 1787 4180 Gall.

2036 4246 2077 4299 2*
2100 4208 2123 4245 3
