3025 5025
665 509 1216 527 mmmssfflaemm
1222 509 1771 528 ”flmmmmlssffi
1777 507 1957 526 mm
1963 507 2042 525 m
2048 491 2519 525 mmmm
2527 501 2723 522 “snm

711 673 1626 782 PRAEMONITIO
1704 675 1896 780 AD
1972 669 2745 780 LECTOREM.

671 1173 1141 1295 Imm-:lirum
1178 1232 1521 1286 auctorem
1564 1243 1739 1307 esse,
1780 1219 2129 1288 didicimus
2156 1239 2195 1283 a
2226 1216 2549 1282 Suetonio
2580 1215 2649 1280 in
2680 1212 2790 1282 Jul.

647 1325 835 1392 -Caes.
865 1317 933 1390 ὀ.
981 1320 1097 1392 56.
1155 1327 1336 1419 Ergo
1390 1326 1665 1394 nomina
1728 1328 1983 1422 Oppii,
2032 1325 2287 1406 Hirtii,
2359 1323 2698 1404 Coesaris,
2738 1319 2795 1384 in

669 1427 1008 1498 codicibus
1065 1430 1335 1523 praefixa
1355 1485 1375 1518 ,
1423 1430 1528 1500 vel
1582 1433 1835 1501 incerta
1860 1486 1881 1520 ‚
1929 1427 2035 1498 vel
2090 1427 2252 1496 falsa
2304 1441 2477 1495 sunt.
2504 1424 2679 1496 Vide
2726 1423 2797 1492 ad

670 1536 809 1602 init.
847 1534 997 1602 libri
1029 1539 1250 1605 octavi
1280 1537 1364 1605 de
1396 1540 1465 1605 B.
1501 1539 1584 1607 G.
1625 1553 1693 1608 et
1727 1538 1877 1607 libri
1914 1536 1997 1605 de
2039 1539 2110 1602 Β.
2146 1532 2331 1603 Alex.
2366 1537 2562 1602 Justo
2590 1532 2799 1634 Lipsio

672 1634 700 1728 (
734 1635 940 1709 Elect.
976 1665 1029 1710 Π
1053 1695 1072 1728 ,
1101 1669 1192 1711 22
1222 1635 1249 1732 )
1281 1643 1394 1712 hic
1429 1642 1631 1732 liber,
1672 1660 1749 1713 ut
1792 1642 2101 1712 Brantius
2143 1640 2437 1726 monuit,
2474 1641 2649 1706 inter
2679 1635 2800 1732 ple-

673 1770 878 1839 raque
915 1772 1192 1816 romana
1231 1751 1476 1844 scripta
1522 1750 1975 1850 simplicitate,
2018 1749 2306 1843 puritate
2342 1760 2411 1813 et
2442 1745 2663 1815 omnis
2699 1767 2801 1838 ge-

674 1854 850 1922 neris
912 1854 1266 1924 virtutibus
1308 1850 1609 1941 eminere
1654 1856 1837 1926 visus
1890 1870 1994 1924 est
2021 1907 2039 1940 ‚
2081 1869 2149 1924 et
2199 1851 2460 1950 dignior
2512 1853 2770 1921 Caesare
2790 1903 2808 1936 ‚

676 1983 876 2053 quam
912 1960 1036 2053 ipsi
1077 1958 1167 2028 illi
1206 1965 1665 2032 commentarii
1697 1961 1781 2031 de
1825 1960 2007 2032 Bello
2037 1956 2298 2030 Gallico
2332 1973 2401 2027 et
2437 1957 2657 2027 Civili.
2696 1957 2808 2024 Cui

676 2067 1015 2134 sententiae
1063 2067 1371 2160 equidem
1434 2069 1848 2139 subscribere
1898 2093 2035 2136 non
2093 2067 2386 2136 sustineo
2402 2117 2422 2152 ,
2464 2065 2581 2158 qui
2638 2063 2813 2158 plura
2928 2117 2930 2122 .

677 2171 880 2239 verba
902 2225 921 2259 ,
965 2196 1005 2239 a
1047 2175 1326 2244 Caesaris
1381 2178 1682 2268 oratione
1742 2174 2170 2268 abhorrentia
2191 2227 2211 2259 ,
2256 2170 2664 2260 anacolutha
2698 2169 2811 2236 du-

679 2277 889 2366 riora,
935 2278 1535 2375 negligentiamque
1570 2307 1708 2351 non
1745 2297 2002 2376 gratam
2043 2281 2106 2347 ei
2141 2281 2353 2348 inesse
2395 2278 2624 2346 sciam.
2655 2275 2813 2345 Vide

679 2408 735 2451 c.
776 2381 892 2454 25.
930 2385 1057 2455 Vel
1095 2386 1258 2455 illud
1293 2393 1560 2457 interim
1595 2413 1820 2457 nonne
1848 2386 1933 2455 ad
1959 2385 2228 2455 taedium
2252 2409 2462 2479 usque
2489 2379 2817 2452 occurrit?

681 2490 778 2559 Ac
833 2491 1140 2585 profecto
1164 2546 1184 2581 ‚
1221 2493 1276 2563 si
1311 2496 1468 2588 ¹quis
1496 2500 1771 2583 recens,
1812 2520 1851 2563 a
1887 2494 2164 2564 Caesaris
2204 2491 2707 2583 commentariis
2744 2487 2816 2556 ad

681 2596 862 2665 hunc
906 2598 1150 2668 librum
1189 2590 1576 2689 accesserit,
1610 2603 1695 2689 is,
1734 2603 2007 2696 opinor,
2036 2598 2487 2667 diversitatem
2518 2622 2662 2665 non
2690 2596 2819 2663 exi·

683 2728 882 2797 guam
929 2705 1235 2775 dictionis
1275 2708 1528 2775 sentiet.
1572 2706 2060 2789 GuischarduS‚
2090 2706 2204 2799 qui
2239 2729 2378 2773 non
2422 2703 2822 2785 orationem,
2928 2702 2930 2779 ξ

683 2810 799 2879 sed
842 2836 982 2881 rem
1029 2813 1462 2901 examinavit,
1505 2828 1573 2881 et
1614 2814 1804 2908 cujus
1848 2813 2239 2883 sententiam
2280 2812 2414 2879 suis
2460 2809 2623 2879 locis
2666 2806 2821 2877 indi·
2928 2830 2930 2897 ξ

685 2918 874 3003 cavi,
911 2920 1032 2986 etsi
1083 2921 1420 3013 scriptoris
1465 2922 1770 3015 peritiam
1816 2920 2157 3014 agnoscit;
2200 2932 2425 2985 tamen
2470 2918 2719 3010 saepius
2754 2912 2827 2981 de

686 3022 972 3094 obscura
1001 3024 1325 3093 brevitate
1363 3042 1764 3120 conquestus
1788 3040 1923 3113 est,
1947 3023 2155 3093 multa
2192 3024 2670 3091 examinaturis
2698 3044 2827 3088 rem

687 3126 914 3196 relicta
956 3155 1096 3199 esse
1141 3134 1429 3221 censuit,
1464 3148 1533 3201 et
1566 3132 1869 3226 quaedam
1907 3131 2073 3199 adeo
2110 3129 2337 3197 alienae
2374 3153 2613 3195 manus
2656 3126 2829 3195 addi·

689 3249 986 3304 tamenta
1038 3238 1158 3305 sibi
1213 3239 1535 3332 reperisse
1586 3241 1763 3308 visus
1816 3254 1933 3307 est.
1980 3240 2239 3306 Monus
2260 3227 2314 3301 ⁴².
2362 3234 2565 3302 Plura
2626 3233 2719 3301 de
2764 3256 2833 3299 eo

689 3339 859 3409 libro
898 3356 966 3410 et
1008 3346 1306 3437 sequenti
1349 3343 1645 3413 dicemus
1680 3348 1748 3413 in
1787 3342 2249 3439 supplemento
2292 3341 2473 3435 quod
2502 3342 2650 3433 jam
2693 3364 2832 3435 pro-

689 3449 984 3517 misimus
1027 3450 1113 3517 ad
1157 3465 1468 3543 quartum
1520 3450 1834 3519 volumen
1878 3449 2182 3518 editionis
2221 3449 2439 3541 hujus.
2486 3448 2837 3516 Enrroms

684 3556 901 3623 Nota.

772 3730 797 3755 '
821 3732 894 3786 Et
923 3728 1063 3787 huic
1093 3729 1250 3787 libro
1283 3731 1462 3788 Hirtii
1491 3750 1711 3788 nomen
1742 3730 1993 3807 praefixit
2019 3714 2487 3805 Oudendorpius
2529 3746 2711 3785 more
2751 3746 2841 3783 re·
2928 3714 2930 3717 Α

693 3839 905 3903 cept03
950 3848 1259 3906 quumque
1299 3829 1480 3907 vulgo
1530 3828 1610 3885 ita
1655 3828 1823 3885 citari
1866 3827 2078 3895 soleat,
2120 3825 2281 3883 idem
2311 3824 2460 3881 mihi
2506 3822 2844 3881 faciendum

694 3924 915 3998 putavi.
949 3924 1349 3983 Guischardus
1389 3938 1589 3983 censet
1610 3970 1629 3998 ‚
1671 3926 1855 3981 Hirtii
1880 3924 1994 3982 hoc
2036 3944 2187 4001 opus
2218 3942 2251 3979 a
2281 3924 2442 3979 Iulio
2476 3922 2654 3979 Celso
2706 3939 2840 3995 sup-

597 4056 604 4059 ·
691 4019 922 4096 pletum
939 4065 956 4092 ,
988 4033 1048 4079 et
1073 4023 1187 4080 sub
1217 4023 1496 4082 incudem
1528 4035 1868 4081 revocatum
1887 4065 1903 4092 ‚
1940 4021 2043 4099 qui
2071 4020 2209 4079 binc
2240 4019 2383 4077 inde
2428 4018 2694 4076 barbara
2724 4015 2847 4073 mis-

688 4118 897 4173 cuerit.
933 4122 1154 4176 Onnum.
