3025 5025
604 465 759 551 {284
1401 469 1550 538 DE
1579 467 1952 541 ‘'BELLO

603 598 933 684 constitit3
961 598 1103 665 sine
1148 599 1351 668 dubio
1394 603 1804 690 existimans,
1831 602 2010 672 ultro
2053 602 2509 692 adversarioS‚
2543 629 2740 700 quum

602 699 740 772 tam
777 705 1033 797 magnis
1073 707 1279 801 copiis
1320 706 1704 802 auxiliisque
1741 711 1914 804 regis
1947 724 2168 778 essent
2202 711 2460 805 praediti
2481 764 2501 797 ,
2538 738 2744 807 prom·

597 809 905 905 ptiu'sque
932 810 1423 905 prosiluissent,
1447 829 1603 883 ante
1632 840 1702 884 se
1733 840 2209 905 concursuros,
2239 819 2650 912 propiusque
2681 841 2743 886 se

594 919 998 986 accessuros.
1046 921 1239 1012 Equo
1284 921 1776 990 circumvectus
1795 975 1813 1010 ‚
1857 921 2282 1017 legionesque
2328 924 2745 1011 cohortatuS,

596 1025 789 1118 signo
825 1023 1019 1112 dato,
1058 1049 1400 1095 accessum
1436 1027 1733 1096 hostium
1776 1028 2280 1123 aucupabatur:
2321 1031 2462 1124 ipse
2491 1032 2672 1098 enim
2712 1054 2749 1097 a

588 1132 733 1200 suis
769 1131 1252 1201 munitionibus
1293 1131 1556 1228 longius
1599 1159 1738 1204 non
1775 1136 1916 1203 sine
1947 1137 2208 1204 ratione
2251 1161 2390 1204 non
2432 1136 2747 1231 procede·

592 1237 743 1323 bat,
766 1236 947 1331 quod
985 1238 1053 1304 in
1090 1239 1337 1333 oppido
1374 1241 1623 1328 Uzittae,
1651 1240 1840 1334 quod·
1863 1242 2084 1336 Scipio
2121 1242 2426 1329 tenebat,
2453 1242 2750 1311 hostium

592 1344 785 1412 erant
813 1345 1124 1414 cohortes
1160 1360 1467 1434 armatae3
1505 1346 1724 1416 eidem
1761 1361 1984 1418 autem
2013 1347 2300 1443 oppido²
2323 1348 2409 1416 ad
2439 1345 2745 1417 dextrum

591 1450 765 1520 latus
784 1451 925 1544 ejus
961 1476 1175 1520 cornu
1192 1466 1337 1521 erat
1364 1455 1786 1548 oppositum3
1811 1455 2304 1548 verebaturque
2320 1509 2340 1543 ‚
2367 1480 2486 1541 ne,
2509 1457 2564 1523 si
2584 1481 2746 1550 prae-

575 1556 957 1650 ¹'tergressus
986 1572 1158 1627 esset
1177 1611 1196 1644 ‚
1221 1583 1304 1626 ex
1340 1559 1592 1654 oppido
1619 1561 1970 1654 eruptione
1997 1559 2209 1649 facta,
2237 1561 2320 1628 ab
2359 1561 2568 1629 latere
2596 1587 2745 1630 eum

590 1663 808 1734 adorti
844 1663 1305 1733 conciderent.¹
1330 1668 1660 1735 Praeterea
1696 1666 1840 1735 haec
1877 1691 2141 1760 quoque
2177 1691 2332 1734 eum
2378 1691 2582 1736 causa
2620 1683 2745 1737 tar·

592 1771 809 1858 davit,
852 1769 1033 1864 quod
1073 1786 1219 1840 erat
1260 1771 1447 1841 locus
1489 1772 1761 1866 quidam
1811 1773 2292 1867 perimpeditus
2341 1789 2500 1842 ante
2542 1777 2746 1843 aciem

590 1878 917 1972 Scipionis
934 1931 954 1964 ,
990 1883 1188 1970 quem
1218 1879 1351 1946 suis
1388 1879 1867 1973 impedimento
1914 1879 2000 1946 ad
2038 1877 2216 1948 ultro
2259 1881 2747 1950 occurrendum

595 1984 743 2054 fore
786 1982 1224 2076 existimabat.

701 2090 885 2163 LIX.
921 2091 1081 2160 Non
1108 2089 1399 2158 arbitror
1428 2115 1571 2159 esse
1599 2092 2244 2186 praetermittendum
2262 2146 2281 2181 ‚
2308 2093 2744 2187 quemadmo-

593 2198 756 2266 dum
787 2197 1113 2264 exe'rcitus
1140 2197 1483 2290 utriusque
1517 2197 1766 2266 fuerint
1794 2199 1863 2266 in
1895 2200 2106 2267 aciem
2130 2197 2500 2268 instructi¹.·
2529 2202 2744 2295 Scipio

576 2291 727 2372 ⁸hoc
754 2302 957 2372 ‘modo
988 2302 1468 2371 aciem'direxit
1504 2329 1518 2370 :
1554 2302 1928 2374 collocabat
1955 2305 2024 2372 in
2047 2304 2268 2375 fronte
2296 2330 2446 2374 suas
2470 2321 2539 2374 et
2566 2310 2603 2375 J
2605 2308 2746 2376 ubae

595 2409 890 2505 legiones
930 2435 945 2476 ε
992 2423 1226 2504 postea
1267 2424 1491 2480 autem
1539 2410 1868 2479 Numidas
1912 2413 1982 2479 in
2018 2411 2412 2480 subsidiaria
2467 2413 2611 2481 acie
2663 2416 2746 2482 ita

592 2518 1015 2609 extenuatos,
1040 2519 1201 2585 etin
1228 2516 1713 2612 longitudinem
1744 2516 2067 2605 directQS,
2101 2533 2179 2587 ut
2205 2517 2442 2612 procul
2471 2518 2745 2615 simplex

596 2650 740 2695 esse
768 2624 941 2693 acies
976 2623 1193 2692 media
1216 2623 1302 2691 ab
1329 2622 1736 2718 legionariis²
1761 2623 2078 2693 militibus
2105 2624 2479 2711 videretur3
2506 2628 2581 2694 in
2605 2652 2742 2697 cor-

599 2731 795 2800 nibus
822 2745 1044 2799 autem
1074 2728 1321 2824 duplex
1342 2754 1485 2799 esse
1510 2731 2029 2802 existimabatur.
2070 2730 2484 2826 Elephantos
2514 2732 2742 2803 dextro

600 2838 995 2930 sinistroque
1032 2861 1245 2905 cornu
1281 2830 1761 2925 collocaverat,
1787 2836 2148 2932 aequalibus
2183 2840 2356 2939 inter
2397 2864 2512 2909 eos
2547 2840 2742 2910 inter·

601 3080 609 3090 ,
689 3049 719 3083 2
728 3070 741 3083 .
756 3028 935 3081 Eidem
942 3038 1105 3079 ‘autem
1116 3026 1321 3098 oppido,
1336 3038 1435 3081 etc.
1450 3027 1485 3079 J
1488 3026 1631 3079 urin.

604 3111 721 3164 hoec
748 3109 825 3165 ita
854 3108 1067 3179 refingit
1089 3126 1103 3159 ε
1127 3108 1226 3161 οὲᾰ.
1259 3127 1307 3161 a.
1350 3107 1528 3178 oppido
1568 3107 1640 3159 ad

608 3193 737 3251 latus
747 3225 766 3250 ‚
786 3188 1005 3241 dextrum
1027 3190 1129 3258 ejus
1142 3206 1289 3242 romu
1303 3206 1325 3249 ‚·
1342 3206 1453 3239 non
1468 3186 1636 3252 male,

606 3269 701 3324 sed
720 3262 833 3323 sine
856 3268 1184 3321 auctoritate.
1198 3298 1280 3309 --
1298 3268 1433 3319 Eum
1452 3266 1630 3319 adorti.

606 3352 639 3403 J
642 3351 783 3403 urin.
816 3348 1034 3420 conjicit
1062 3358 1245 3418 aperto.
1277 3346 1379 3401 ΟΒ.

690 3431 820 3487 ΟΑΡ.
839 3430 986 3481 LIX.
1003 3445 1047 3481 1.
1064 3426 1550 3496 Quemadmodum...
1566 3430 1637 3477 in·

610 3513 795 3563 structi.
822 3510 981 3561 Hunc
1001 3522 1215 3579 quoque
1238 3506 1417 3559 locum
1444 3518 1637 3559 nacta-

612 3591 689 3644 vit
713 3585 1077 3661 Guischardus
1100 3581 1279 3649 (Me'm.
1300 3588 1401 3639 mil.
1416 3585 1544 3639 Vol.
1569 3603 1637 3651 11,

612 3692 667 3743 p.
698 3674 809 3734 246
828 3708 845 3735 ‚
866 3670 953 3721 vel
972 3668 1039 3720 T.
1057 3685 1106 3719 11
1122 3705 1138 3733 ‚
1162 3686 1216 3737 p.
1255 3663 1403 3730 340)
1422 3706 1437 3733 ,
1466 3680 1642 3720 suam-

611 3748 1140 3824 que.e1plicationem
1154 3747 1220 3799 ab
1238 3745 1526 3799 adversarii
1541 3744 1639 3798 du-

610 3824 959 3886 bitationibus
973 3828 1047 3880 ita
1073 3824 1315 3879 defendit
1328 3822 1504 3887 (Me'm.
1525 3830 1636 3878 crit.

610 3925 663 3964 et
680 3913 793 3963 hist.
815 3928 870 3982 p.
898 3908 1009 3977 5²9
1028 3946 1045 3973 ,
1062 3907 1148 3960 vel
1166 3906 1232 3959 T.
1256 3897 1340 3971 ἐν,
1369 3925 1427 3977 p.
1460 3909 1572 3959 226
1588 3902 1636 3970 )‚

611 4005 673 4045 ut
702 4009 817 4062 cap.
854 3992 926 4043 60
952 4000 1126 4043 totum
1156 3998 1387 4041 verteret
1414 3998 1479 4043 ,et
1511 4004 1641 4057 pro-

610 4068 907 4144 pemodum
936 4068 1162 4122 verbum
1184 4064 1253 4119 de
1282 4066 1449 4119 verbo
1474 4066 1642 4119 inter-

611 4161 914 4223 protaretur
929 4186 945 4214 ,
966 4160 1021 4200 et
1044 4149 1101 4199 in
1120 4146 1285 4201 altero
1304 4146 1448 4199 libro
1465 4145 1642 4199 tabula

1723 3027 1816 3079 eri
1861 3027 2029 3081 ineisa
2083 3028 2386 3083 illustraret.
2432 3028 2574 3083 Inde
2625 3050 2742 3103 ergo

1721 3107 1802 3179 rei
1825 3106 2203 3179 cognoscendoe
2223 3108 2451 3162 studiosi
2474 3108 2740 3183 adjumen-

1723 3199 1839 3239 tum
1871 3179 1976 3242 sibi
2007 3201 2207 3258 petent.
2239 3189 2317 3241 M.
2351 3187 2497 3242 Vide
2537 3209 2742 3263 quoque

1721 3266 2166 3340 Supplementum
2199 3266 2268 3320 ad
2305 3282 2562 3339 quartum
2600 3272 2741 3324 volu·

1723 3365 1848 3399 men
1878 3358 2074 3399 nostres
2099 3346 2370 3401 editionis.
2401 3349 2510 3402 Pro
2527 3353 2738 3417 fuerint,

1723 3425 1870 3497 quod
1895 3424 2052 3481 codd.
2084 3427 2243 3495 dant,
2269 3429 2358 3481 alii
2377 3464 2394 3491 ‚
2404 3432 2630 3496 fuerunt.

1808 3525 1860 3560 α.
1894 3506 1980 3559 Ab
2013 3509 2310 3578 legionariis.
2336 3508 2642 3563 Delendum
2673 3522 2742 3562 est

1719 3586 1804 3638 ab.
1834 3586 1987 3639 Acies
2024 3586 2200 3641 media
2241 3588 2508 3661 Scipionis
2534 3588 2740 3643 videba-

1724 3678 1814 3717 tur
1832 3666 2134 3737 legionariis
2151 3667 2371 3721 Caesaris
2386 3688 2500 3722 esse
2511 3670 2738 3742 simplex.

1723 3744 1812 3799 M.
1847 3748 2023 3801 Davis.
2075 3747 2396 3820 interpolata
2439 3762 2593 3821 putat
2636 3750 2740 3801 hac

1724 3826 1889 3879 verba
1918 3826 1981 3879 ab
2011 3828 2108 3899 leg.
2143 3828 2242 3881 mil.
2273 3828 2522 3883 Clarkius
2550 3848 2648 3901 pro
2683 3827 2740 3879 ab

1725 3906 1845 3959 vult
1864 3926 1944 3961 ex.
1967 3907 2002 3959 J
2004 3908 2146 3967 urin.
2165 3909 2394 3979 explicat
2408 3911 2742 3979 post'legiom·

1727 3990 1824 4039 rios
1865 3988 2054 4042 milites.
2084 3984 2409 4043 Guischardi
2448 3988 2738 4061 explicatio·

1727 4084 1854 4119 nem
1880 4066 2007 4121 Vol.
2041 4086 2118 4131 n,
2159 4086 2281 4140 pag.
2319 4072 2432 4133 246
2452 4106 2470 4135 ‚
2499 4067 2736 4139 sequitur.

1728 4147 1944 4201 Momm.
