3025 5025
622 435 719 508 62

2130 301 2146 333 i

907 437 985 504 C.
1040 436 1329 504 JULII
1386 433 1865 506 CAESARIS
1921 434 2478 505 COMMENT.

620 595 777 663 cum
802 569 908 658 iis,
932 593 1094 663 quas
1122 568 1444 656 habebat,
1480 566 1884 663 legionibus,
1916 591 2185 636 omnem
2211 565 2596 636 ulteriorem
2624 568 2780 637 His-

619 678 888 772 paniam
925 690 1207 745 tueatur.
1253 677 1374 744 His
1410 674 1610 744 rebus
1646 676 2057 762 constitutis,
2100 675 2355 767 equites
2408 672 2780 768 auxiliaque

621 785 746 852 toti
791 783 1147 873 Lusitaniae
1191 806 1232 849 a
1267 782 1568 868 Petrei03
1612 779 1961 850 Celtiberis
1979 834 2000 868 ,
2032 780 2385 850 Cantabris
2406 835 2427 864 .,
2456 781 2783 850 barbaris·
2822 867 2827 871 ἢ

621 914 754 984 que
797 890 1108 958 omnibus
1134 941 1153 977 ,
1212 890 1328 982 qui
1377 887 1462 956 ad
1515 890 1865 958 Oceanum
1926 890 2263 983 pertinent
2290 941 2311 975 ‚
2364 888 2451 956 ab
2494 887 2781 957 Afranio

623 999 1054 1092 imperantur.
1103 995 1366 1082 Quibus
1412 996 1703 1081 coactis,
1740 993 2043 1064 celeriter
2085 995 2383 1064 Petreius
2423 1020 2544 1089 per
2602 998 2782 1064 Vet-

623 1119 814 1172 tones
838 1102 925 1170 ad
950 1101 1300 1170 Afranium
1339 1103 1662 1195 pervenit.
1706 1103 2141 1172 Constituunt
2182 1103 2525 1170 communi
2565 1103 2783 1171 consi-

625 1195 750 1279 Ιὶο3
755 1207 1057 1298 ,bellum
1094 1207 1180 1276 ad
1218 1206 1510 1276 Ilerdam
1531 1262 1551 1298 ,
1578 1223 1855 1303 propter
1898 1211 2103 1302 ipsius
2147 1207 2277 1278 loci
2316 1210 2783 1302 opportunita—

627 1263 798 1404 tem’,
835 1339 1086 1410 gerere.

625 1485 735 1538 nile
762 1502 776 1536 ε
817 1499 997 1536 aversa
1045 1494 1198 1554 parte
1245 1480 1533 1554 delphinus
1548 1519 1565 1547 ,
1606 1495 1661 1536 et

629 1563 803 1636 aquila
813 1602 830 1629 ,
845 1562 1026 1616 medio
1039 1576 1248 1634 sceptro
1260 1580 1274 1614 ε
1287 1563 1426 1615 infra
1435 1601 1453 1628 ,
1466 1563 1659 1614 Μιοιῐ.

625 1646 853 1698 Pnocos.
891 1643 1062 1694 Porro
1099 1655 1248 1714 pater
1276 1642 1537 1694 Varronis
1553 1680 1570 1708 ,
1601 1654 1663 1694 ut

627 1724 764 1776 mihi
806 1721 1052 1786 videtur,
1081 1742 1112 1775 e
1151 1721 1357 1774 Licinia
1399 1721 1565 1774 domo
1603 1721 1663 1774 in

628 1803 938 1856 Terentiam
962 1803 1258 1854 transierat.

717 1884 772 1934 3.
805 1881 1118 1934 Con-stimant
1143 1883 1378 1932 communi
1407 1882 1661 1934 consilia...

629 1959 926 2026 Vidimus,
970 1979 1123 2032 capp.
1191 1959 1615 2030 praecedentibus
1645 1998 1664 2026 ,

627 2040 906 2114 quomodo
922 2041 1102 2092 omnia
1127 2041 1302 2092 Caesar
1317 2039 1663 2110 disposuerit,

629 2135 724 2187 ut,
741 2121 936 2173 omisso
966 2113 1288 2190 Pompei0,(
1306 2133 1422 2172 tum
1453 2119 1666 2172 defectu

629 2202 852 2254 navium
875 2197 944 2252 ad
963 2218 1086 2252 eum
1116 2197 1532 2271 insequendum,
1548 2212 1665 2252 tum

624 2283 757 2354 ¹quia
764 2279 1050 2350 Pompeius
1062 2280 1386 2350 plurimum
1373 2299 1428 2331 m
1443 2279 1607 2332 Orien
1614 2293 1667 2332 te

633 2358 780 2433 apud
804 2378 952 2430 reges
981 2371 1034 2412 et
1059 2360 1289 2430 populos
1313 2360 1544 2424 valeret,
1566 2379 1667 2412 nec

631 2443 746 2514 ipse
773 2440 948 2493 Caesar
972 2458 1088 2492 rem
1111 2439 1234 2493 satis
1257 2449 1374 2490 tuto
1401 2440 1667 2492 committi

573 2578 586 2597 Χ
633 2541 788 2625 posse
813 2533 1028 2593 putaret
1057 2539 1182 2573 cum
1211 2520 1556 2573 inferioribus
1581 2538 1669 2573 co·

634 2603 738 2674 piis
753 2592 777 2668 >
793 2638 812 2665 ,
841 2614 894 2653 et
921 2599 1174 2653 redacta'
1159 2619 1218 2651 ιιι
1247 2618 1398 2651 suam
1433 2613 1666 2672 potesta·

635 2696 745 2735 tem
773 2681 993 2745 Italia,
977 2700 1036 2732 ιιι
1067 2680 1377 2751 Hispaniam
1402 2682 1668 2750 trajecerit

635 2762 943 2813 exercitum.
971 2761 1042 2812 At
1082 2778 1194 2811 non
1239 2760 1503 2811 minorem
1541 2780 1668 2813 sane

635 2844 694 2893 in
711 2840 946 2893 consiliis
958 2840 1255 2909 legatorum
1276 2840 1522 2911 Pompeii
1543 2859 1671 2911 pru-

635 2920 874 2973 dentiam
903 2917 1326 2971 animadvertere
1355 2932 1450 2973 est.
1484 2920 1668 2984 Quum

639 3000 834 3053 Fabius
847 2998 1158 3069 Hispaniam
1170 2997 1421 3051 invadere
1429 3000 1669 3065 tentavit,

639 3083 759 3133 tres'
777 3098 892 3130 eam
922 3078 1165 3150 Pompeii
1193 3076 1353 3149 legati
1388 3080 1668 3145 tenebant,

639 3178 871 3231 quorum
912 3158 1118 3230 primus
1132 3196 1150 3223 ,
1185 3159 1438 3211 Afranius
1451 3196 1468 3223 ,
1499 3160 1669 3212 maxi-

639 3258 782 3291 mam
792 3252 998 3310 partem
1007 3240 1299 3310 occupabat
1309 3278 1325 3305 ,
1340 3257 1534 3309 nempe
1542 3240 1673 3293 Tar·

637 3338 984 3373 raconensem
1019 3338 1188 3391 usque
1218 3317 1284 3371 ad
1318 3320 1669 3373 Castulonen-

639 3420 752 3454 sem
799 3400 990 3452 saltum
1003 3437 1020 3465 ,
1055 3392 1078 3461 (
1118 3398 1332 3451 Cazorla
1361 3420 1382 3462 ;
1413 3400 1627 3453 Caslona
1648 3419 1669 3453 .·

639 3493 761 3533 cette
782 3484 946 3550 partie
986 3480 1243 3549 comprend
1275 3481 1326 3531 la
1369 3479 1543 3533 Galice
1556 3519 1573 3545 ,
1602 3480 1671 3531 les

639 3563 892 3623 Asturies,
911 3564 1075 3630 partie
1102 3560 1168 3614 du
1187 3580 1412 3631 royaume
1441 3560 1500 3611 de
1517 3562 1665 3621 Le'on,

641 3642 693 3693 la
732 3642 962 3711 Biscaye,
997 3640 1048 3691 la
1074 3639 1324 3702 Navarre,
1359 3639 1667 3709 l'Arragon,

640 3723 686 3773 Ie
713 3722 962 3791 Royaume
990 3720 1051 3771 de
1079 3720 1139 3773 V
1131 3721 1321 3782 alence,
1355 3732 1408 3771 et
1442 3720 1510 3771 les
1544 3720 1671 3771 deux

645 3799 874 3853 Castilles
890 3796 946 3863 ),·
977 3800 1111 3853 alter
1149 3813 1325 3853 autem
1339 3838 1356 3866 ,
1398 3800 1637 3852 Petreius
1650 3836 1669 3865 ‚

640 3880 708 3933 ab
737 3880 843 3933 hoc
872 3880 1008 3932 saltu
1044 3878 1111 3933 ad
1145 3882 1317 3933 Anam
1357 3880 1559 3932 flumen
1584 3874 1604 3943 (
1626 3880 1672 3933 le

643 3959 1029 4033 Guadalqtcivir‚
1055 3962 1088 4012 ὰ
1113 3980 1202 4013 son
1240 3962 1574 4025 embouclmre;
1604 3962 1671 4013 ks

642 4060 890 4113 myaames
913 4039 974 4093 de
1001 4040 1214 4105 Mur-cie,
1240 4042 1300 4093 de
1335 4041 1587 4105 Grenade,
1622 4054 1674 4093 et

633 4124 796 4191 partie
809 4122 871 4175 de
887 4117 1292 4189 l'Andalousie);
1315 4122 1504 4180 tatius
1520 4142 1669 4188 vero,

823 4282 849 4321 ἱ

1748 1481 2033 1534 Terentius
2059 1484 2236 1535 Varro
2249 1521 2266 1547 ,
2288 1484 2355 1534 ab
2382 1483 2499 1535 Ana
2524 1502 2694 1554 usque
2719 1484 2785 1537 ad

1748 1561 1981 1614 Durium
1996 1558 2235 1624 flumen(
2252 1563 2299 1614 le
2311 1558 2517 1626 Dour-0)
2535 1601 2553 1628 ,
2583 1562 2789 1618 scilicet

1747 1641 2077 1694 Lusitaniam
2130 1661 2255 1694 cum
2316 1643 2641 1696 Vettonibus
2684 1639 2706 1706 (
2742 1647 2787 1696 le

1750 1742 1977 1792 royaume
2004 1721 2089 1773 des
2110 1723 2371 1791 -Algarves
2383 1762 2399 1784 ‚
2435 1723 2479 1774 le
2510 1724 2781 1794 Portugal,

1751 1801 2147 1854 l'Estramadure
2158 1841 2175 1864 ‚
2200 1815 2252 1853 et
2271 1806 2433 1873 partie
2458 1803 2526 1854 du
2554 1823 2786 1874 rqyaume

1750 1881 1811 1932 de
1849 1877 2031 1945 Le‘ou).
2063 1882 2209 1934 Tum
2238 1882 2296 1935 in
2321 1883 2429 1936 hoc
2456 1901 2677 1936 summae
2704 1887 2787 1938 rei

1749 1959 1911 2014 cardo
1956 1963 2295 2028 versabatur,
2330 1975 2408 2025 ut,
2431 1963 2671 2034 primum
2719 1967 2787 2019 ab

1751 2039 2051 2094 invadenda
2102 2041 2359 2114 Hispania
2405 2043 2789 2114 prohiberetur

1752 2120 1975 2186 Fabius,
2005 2133 2059 2174 et
2100 2120 2223 2175 ideo
2266 2123 2517 2176 Afranius
2554 2142 2789 2196 occupa-

1752 2213 1900 2254 verat
1916 2201 2079 2254 saltus
2100 2202 2415 2272 Pyrenaeos3
2447 2201 2671 2269 deinde,
2694 2219 2788 2273 ut,

1752 2281 1797 2332 si
1814 2279 2123 2334 Caesarianis
2139 2281 2399 2354 Hispania
2410 2282 2659 2337 interdici
2672 2304 2787 2339 non

1750 2374 1947 2430 posset,
1960 2361 2145 2414 saltem
2162 2361 2229 2414 ab
2244 2362 2415 2415 initiis
2426 2377 2789 2433 morarentur-3

1752 2453 2079 2512 quapropter
2094 2442 2243 2494 locus
2270 2440 2545 2514 eligendus
2564 2459 2683 2498 erat
2696 2463 2791 2498 na-

1752 2532 1873 2573 tura
1886 2534 2222 2592 opportunus
2230 2560 2247 2587 ,
2264 2524 2371 2575 situ
2382 2524 2789 2593 munitissimus,

1752 2598 1897 2653 unde
1924 2602 2085 2653 simul
2100 2594 2516 2655 defenderentur
2536 2604 2790 2660 Cosetani

1754 2675 1775 2743 (
1801 2682 1854 2732 la
1880 2680 2155 2751 Catalogne
2178 2679 2237 2747 ),
2272 2684 2531 2737 Celtiberi
2550 2678 2619 2746 (l’
2620 2686 2789 2738 Arra-

1749 2778 1877 2829 gon,
1910 2756 1966 2826 )‚
1996 2761 2251 2815 Cantabri
2280 2756 2301 2823 (
2332 2762 2385 2813 la
2418 2763 2629 2834 Biscaye
2644 2762 2668 2829 )
2684 2804 2703 2831 ,
2734 2781 2789 2820 et

1754 2842 2025 2893 Vascones
2044 2831 2129 2903 (la
2157 2838 2412 2905 Navarra)
2428 2844 2621 2908 ;simul
2648 2865 2787 2917 quo-

1754 2938 1860 2991 que
1890 2920 2170 2975 interiores
2198 2922 2266 2974 in
2282 2923 2467 2975 officio
2496 2925 2793 2979 retineren-
2790 2932 2797 2939 “

1755 3012 1861 3053 tur.
1908 3000 2079 3053 Porro
2106 3002 2365 3055 -Petreius
2406 3020 2533 3056 cum
2572 3006 2681 3057 suis
2708 3006 2790 3059 le-

1753 3079 2013 3155 gionibus
2008 3118 2032 3145 ,
2066 3093 2188 3134 ante
2219 3081 2507 3136 adventum
2534 3084 2689 3137 Fabii
2719 3084 2791 3139 ad

1753 3156 2019 3237 Ilerdam(
2036 3158 2281 3225 Low-ida),
2303 3182 2463 3235 super
2486 3162 2689 3217 flumen
2711 3166 2793 3219 Si-

1710 3272 1731 3281 .-
1748 3222 1965 3302 norim(
1994 3242 2045 3291 la
2086 3239 2311 3311 Saga-e),
2358 3263 2469 3296 non
2512 3244 2670 3315 longe
2720 3248 2791 3299 ab

1754 3319 1914 3372 Ibero
1936 3315 1996 3382 (l
2002 3321 2152 3373 'Ebre
2176 3318 2226 3385 )‚
2254 3321 2321 3374 ad
2350 3324 2632 3377 Afranium
2661 3345 2789 3397 per-

1756 3400 1932 3466 venit3
1950 3414 2109 3473 atque
2136 3403 2293 3454 ambo
2320 3422 2377 3455 se
2394 3404 2677 3469 muniunt,
2696 3426 2787 3459 ex-

1755 3493 2047 3550 spectantes
2055 3482 2282 3547 hostem,
2290 3480 2421 3535 dum
2431 3484 2661 3555 reliquas
2671 3505 2793 3557 par-

1758 3570 1834 3613 tes
1880 3562 2163 3624 Terentius
2205 3574 2473 3629 tueretur,
2494 3576 2549 3615 et
2592 3567 2789 3618 auxilia

1755 3652 1995 3711 pararet,
2031 3655 2121 3694 aut
2163 3656 2389 3712 cogeret.
2436 3644 2633 3697 Omnia
2673 3647 2789 3699 haec

1756 3738 1881 3773 sane
1917 3720 2213 3792 prudenter
2241 3720 2525 3795 disposita,
2556 3737 2611 3777 et
2650 3726 2791 3779 nihil

1755 3800 2075 3855 intentatum
2105 3803 2467 3874 reliquerunt,
2497 3804 2601 3857 nisi
2639 3805 2789 3879 quod

1757 3881 1895 3934 forte
1910 3901 2023 3934 non
2039 3884 2162 3935 satis
2182 3883 2373 3937 acriter
2385 3885 2677 3956 Pyrenaeos
2694 3886 2793 3939 sal·
2837 3897 2845 3904 ‘

1755 3974 1841 4015 tus
1851 3960 2203 4016 defenderint.
2217 3962 2429 4015 'Horum
2442 3965 2791 4019 consiliorum

1756 4042 2069 4114 sapientiam
2105 4044 2297 4097 clarius
2326 4044 2674 4099 illustrabunt
2708 4066 2791 4100 se-

1756 4124 1989 4193 quentia.
