3025 5025
686 416 834 488 368
1426 478 1431 485 .
1481 416 1619 484 DE
1674 414 2039 485 BELLO

677 552 873 623 victis
889 600 907 634 ,
946 549 1296 642 omniaque
1333 548 1695 616 victoribus
1744 561 1936 615 erant
1978 546 2203 614 futura
2248 544 2319 613 in
2376 546 2623 614 incerto
2662 570 2677 613 τ
2722 543 2808 613 illi

681 659 735 725 si
784 668 1206 751 superassent
1226 654 1510 723 navibus
1528 708 1548 741 ,
1572 656 1793 723 omnia
1826 666 2161 736 tenerent3
2196 654 2249 720 si
2285 650 2623 721 inferiores
2662 650 2808 719 fuis-

615 770 636 824 ?
683 777 831 831 sent
856 817 875 850 ,
933 760 1252 855 reliquam
1317 775 1543 829 tamen
1612 759 1949 829 fortunam
2010 756 2562 853 periclitarentur.
2622 756 2817 827 Simul

679 868 842 937 illud
886 890 1089 963 grave
1131 892 1210 937 ac
1255 868 1569 937 miserum
1612 866 1997 953 videbatur,
2048 888 2419 960 perpaucos
2456 863 2540 933 de
2577 887 2821 933 summa

683 1000 909 1044 rerum
954 998 1032 1043 ac
1074 974 1158 1042 de
1197 972 1406 1043 salute
1453 974 1757 1042 omnium
1798 972 2140 1042 decertare
2181 997 2195 1039 :
2244 996 2534 1065 quorum
2587 973 2640 1040 si
2688 970 2823 1064 quis

685 1096 802 1150 aut
849 1083 1070 1150 animo
1122 1096 1238 1149 aut
1281 1082 1531 1148 virtute
1577 1081 1909 1166 cessisset,
1953 1078 2223 1173 reliquis
2266 1078 2467 1145 etiam
2506 1091 2676 1147 esset
2716 1100 2824 1145 ca-

680 1186 979 1256 vendum
1004 1184 1050 1276 ²,
1087 1188 1328 1282 quibus
1385 1212 1509 1281 pro
1563 1210 1631 1275 se
1676 1184 2021 1281 pugnandi
2070 1184 2349 1255 facultas
2398 1210 2539 1253 non
2591 1181 2821 1252 fuisset.

684 1296 845 1363 Haec
897 1293 1350 1387 superioribus
1401 1292 1633 1361 diebus
1679 1316 2131 1387 saepenumero
2180 1283 2405 1359 Cae'sar
2450 1292 2587 1359 suis
2630 1314 2824 1385 expo-

687 1414 936 1487 suerat,
972 1389 1051 1468 ut
1078 1400 1212 1469 hoc
1245 1400 1482 1493 majori
1522 1401 1743 1468 animo
1784 1396 2296 1483 contenderent,
2328 1396 2511 1498 quod
2541 1398 2821 1465 omnium

687 1505 967 1575 salutem
993 1507 1118 1574 sibi
1143 1504 1679 1576 commendatam
1714 1503 2033 1573 viderent.
2062 1502 2317 1573 Eadem
2340 1528 2535 1572 suum
2566 1504 2821 1597 quisque

687 1611 1263 1701 contubernalem,
1310 1613 1599 1681 amicum
1618 1666 1637 1697 ,
1676 1626 1913 1681 notum
1959 1633 2367 1729 prosequens
2418 1624 2564 1679 erat
2610 1610 2815 1678 obtes-

688 1733 898 1806 tatuS,
920 1743 1006 1787 ne
1037 1742 1223 1788 suam
1252 1734 1449 1812 atque
1478 1718 1777 1787 omnium
1811 1716 2067 1785 falleret
2101 1717 2519 1810 opinionem,
2556 1738 2817 1809 quorum

682 1772 934 1943 judicio
983 1822 1281 1895 delectus
1335 1823 1420 1892 ad
1477 1848 1773 1919 pugnam
1827 1822 2379 1918 proficisceretur.
2428 1825 2665 1916 Itaque
2705 1822 2816 1889 hoc

691 1932 916 2000 animo
968 1946 1072 1999 est
1121 1930 1577 2022 decertatum,
1616 1945 1694 1998 ut
1736 1954 1951 2024 neque
1992 1931 2338 1999 maritimis
2379 1910 2814 2023 nauticisque³

696 2036 984 2105 sollertia
1027 2051 1223 2131 atque
1267 2062 1374 2107 ars
1420 2036 1797 2131 praesidium
1838 2036 2077 2123 ferret3
2132 2060 2351 2131 neque
2392 2059 2673 2105 numero
2710 2056 2814 2102 na-

691 2144 878 2211 vium
915 2143 1380 2236 praestantibus
1431 2142 1790 2212 multitudo
1836 2141 2183 2237 prodesset
2201 2197 2221 2231 ,
2265 2166 2481 2236 neque
2524 2140 2709 2210 electi
2746 2136 2814 2206 ad

690 2235 1049 2317 virtutem⁴
1092 2274 1174 2317 ex
1216 2264 1400 2318 tanta
1440 2248 1863 2332 multitudine
1906 2250 2201 2318 hostium
2236 2248 2374 2315 ‘viri
2416 2249 2649 2318 virtuti
2686 2270 2813 2314 nos-

691 2370 954 2425 trorum
991 2370 1266 2450 possent
1295 2355 1647 2451 adaequari.
1688 2355 1970 2450 Capitur
2004 2354 2137 2423 hoc
2177 2348 2403 2449 praelio
2446 2356 2811 2448 quinquere-

681 2464 820 2532 ‘mis
849 2486 986 2532 una
1009 2477 1078 2532 et
1097 2463 1366 2532 biremis
1394 2488 1549 2532 cum
1581 2461 2037 2532 defensoribus
2066 2460 2593 2558 remigibusque,
2623 2473 2687 2530 et
2716 2457 2809 2529 de·
2853 2512 2857 2516 -

681 2637 879 2738 ‘pulsi-5.-
897 2668 1052 2720 bene.
1081 2625 1186 2720 Se⁶d
1211 2667 1286 2722 ita
1309 2686 1434 2721 mox
1461 2666 1726 2722 delebitur
1787 2627 2173 2739 ⁹conjecturam
2186 2666 2523 2734 Clarkins,et
2542 2685 2572 2720 e
2590 2666 2651 2718 B.
2663 2663 2719 2718 C.
2734 2679 2813 2726 m,

696 2751 866 2809 victis,
903 2745 1048 2817 quod
1087 2747 1618 2818 interpretamentum
1648 2761 1726 2800 est

697 2829 840 2897 ejus,
866 2827 959 2897 qui
984 2843 1202 2880 monere
1229 2827 1432 2891 voluit,
1464 2829 1645 2899 pulsos
1672 2839 1725 2880 et

697 2906 926 2958 victores
949 2907 1152 2976 opponi
1169 2917 1270 2970 ,ut
1285 2906 1454 2960 victos
1485 2919 1539 2960 et
1563 2909 1727 2960 victo-

699 3004 803 3038 res.
829 2985 909 3045 Μ.
925 2986 1108 3037 -Ιίἱί
1122 3025 1138 3048 ,
1165 2989 1209 3037 εἰ
1228 2999 1385 3057 super.
1405 2987 1589 3039 Minus
1612 2987 1727 3040 haec

701 3064 971 3118 cobaerent
1013 3084 1136 3118 cum
1175 3063 1599 3137 praecedentibus
1612 3105 1629 3130 ‚
1666 3067 1725 3118 ni

703 3141 983 3197 subaudias
999 3164 1156 3216 quum.
1181 3145 1285 3198 ΟΒ.

787 3243 838 3276 a.
867 3225 1080 3294 Reliquis
1107 3229 1250 3276 etiam
1289 3237 1412 3276 esset
1450 3226 1725 3279 cavendum.

702 3303 816 3356 Sibi
858 3302 926 3356 de
963 3302 1146 3357 salute.
1179 3302 1319 3356 Edd.
1365 3303 1611 3375 quiedam
1642 3326 1727 3356 ca·

701 3383 906 3436 dendum
923 3423 938 3446 ,
965 3381 1114 3455 quod
1144 3383 1358 3436 Davisio
1383 3386 1573 3454 placet.
1601 3386 1732 3438 Ros-

702 3477 842 3517 setus
855 3477 909 3516 et
939 3463 1186 3516 Clarkius
1205 3463 1424 3516 voluere
1454 3464 1728 3516 cedendum.

705 3545 829 3596 Non
856 3562 1008 3615 opus.
1050 3543 1226 3595 Multo
1264 3542 1442 3596 minus
1485 3543 1731 3598 admittes

701 3624 734 3674 J
739 3643 902 3676 urum
931 3623 1170 3677 luendum.
1193 3622 1298 3675 ΟΒ.

787 3704 841 3757 3.
891 3703 1155 3755 Maritimis
1212 3702 1731 3776 nauticisque.C01if.

701 3801 817 3854 cap.
864 3802 954 3846 12,
972 3795 1025 3835 et
1048 3781 1172 3836 vide
1193 3795 1376 3836 notam
1414 3802 1464 3836 a.

784 3869 838 3925 4.
877 3863 1041 3914 Electa·
1068 3863 1138 3914 ad
1171 3867 1415 3916 virtutem.
1455 3864 1539 3916 Ita
1574 3863 1735 3916 Davi-

701 3943 808 3994 sius
860 3943 1130 4014 ingeniose
1186 3945 1414 4015 conjecit
1450 3941 1738 4014 legendum

700 4039 844 4086 esse,
881 4040 917 4073 1.
967 4040 1014 4074 Ε.
1056 4036 1278 4096 propter
1317 4024 1603 4091 Virtutem,
1652 4043 1739 4076 Τί·

1814 2751 1906 2812 84.
1941 2747 2295 2818 comparavit,
2318 2747 2458 2798 electi
2482 2747 2555 2797 ad
2583 2746 2812 2816 pernicita-

1813 2839 1922 2878 tem.
1947 2827 2023 2880 M.
2054 2829 2121 2880 Τὸ
2144 2828 2282 2879 electi
2303 2828 2414 2897 jam
2428 2826 2641 2878 volebat
2669 2823 2811 2878 Ciacc.

1812 2905 1989 2960 Codd.
2007 2906 2171 2971 varii,
2186 2907 2332 2976 fhcti
2341 2945 2356 2967 ‚
2372 2903 2523 2958 unde
2540 2909 2813 2976 conjectura

1811 2987 1912 3039 ista
1936 2987 2144 3058 egregie
2158 2986 2420 3038 firmatur.
2440 2985 2704 3046 Caeterum
2708 2983 2816 3055 fleti

1811 3067 2017 3119 bonum
2061 3085 2275 3119 sensum
2315 3063 2409 3117 dat
2426 3104 2442 3131 ,
2466 3065 2504 3117 i.
2550 3084 2597 3117 e.
2636 3061 2812 3116 inducti

1812 3159 1999 3200 contra
2040 3158 2253 3198 suetum
2294 3163 2521 3197 morem.
2558 3145 2660 3196 ΟΒ.
2700 3137 2811 3198 Cod.

1813 3238 1993 3280 noster
2010 3226 2313 3297 5764flect1·
2330 3225 2400 3276 ad
2420 3228 2653 3276 virtutem
2666 3243 2685 3276 .·
2698 3239 2816 3274 men·

1815 3304 1959 3360 dose.
1985 3303 2233 3358 Notanda
2256 3317 2433 3356 autem
2455 3305 2617 3358 lectio
2640 3301 2747 3356 cod.
2764 3303 2815 3353 R.

1822 3386 2014 3456 5768:
2047 3404 2197 3460 neque
2212 3387 2365 3452 flecti
2386 3378 2408 3445 (
2432 3403 2537 3455 pro
2560 3380 2732 3455 flecti)
2751 3381 2819 3432 vel

1817 3466 1953 3517 electi
1982 3465 2053 3517 ad
2075 3469 2320 3526 virtutem.
2349 3465 2688 3534 Reponamus
2714 3478 2814 3532 ergo

1816 3545 1967 3597 electi.
1981 3577 2064 3586 —-
2085 3544 2419 3596 Multitudine.
2451 3543 2498 3594 E
2537 3538 2691 3596 cddd.
2720 3551 2815 3612 post

1817 3625 1922 3676 hoc
1940 3625 2164 3676 verbum
2191 3621 2499 3676 addendum
2528 3635 2606 3676 est
2624 3623 2808 3673 hosm-

1820 3702 2001 3756 Μ.Ῑᾶ
2033 3704 2210 3756 visum
2253 3703 2468 3756 Davisio
2515 3716 2569 3756 et
2612 3699 2809 3755 Clarkio.

1824 3784 2025 3837 Contra
2048 3798 2233 3848 natum
2256 3799 2286 3835 e
2308 3784 2475 3857 glossa
2500 3781 2676 3835 statuit
2695 3775 2805 3832 oud.

1825 3864 1929 3916 ΟΒ.
1941 3865 2162 3918 -—V'1'·n'.
2207 3863 2331 3916 Non
2375 3876 2581 3916 certum
2626 3873 2697 3914 est
2730 3859 2807 3910 hoc

1811 3945 2089 4010 -verbum,
2120 3944 2163 3996 si
2205 3941 2365 3996 codd.
2414 3953 2734 4015 spectentur,
2766 3948 2805 3988 et

1803 4076 1807 4081 .
1826 4037 2000 4096 potest
2021 4022 2302 4077 commode
2320 4023 2514 4076 abesse.
2540 4023 2616 4074 M.
2632 4022 2690 4074 In
2706 4035 2801 4070 uos·

701 4098 846 4153 tione
869 4101 1108 4161 virtutis,
1150 4103 1216 4164 εἰς
1253 4104 1446 4174 ἀρετὴν.
1487 4095 1741 4159 Probavit
1830 4105 1927 4157 tris
1950 4101 2106 4157 codd.
2140 4124 2245 4157 vox
2276 4106 2377 4155 vir-1⁸
2396 4103 2671 4174 reperitur.
