3025 5025
575 479 724 577 392
1370 426 1921 549 DEJBELLO

568 616 880 707 Namque
904 636 984 681 eo
1011 613 1250 683 missus
1285 628 1512 683 aestate
1550 638 1703 683 cum
1732 611 1993 681 duabus
2029 608 2397 705 legionibus
2434 609 2521 697 Q.
2553 610 2721 678 Cor-

571 720 830 789 nificius
857 718 902 807 ¹,
937 722 1218 789 Caesaris
1273 735 1562 814 quaestor
1596 744 1723 815 pro
1778 732 2063 813 praetore
2080 771 2099 803 ‚
2143 740 2551 810 quamquam
2580 729 2725 785 erat

570 828 918 921 provincia
943 826 1214 895 minime
1243 829 1514 921 copiosa
1538 825 1622 895 ad
1650 826 1977 895 exercitus
2004 822 2277 893 alendos
2293 876 2314 909 ‚
2343 834 2413 891 et
2436 820 2723 891 finitimo

570 932 748 1003 bello
799 957 877 1002 ac
930 932 1444 1003 dissensionibus
1464 946 1749 1001 -vastata
1798 946 1865 1001 et
1908 930 2211 1000 confecta
2227 983 2248 1018 ‚
2292 942 2523 997 tamen
2564 954 2723 1023 pru-

571 1039 796 1110 dentia
823 1062 902 1107 ac
925 1038 1444 1134 diligentia-sua,
1471 1038 1653 1133 quod
1687 1061 2002 1133 magnam
2030 1060 2263 1107 curam
2288 1034 2724 1129 suscipiebat,

569 1170 656 1213 ne
673 1170 807 1240 quo
833 1160 1084 1215 temere
1111 1146 1628 1241 progrederetur
1645 1198 1665 1233 ‚
1686 1160 1755 1215 et
1782 1145 2035 1239 recepit
2053 1197 2074 1231 ‚
2096 1158 2165 1213 et
2180 1140 2497 1211 defendit.
2513 1144 2721 1212 Nam·

571 1276 700 1346 que
745 1267 812 1322 et
855 1250 1120 1322 castella
1151 1252 1502 1347 complura
1522 1305 1542 1341 ,
1582 1251 1743 1321 locis
1780 1251 1973 1321 editis
2002 1250 2253 1346 posita,
2272 1274 2574 1344 quorum
2604 1272 2723 1342 op-

567 1361 942 1453 portunitas
973 1358 1364 1428 castellanos
1391 1356 1777 1453 impellebat
1804 1358 1889 1428 ad
1923 1357 2351 1427 decursiones
2377 1350 2724 1425 'faciendas

569 1480 636 1533 et
677 1464 928 1535 bellum
975 1465 1395 1535 inferendum
1414 1518 1434 1554 ,
1477 1466 1915 1560 expugnavit,
1938 1488 2169 1558 eaque
2216 1462 2445 1557 praeda
2484 1459 2723 1531 milites

567 1570 848 1640 donavit
893 1565 921 1662 (
948 1596 1096 1666 quae
1124 1575 1246 1641 etsi
1285 1586 1430 1641 erat
1471 1573 1689 1643 tenuis
1718 1624 1737 1657 ‚
1773 1585 2000 1641 tamen
2028 1572 2097 1639 in
2129 1584 2319 1639 tanta
2358 1569 2725 1663 provinciae

565 1677 1027 1772 desperatione
1053 1676 1073 1703 ²
1097 1695 1258 1749 erat
1311 1693 1498 1772 grata
1519 1732 1539 1766 ‚
1576 1680 1947 1773 praesert-im
1990 1678 2253 1747 virtute
2282 1690 2479 1770 parta
2524 1666 2555 1765 )
2598 1688 2725 1743 :et

568 1808 773 1878 quum
813 1787 1140 1854 Octavius
1181 1810 1263 1853 ex
1293 1784 1453 1879 fuga
1496 1782 1857 1854 Pharsalici
1890 1782 2119 1879 praelii‘
2132 1806 2375 1877 magna
2414 1779 2629 1851 classe
2654 1782 2723 1848 in

563 1888 750 1959 illum
783 1916 854 1959 se
883 1892 1102 1960 sinum
1137 1889 1525 1961 contulisset
1538 1943 1557 1979 ‚
1594 1892 1839 1986 paucis·
1867 1890 2149 1959 navibus
2191 1889 2689 1958 Iadertinorum
2702 1941 2723 1975 ,

565 2021 856 2090 quorum
893 2022 1156 2092 semper
1199 2000 1270 2066 in
1314 1996 1795 2092 rempublicam
1842 1996 2175 2093 singulare
2209 1997 2609 2066 constiterat
2634 1994 2723 2064 of·

565 2101 792 2171 ficium
813 2156 855 2203 ,Ι
875 2102 1184 2197 dispersis
1223 2104 1611 2174 Octavianis
1666 2103 1949 2173 navibus
1992 2119 2137 2175 erat
2171 2104 2423 2198 potitus
2438 2154 2459 2189 ‚
2496 2116 2577 2171 ut
2618 2100 2721 2169 vel

565 2208 773 2279 classe
815 2210 1134 2281 dimicare
1169 2226 1426 2306 posset,
1469 2211 1801 2305 adjunctis
1854 2211 2135 2305 captivis
2178 2209 2459 2279 navibus
2500 2209 2719 2301 socio-

564 2340 736 2383 rum.
767 2318 856 2385 Et
884 2342 1092 2412 quum
1119 2318 1563 2388 diversissima
1596 2334 1785 2412 parte
1811 2318 1995 2388 orbis
2020 2332 2352 2386 terrarum
2376 2317 2505 2385 Cn.
2533 2318 2725 2385 Pom·

547 2424 788 2541 peium
811 2425 1030 2495 victor
1055 2427 1280 2494 Caesar
1311 2438 1737 2520 sequeretur,
1764 2423 2274 2519 compluresque
2304 2422 2719 2491 adversarios

559 2531 632 2596 in
666 2529 1012 2624 Illyricum
1055 2545 1352 2626 propter
1369 2531 1783 2602 Macedoniae
1823 2532 2391 2625 propinquitatem
2424 2555 2531 2616 se,
2569 2526 2715 2598 reli

561 2637 730 2728 quiis
783 2662 866 2706 ex
903 2633 1063 2732 fuga
1101 2637 1428 2727 collectiS‚
1463 2637 1821 2707 contulisse
1866 2637 2165 2724 audiret,
2202 2635 2427 2706 literas
2464 2633 2551 2705 ad
2584 2637 2716 2705 Ga-

524 2742 816 2812 'binium
871 2745 1075 2812 mittit
1092 2796 1112 2830 ‚
1157 2745 1256 2813 uti
1305 2770 1462 2812 cum
1506 2743 1878 2839 legionibus
1920 2746 2214 2842 tironum
2238 2796 2257 2831 ‚
2300 2765 2449 2836 quae
2504 2765 2718 2836 nuper

563 2862 768 2916 erant·
799 2851 1191 2944 conscriptae
1210 2905 1231 2940 ‚
1269 2851 1806 2944 proficisceretur
1858 2852 1927 2919 in
1967 2849 2307 2944 Illyricum
2327 2902 2347 2938 ,
2382 2848 2713 2942 conjunc-

563 2943 780 3048 tisque
826 2957 1032 3049 copiis
1071 2982 1225 3025 cum
1254 2957 1340 3045 Q.
1381 2957 1747 3026 Cornificio
1771 3010 1792 3044 ‚
1840 2957 1893 3025 si
1929 2956 2112 3050 quod
2151 2953 2524 3052 periculum
2561 2979 2711 3050 pro·

563 3062 800 3153 vincia}
821 3062 1180 3132 inferretur
1197 3117 1218 3152 ‚
1240 3062 1635 3156 depelleret:
1658 3065 1759 3132 sin
1780 3087 1861 3132 ea
1888 3088 2028 3132 non
2050 3064 2309 3159 magnis
2333 3063 2545 3156 copiis
2574 3075 2713 3130 tuta

563 3191 706 3235 esse
746 3183 1004 3261 posset,
1043 3170 1110 3236 in
1155 3169 1625 3238 Macedoniam
1668 3169 1961 3269 legiones
2004 3168 2403 3238 adduceret:
2444 3191 2709 3239 omnem

640 3407 772 3458 Cn.
801 3407 973 3459 XLII.
1004 3426 1025 3459 1
1039 3447 1050 3459 .
1077 3408 1144 3477 Q.
1165 3405 1470 3477 Cor-afficias.
1487 3407 1591 3460 Hic
1680 3425 1805 3461 mus
1830 3425 1845 3461 t
1877 3417 2039 3479 caput
2074 3408 2111 3458 J
2112 3406 2227 3462 ovis
2266 3407 2551 3459 Ammonis
2594 3423 2708 3462 cum

559 3496 638 3537 est
667 3483 736 3537 ad
767 3504 926 3556 quem
965 3487 1158 3539 Cicero
1190 3486 1397 3544 scribit,
1433 3487 1589 3558 epist.
1678 3488 1934 3540 cornibus
1964 3487 2163 3540 arietis.
2200 3487 2267 3538 In
2306 3503 2490 3540 aversa
2530 3498 2679 3557 parte
2696 3523 2711 3550 ,

555 3564 628 3616 ad
657 3565 865 3631 Famil„
891 3567 928 3618 l.
959 3584 1058 3619 ιιι.
1087 3566 1232 3618 Gens
1263 3567 1589 3634 Cornificia,
1680 3568 1747 3633 Q.
1790 3567 2063 3620 CORNIF
2064 3565 2190 3619 1C1.
2225 3565 2510 3618 AVGVR.
2558 3565 2703 3618 IMP.

555 3664 650 3698 seu
691 3645 1029 3710 Comuficia‚
1059 3646 1297 3718 plebeia,
1332 3645 1585 3700 sed-con·
1676 3645 2709 3718 augurvelatus.Dext.lituum;corom·

553 3725 743 3778 sularis
777 3744 794 3778 :
843 3723 1106 3796 siquidem
1165 3727 1364 3780 Lucius
1422 3728 1587 3782 frater
1672 3728 1765 3779 bat
1796 3745 1921 3780 eum
1950 3727 1986 3779 J
1986 3746 2097 3779 uno
2122 3723 2319 3796 sospita
2330 3725 2475 3796 pelle
2500 3723 2709 3796 caprina

463 3813 468 3828 ¹
555 3806 750 3870 Quinti
779 3806 884 3863 fuit
912 3825 1018 3859 cos.
1047 3807 1274 3877 an..715
1307 3825 1430 3859 cum
1461 3807 1581 3861 Sex.
1672 3808 1879 3860 amicta.
1912 3807 2025 3860 Sin.
2058 3819 2281 3860 scutum.

555 3885 833 3956 Pompeia
851 3885 1047 3939 Noster
1066 3899 1244 3939 autem
1260 3888 1585 3960 competitor
1757 3908 1807 3940 2.
1841 3887 2114 3940 Pmisincioe
2138 3887 2427 3956 desperatio.
2451 3886 2705 3956 Despera·

553 3964 830 4017 Ciceronis
867 3965 1040 4019 fuerat
1087 3967 1144 4019 in
1187 3968 1464 4020 consulatu
1477 4006 1494 4033 ,
1528 3981 1583 4020 et
1669 3967 1749 4019 tio
1777 3966 1846 4020 de
1878 3965 2071 4019 alendo
2098 3965 2363 4030 exercitu,
2394 3982 2559 4036 quam
2598 3961 2703 4016 effi·

551 4062 759 4115 procos.
789 4047 848 4097 in
876 4047 1114 4099 Africam
1129 4059 1362 4100 veterem
1387 4049 1581 4100 missus
1666 4049 1841 4100 ciebat
1865 4045 2155 4118 provincia
2184 4045 2405 4100 vastitas
2428 4055 2491 4098 et
2516 4041 2703 4098 sterili·

550 4135 655 4192 est,
679 4137 892 4178 mortuo
936 4127 1159 4180 Caesare.
1204 4126 1378 4199 Hujus
1420 4146 1583 4180 num·
1638 4139 1763 4181 was.
1796 4134 2034 4198 Munus..
