3025 5025
596 487 734 562 DE
788 485 1136 561 BELLO
1191 431 1569 561 c1v1Li.
1626 479 1815 560 Lm.
1855 427 1972 562 ίΠ.
2104 435 2110 440 ’
2210 493 2354 584 145

249 649 317 694 ac
355 623 632 695 'turribus
699 621 988 693 bellandi
1045 623 1202 692 data
1221 678 1240 712 ‚
1288 625 1535 695 virtute
1580 651 1651 694 se
1702 627 1945 694 nostris
1982 625 2358 724 ,adaequare

249 755 366 800 non
404 756 588 826 posse
622 729 1002 827 intelligunt
1043 755 1059 799 ε
1107 730 1192 800 ad
1228 730 1494 801 easdem
1544 731 1893 802 deditionis
1946 735 2357 808 conditiones

245 853 582 908 recurrunt.

333 947 543 1014 XVII.
601 947 698 1014 Μ.
746 945 969 1017 Varro
1005 944 1074 1014 in
1113 943 1427 1014 ulteriore
1469 946 1789 1042 Hispania
1809 1001 1829 1036 ‚
1864 945 2050 1016 initio
2071 1001 2091 1035 ,
2131 953 2358 1045 cogni-

245 1050 314 1120 tis
351 1051 424 1120 iis
459 1051 688 1142 rebus,
713 1047 862 1146 'quae
892 1066 1047 1122 sunt
1076 1053 1143 1121 in
1173 1051 1368 1122 Italia
1411 1061 1641 1148 gestae,
1672 1053 1981 1124 diffidens
2017 1043 2361 1152 Pompeia*-

246 1157 328 1224 nis
367 1157 556 1228 rebus
576 1212 596 1245 ‚
654 1158 1046 1228 amicissime
1087 1157 1170 1228 de
1215 1161 1477 1229 Caesare
1520 1159 1917 1256 loquebatur
1955 1185 1969 1227 ε
2019 1190 2053 1224 α
2099 1187 2360 1255 ρτωοοο·

246 1279 530 1358 cupatum
557 1289 700 1334 sese
736 1262 1062 1359 legatione
1109 1265 1196 1333 ab
1241 1266 1364 1334 Cn.
1415 1267 1784 1362 Pompei03
1829 1269 2043 1336 teneri
2080 1267 2357 1340 obstric-

247 1382 365 1437 tum
421 1370 548 1440 fide
593 1396 609 1439 τ
654 1372 1206 1441 necessitudinem
1257 1372 1528 1466 quidem
1598 1375 1723 1442 sibi
1772 1373 1982 1443 nihilo
2030 1376 2361 1446 minorem

246 1499 376 1544 cum
420 1479 680 1548 Caesare
723 1478 1170 1566 intercedere3
1213 1503 1431 1573 neque
1469 1505 1539 1548 se
1582 1482 1889 1575 ignorare
1908 1534 1930 1568 ‚
1969 1481 2149 1574 quod
2190 1493 2363 1552 esset

244 1581 513 1652 officium
558 1583 796 1680 legati,
843 1585 959 1679 qui
1007 1585 1422 1654 fiduciariam
1463 1587 1769 1682 operam¹
1810 1587 2171 1677 obtineret,
2214 1615 2363 1683 quae

244 1690 390 1760 vires
419 1716 578 1780 suae,
605 1705 756 1786 quae
784 1688 1096 1763 voluntas
1123 1716 1282 1788 erga
1306 1695 1640 1766 Caesarem
1669 1695 1873 1764 totius
1902 1696 2287 1788 provinciae.
2320 1727 2356 1762 n

242 1797 378 1902 H,aec
428 1799 738 1868 omnibus
795 1797 1082 1867 ferebat²
1135 1800 1605 1887 sermonibus3
1660 1824 1877 1895 neque
1928 1826 1997 1870 se
2040 1801 2111 1869 in
2156 1801 2363 1871 ullam

243 1917 472 1994 partem
508 1904 843 1974 movebat.
890 1907 1129 1974 Postea
1171 1929 1335 1974 vero
1353 1959 1372 1993 ‚
1417 1921 1626 2000 quum
1666 1909 1999 1977 Caesarem
2044 1905 2130 1974 ad
2173 1909 2363 1978 Mas-

243 2007 426 2114 siliam
479 2011 764 2081 detineri
840 2014 1191 2106 cognovit,
1251 2014 1474 2108 copias
1545 2010 1787 2084 Petreii
1858 2039 2030 2095 cum,
2070 2017 2366 2084 exercitu

241 2115 468 2186 Afranii
505 2142 650 2188 esse
697 2118 1086 2212 conjunctas
1103 2173 1123 2205 ‚
1167 2143 1414 2214 magna
1459 2119 1700 2189 auxilia
1736 2122 2129 2190 convenisse
2153 2174 2172 2208 ‚
2216 2147 2364 2190 ma-

242 2245 352 2314 gna
383 2249 523 2294 esse
565 2227 634 2292 in
681 2249 800 2320 spe
849 2239 1046 2319 atque
1089 2228 1460 2320 exspectari
1481 2211 1531 2315 ³,
1569 2242 1635 2298 ‘et
1672 2229 2047 2298 consentire
2096 2245 2365 2296 omnem

241 2328 590 2400 citeriorem
655 2334 1108 2427 provinciam3
1169 2357 1447 2427 quaeque
1506 2348 1740 2427 postea
1796 2334 2178 2404 acciderant
2196 2387 2215 2421 ‚
2281 2335 2366 2402 de

239 2441 534 2532 angustiis
573 2438 660 2507 ad
690 2438 980 2508 Ilerdam
1013 2441 1110 2508 rei
1148 2429 1632 2529 frumentariae,
1670 2441 1965 2535 accepit3
1994 2455 2195 2533 atque
2220 2440 2367 2509 haec

240 2542 311 2611 ad
353 2570 504 2615 eum
548 2544 745 2615 latius
798 2561 998 2641 'atque
1048 2546 1336 2616 inflatius
1379 2545 1696 2615 Afranius
1747 2545 2201 2641 perscribebat
2238 2573 2253 2615 z
2296 2566 2365 2615 se

239 2666 478 2747 'quoque
515 2652 602 2721 ad
646 2656 906 2722 motum
945 2652 1230 2725 fortunae
1273 2678 1547 2723 movere
1588 2654 1807 2747 coepit.

303 2854 425 2909 Cu».
464 2855 652 2909 XVII.
697 2874 747 2909 1.
795 2855 900 2925 Qui
930 2854 1248 2925 fiduciariam

239 2950 424 3002 operam.
465 2936 592 2989 Non
623 2936 674 2988 ei
710 2936 986 3007 propriam
1025 2936 1248 3006 provin-

237 3012 353 3067 ciam
381 3029 594 3069 senatus
624 3013 959 3080 decreverat,
987 3013 1080 3067 sed
1104 3014 1248 3066 vica-

237 3092 358 3149 rium
387 3096 488 3149 sibi
519 3094 750 3167 elegerat
777 3088 1107 3166 Pompeius(
1130 3095 1172 3145 il
1197 3094 1247 3144 la

239 3176 438 3227 tmaitde
453 3176 680 3247 Pompe'e,
699 3187 751 3225 et
767 3175 1136 3227 l'administrait
1151 3193 1251 3244 par

230 3250 586 3320 fidedomnultk
610 3255 684 3307 sic
697 3266 898 3327 postea,
915 3254 1008 3307 lib.
1030 3252 1100 3307 de
1119 3254 1246 3306 bell.

237 3332 578 3388 Alexandrino
594 3373 611 3402 ,
644 3354 690 3389 c.
732 3356 760 3388 2
773 3336 803 3389 3
819 3372 836 3399 ,
863 3335 1016 3387 vodat
1027 3333 1248 3404 fidswiaa

238 3414 338 3465 rium
370 3416 626 3468 Arsinoes
659 3434 885 3486 regnum
899 3452 916 3479 ,
948 3411 1096 3486 quod
1135 3431 1250 3465 non

235 3506 328 3545 erat
367 3496 545 3566 hujus·
569 3496 768 3566 reginae
809 3494 1092 3568 proprium
1106 3532 1123 3557 ,
1155 3492 1250 3545 sed

235 3566 506 3628 Ptolemaei.
533 3575 621 3629 Sic
642 3576 844 3641 Livius,
867 3576 905 3628 l.
931 3586 1084 3626 xxxn
1097 3612 1114 3639 ,
1146 3574 1248 3627 38:

235 3648 470 3726 Philippus
487 3658 644 3725 magis
663 3656 724 3707 de
741 3654 898 3725 Argis
923 3674 1066 3727 quam
1081 3654 1140 3705 de
1157 3653 1206 3706 C
1201 3673 1254 3704 o·

236 3733 376 3787 n‘ntlw
387 3735 622 3787 sollicitus
633 3772 650 3801 ,
664 3740 892 3805 optimum
913 3740 1047 3785 ratus
1063 3733 1256 3789 Nabidi

235 3829 324 3863 eam
351 3816 824 3867 Lacedoemom’orum
869 3826 1076 3885 tyranno
1124 3815 1255 3865 velut

225 3888 517 3958 fiduciariam
536 3896 678 3956 dare,
703 3907 760 3947 ut
768 3898 948 3947 victori
969 3898 1252 3958 restitueret.

237 3969 366 4029 Gon.
396 3974 558 4029 Unde
599 3976 736 4028 mira
767 3988 846 4027 est
859 4014 874 4041 ‚
902 3988 966 4027 ut
1007 3975 1254 4026 observat
1303 4038 1306 4041 ῃ

235 4048 440 4109 Vossius
455 4093 473 4121 ,
506 4055 1136 4125 ciacconii-ingenuitas,
1161 4052 1255 4124 qui

235 4128 460 4202 ignarus,
483 4154 602 4207 quae
628 4146 764 4189 esset
793 4154 938 4206 opera
949 4132 1220 4205 fiduciaria
1233 4170 1250 4197 ,

329 4244 432 4313 II.

1335 2854 1605 2927 corrigere
1651 2854 1822 2909 voluit
1836 2852 2134 2925 fidzoeiamn
2171 2858 2369 2925 prodin-

1335 2954 1477 2987 ctam.

1420 3034 1470 3067 2.
1501 3014 1725 3067 Ferebat.
1763 3014 1847 3067 Ita
1874 3012 2045 3066 nostri
2079 3012 2287 3067 codices
2312 3026 2366 3068 et

1335 3106 1470 3165 optt.
1507 3092 1862 3165 Oudendorp.
1900 3095 1997 3146 Ast
2030 3094 2120 3146 alii
2137 3103 2203 3147 .et
2240 3094 2366 3149 edd.

1333 3185 1462 3227 vett.
1497 3175 1757 3241 mser-eham
1782 3171 1932 3244 quod
1954 3174 2159 3245 placuit
2178 3175 2363 3229 Hotm.

1335 3254 1665 3307 Freinshem.
1682 3294 1697 3317 ‚
1728 3255 1787 3305 in
1828 3251 2007 3307 indice
2040 3254 2109 3318 Q.
2150 3255 2327 3308 Curtii
2346 3292 2365 3321 ,

1334 3335 1452 3387 vult
1473 3335 1675 3386 serebat.
1707 3332 1857 3385 Nihil
1874 3331 2223 3386 mutandum:
2238 3337 2371 3401 fem

1337 3413 1442 3475 bat,
1461 3414 1496 3465 i.
1521 3433 1591 3480 e.,
1610 3413 1888 3466 dictitabat
1898 3452 1916 3478 ‚
1930 3430 2043 3484 proe
2060 3428 2117 3465 se
2132 3414 2335 3465 ferebat
2348 3452 2366 3480 ,

1337 3504 1390 3547 et
1407 3494 1607 3566 ubique
1622 3495 1679 3545 in
1698 3510 1793 3545 ore
1808 3494 2065 3545 habebat:
2085 3510 2195 3564 quo
2211 3512 2368 3545 sensu

1335 3574 1587 3645 frequens
1613 3584 1692 3625 est
1707 3574 1813 3625 hoo
1832 3574 2059 3627 verbum
2081 3590 2165 3643 ap.
2194 3573 2367 3628 Tacit.

1424 3655 1476 3707 3.
1509 3654 1703 3723 Magna
1746 3672 1845 3703 esse
1882 3656 1935 3703 in
1972 3670 2055 3721 spe
2092 3664 2237 3725 atque
2282 3672 2370 3704 ex·

1337 3738 1561 3805 spectmi.
1578 3733 1770 3802 Mag-na
1785 3769 1801 3797 ,
1820 3732 1931 3786 scil.
1954 3731 2373 3785 auxilia.—Ex-

1339 3818 1562 3883 spectari.
1583 3812 1814 3883 Vulgata
1830 3812 1993 3864 habet
2006 3816 2370 3883 exspectatione.

1340 3892 1502 3945 Unde
1550 3892 1689 3944 hane
1736 3891 2024 3944 lectionem
2076 3894 2374 3964 acceperint

1339 3972 1607 4037 nescitur;
1637 3990 1763 4023 nam
1782 3969 1941 4025 codd.
1964 3972 2165 4025 habent
2186 3993 2375 4047 exspec-

1344 4056 1458 4105 tari.
1479 4083 1563 4096 --
1581 4053 1769 4103 Latim.
1802 4052 1911 4103 Alii
1940 4052 2148 4105 elatius„
2172 4050 2374 4107 Contra

1341 4130 1502 4189 codd.
1522 4164 1572 4178 -
1584 4132 1737 4204 Seque
1758 4132 1829 4185 ad
1853 4145 2029 4185 motum
2043 4134 2265 4200 jbrtunoe
2278 4152 2377 4185 mo·

1909 4266 2000 4313 10
