3025 5025
656 457 811 555 416
1092 408 1098 413 ⁵
1451 468 1597 537 DE
1650 466 2011 535 BELLo

573 604 584 619 '
647 602 1114 729 cogniturum3
1094 622 1239 669 esse
1259 627 1292 663 ι)
1313 597 1521 667 dixit.
1548 600 1808 693 regium
1823 600 2139 667 vestitum
2154 595 2214 666 ei
2240 595 2542 667 restituit
2568 600 2779 695 Legio·

651 735 808 778 nem
849 692 1114 777 autem³
1141 759 1162 792 ,
1199 731 1400 799 quam
1431 731 1514 775 ex
1552 729 1795 801 genere
1836 706 2091 775 civium
2137 729 2412 773 suorum
2452 706 2781 799 chotarus

654 829 994 885 armatura
1037 813 1514 909 disciplinaque
1551 826 1781 881 nostra
1804 812 2235 881 constitutam
2263 810 2588 900 habebat,
2622 814 2781 907 equi-

652 938 999 1015 tatumque
1037 945 1306 989 omnem
1343 919 1431 988 ad
1475 918 1723 988 bellum
1766 918 2133 1014 gerendum
2170 917 2503 987 adducere
2519 919 2727 1011 jussit.

761 1030 1010 1097 LXIX.
1071 1028 1305 1115 Quum
1349 1029 1418 1093 in
1469 1028 1761 1095 Pontum
1810 1028 2133 1112 venisset,
2184 1026 2539 1119 copiasque
2578 1050 2784 1095 omnes

655 1138 724 1205 in
776 1159 990 1203 unum
1042 1133 1264 1203 locum
1321 1134 1683 1228 coegisset,
1732 1158 1883 1227 quae
1923 1156 2209 1201 numero
2251 1146 2450 1227 atque
2496 1133 2783 1201 exercita·

655 1245 836 1311 tione
897 1240 1224 1310 bellorum
1269 1240 1637 1309 mediocres
1690 1254 1881 1309 erant
1927 1232 2259 1335 (excepta
2316 1240 2495 1309 enim
2552 1238 2784 1335 legione

657 1363 842 1418 sexta
857 1402 878 1435 ,
937 1372 1140 1442 quam
1201 1371 1424 1416 secum
1483 1344 1887 1427 adduxeratf
1940 1346 2341 1417 Alexandria
2382 1360 2749 1415 veteranam
2768 1399 2784 1432 ,

651 1453 878 1525 multis
908 1453 1246 1525 laboribus
1275 1453 1719 1549 periculisque
1747 1454 2079 1540 functam,
2106 1453 2469 1547 multisque
2485 1450 2785 1521 'militibus

657 1564 902 1657 partim
929 1560 1326 1631 difficultate
1359 1562 1675 1629 itinerum
1718 1584 1796 1629 ac
1830 1561 2332 1655 navigationum
2349 1614 2368 1649 ,
2398 1561 2638 1655 partim
2662 1582 2783 1627 cre-

655 1668 899 1737 britate
942 1667 1268 1737 bellorum
1305 1667 1474 1737 adeo
1513 1667 1928 1736 deminutam
1949 1722 1969 1755 ,
2010 1682 2087 1735 ut
2115 1670 2335 1736 minus
2374 1665 2555 1735 mille
2596 1666 2788 1735 homi-

657 1800 821 1843 num
855 1776 926 1843 in
955 1798 1034 1843 ea
1069 1774 1322 1863 esset²3
1357 1773 1629 1869 reliquae
1670 1790 1863 1843 erant
1884 1788 2035 1842 -tres
2079 1774 2403 1869 legiones,
2442 1798 2577 1841 una
2606 1773 2789 1865 Dejo·

661 1885 790 1950 tari
817 1936 834 1965 ‚
872 1881 1020 1951 duae
1039 1935 1058 1966 ,
1086 1906 1234 1975 quae
1265 1884 1333 1949 in
1377 1906 1458 1951 eo
1491 1880 1752 1976 prael-io,
1783 1880 1964 1975 quod
2008 1882 2132 1949 Cn.
2176 1881 2557 1949 Domitium
2583 1878 2789 1948 fecisse

655 2012 812 2056 cum
857 1989 1201 2057 Pharnace
1253 1990 1663 2082 scripsimus,
1718 1982 2059 2076 fuerant),
2105 1987 2333 2082 legati,
2385 2011 2427 2055 a
2472 1987 2789 2071 Pharnace

649 2095 874 2179 missi,
899 2098 1228 2163 Caesarem
1245 2094 1530 2181 adeunt,
1562 2110 1761 2188 atque
1788 2096 2091 2189 inprimis
2124 2093 2605 2189 deprecantur,
2651 2122 2686 2157 α
2719 2116 2787 2159 ne

543 2268 552 2277 ,
657 2201 799 2292 ejus
835 2200 1162 2269 adventus
1200 2200 1456 2269 hostilis
1500 2216 1716 2271 esset:
1758 2202 2090 2270 facturum
2124 2202 2301 2269 enim
2338 2203 2565 2268 omnia
2602 2200 2789 2267 Pharm

655 2331 892 2375 nacem
913 2361 932 2396 ,
971 2332 1116 2401 quae
1156 2310 1480 2401 imperata
1515 2322 1768 2394 essent;
1802 2336 1835 2372 >³
1872 2308 2290 2401 maximeque
2334 2328 2788 2377 commemora·

659 2414 856 2497 bant,
899 2442 932 2477 «
987 2411 1168 2481 nulla
1213 2414 1628 2485 Pharnacem
1678 2412 1919 2483 auxilia
1964 2428 2201 2483 contra
2246 2416 2580 2487 Caesarem
2614 2415 2790 2483 Pom-

579 2586 582 2589 .
657 2523 811 2616 peio
835 2520 994 2588 dare
1012 2520 1334 2610 voluisse3
1369 2547 1579 2616 quum
1609 2523 2129 2650 DejotaruS,qui
2156 2520 2474 2609 dedisset,
2505 2535 2719 2592 tame-n
2742 2519 2789 2586 ei

651 2627 1183 2698 satisfecisset.»

766 2737 979 2802 LXX.
1039 2737 1264 2812 Caesar
1307 2735 1701 2829 respondet,
1745 2765 1780 2800 <c
1818 2759 1888 2806 se
1932 2735 2077 2806 fore
2118 2737 2565 2830 aequissimum
2608 2735 2787 2808 Phar-

653 2843 838 2927 naci,
879 2843 972 2928 si,
1000 2867 1148 2934 quae
1181 2840 1644 2937 polliceretur,
1686 2855 2489 2937 repraesentatur-usesset
2507 2842 2548 2911 ¹.
2587 2871 2623 2908 n
2659 2843 2785 2910 Mo-

657 2949 806 3015 nuit
847 2961 1106 3036 autem,
1139 2962 1221 3016 ut
1263 2947 1553 3031 solebat,
1596 2950 1867 3020 mitibus
1912 2950 2134 3018 verbis
2172 2949 2460 3044 legatos,
2500 2979 2537 3014 c<
2572 2975 2653 3018 ne
2692 2959 2788 3016 aut

653 3049 1052 3151 'Dejotarum
1097 3055 1219 3124 sibi
1267 3053 1666 3148 objicerent,
1714 3071 1831 3124 aut
1864 3057 2057 3126 nimis
2095 3082 2175 3125 eo
2218 3055 2663 3150 gloriarentur
2692 3055 2786 3122 be-

549 3247 553 3252 ,
658 3159 930 3248 neficio,
966 3162 1147 3254 quod
1183 3161 1425 3230 auxilia
1463 3187 1603 3230 non
1638 3163 2011 3232 misissent.
2041 3187 2203 3230 nam
2250 3187 2319 3231 se
2360 3189 2581 3258 neque
2609 3162 2784 3230 liben-

655 3268 788 3335 tius
821 3267 1038 3336 facere
1057 3269 1460 3364 quidquam,
1491 3293 1694 3362 quam
1724 3268 2133 3364 supplicibus
2182 3272 2563 3364 ignoscere3
2600 3287 2784 3382 neque

655 3371 1152 3470 provinciarum
1203 3373 1502 3468 publicas
1544 3376 1821 3469 injurias
1863 3375 2248 3448 condonare
2298 3377 2373 3448 iis
2426 3402 2653 3472 posse,
2688 3372 2785 3466 qui

655 3619 658 3622 -
741 3587 794 3638 3.
828 3586 1085 3654 Legionem
1115 3596 1291 3637 autem.
1337 3581 1475 3637 Add.
1511 3603 1617 3636 eam
1656 3603 1687 3638 e
1778 3599 1837 3638 ut
1860 3591 2015 3638 mitius
2038 3597 2223 3639 centum
2245 3586 2510 3638 flaminibus
2530 3607 2549 3636 .-
2567 3585 2781 3659 pessime.

654 3663 814 3718 codd.
869 3665 948 3719 M.
976 3682 1059 3708 --¹
1087 3665 1412 3718 Com-titutum
1461 3665 1683 3718 babebat.
1776 3665 1927 3719 Alter
1956 3667 2132 3738 5768,
2150 3679 2206 3720 ut
2228 3671 2381 3720 minus
2403 3668 2641 3720 hominnm
2654 3685 2673 3719 .·
2687 3681 2780 3717 non

658 3744 802 3798 Vide
825 3763 873 3798 c.
913 3747 1004 3808 34.
1038 3745 1115 3798 Μ.
1776 3747 1985 3801 melius.
2010 3747 2394 3818 ——Seripsimus.
2416 3748 2552 3819 Cap.
2583 3753 2669 3810 ⁴⁰·
2694 3743 2758 3797 Μ.

735 3826 866 3879 Cu).
895 3826 1094 3878 LXIX.
1123 3843 1171 3878 1.
1199 3827 1360 3894 Quam
1377 3847 1469 3880 sec.
1500 3827 1683 3880 adda-t.
1858 3827 1991 3880 Cu».
2042 3828 2210 3881 Lxx.
2264 3845 2316 3880 1.
2366 3828 2781 3898 Repraesentemus

655 3904 798 3958 vide
821 3924 865 3958 c.
904 3905 993 3958 33.
1025 3905 1192 3958 Cam..
1776 3918 1911 3959 esset.
1928 3905 2308 3978 Beproe'ftentm,
2325 3908 2590 3970 hocloco,
2606 3907 2778 3966 facere,

740 4005 794 4038 a.
829 3985 900 4036 Ue
925 3989 1077 4036 minus
1105 3985 1236 4037 mille
1249 3987 1508 4038 ⁴homimum
1540 3991 1591 4038 in
1628 4007 1687 4039 ea
1774 3999 1838 4040 ut
1854 3988 1971 4040 sinc
1990 4007 2142 4040 mora
2168 4007 2252 4040 res
2275 3988 2388 4060 ipsa
2413 4001 2467 4040 et
2491 3988 2681 4042 veritas
2700 4000 2777 4052 ap·

654 4077 788 4116 esset.
824 4065 951 4117 Hae'c
989 4079 1240 4138 corrupte
1285 4065 1579 4120 admodum
1610 4065 1687 4120 le·
1774 4066 2109 4138 pareat.Vid.
2134 4067 2316 4133 Ciu-t„
2334 4084 2414 4136 π,
2436 4087 2458 4122 1
2476 4087 2523 4133 1,
2544 4068 2611 4122 33
2628 4063 2783 4131 3Phae·

653 4147 924 4216 gunturin
939 4147 1139 4199 nostris
1153 4145 1312 4200 codd.
1339 4147 1488 4200 Alter
1512 4148 1689 4219 5764,
1774 4145 1866 4200 dri
1887 4148 1996 4203 fab.
2022 4165 2095 4202 111
2112 4185 2129 4215 ,
2162 4167 2225 4216 a,
2262 4149 2355 4203 32.
