3025 5025
609 485 710 588 44
899 487 1317 559 C..JUL11
1372 466 1842 557 CAE'SARIS
1896 487 2447 557 coM-MENT.

604 644 691 692 ne
725 619 940 690 aditus
975 635 1180 716 atque
1228 622 1533 690 incursus
1586 620 1670 689 ad
1728 617 2217 688 defendendum
2261 616 2750 713 impediretur:

603 750 644 792 a
687 725 906 796 fronte
951 743 1148 823 atque
1173 728 1260 812 ab
1297 742 1580 821 utroque
1616 727 1818 796 latere
1856 725 2160 795 cratibus
2194 748 2271 793 ac
2308 723 2547 819 pluteis
2584 748 2749 817 pro-

601 833 870 926 tegebat
903 861 916 902 :
947 837 1016 903 in
1053 849 1294 927 quarta
1327 857 1589 928 quaque
1638 831 1904 902 earum⁹
1936 845 2154 900 turres
2192 831 2505 900 binorum
2545 830 2755 898 tabu-

602 932 892 1008 latorum
945 941 1315 1028 excitabat,
1367 965 1502 1033 quo
1554 939 1965 1008 commodius
2018 937 2101 1006 ab
2154 940 2409 1031 impetu
2470 938 2749 1004 navium

599 1045 1051 1140 incendiisque
1087 1046 1490 1115 defenderet.

707 1155 965 1221 XXVI.
1000 1154 1256 1221 Contra
1280 1152 1423 1221 haec
1455 1152 1811 1245 Pompeius
1836 1173 2042 1220 naves
2068 1175 2343 1245 magnas
2378 1149 2755 1242 onerarias,

601 1281 765 1352 quas
807 1259 875 1326 in
915 1262 1123 1328 Portu
1163 1258 1562 1328 Brundisino
1600 1257 2166 1351 deprehenderat,
2211 1255 2598 1326 adornabat.
2639 1255 2751 1324 Ibi

599 1378 818 1433 turres
855 1389 1010 1434 cum
1051 1367 1257 1434 ternis
1297 1363 1606 1433 tabulatis
1652 1363 1981 1457 erigebat,
2020 1387 2297 1457 easque,
2332 1360 2557 1431 multis
2600 1375 2752 1429 tor-

597 1473 836 1540 mentis
873 1486 940 1539 et
969 1473 1152 1539 omni
1187 1496 1430 1566 genere
1473 1466 1759 1538 telorum
1805 1467 2199 1564 compleam,
2232 1469 2316 1538 ad
2353 1492 2559 1563 opera
2598 1469 2750 1537 Cae·

599 1579 760 1645 saris
805 1576 1213 1671 appellebat,
1257 1592 1336 1645 ut
1368 1575 1543 1646 rates
1580 1590 2082 1671 perrumperet,
2124 1590 2323 1669 atque
2368 1597 2573 1668 opera
2614 1574 2749 1643 dis-

597 1682 915 1751 turbaret.
966 1685 1072 1752 Sic
1112 1684 1411 1778 quotidie
1462 1685 1777 1776 utrinque
1820 1683 2079 1750 eminus
2137 1681 2359 1750 fundis
2385 1733 2404 1766 ,
2456 1680 2746 1774 sagittiS,

595 1788 994 1882 reliquisque
1028 1788 1172 1858 telis
1209 1789 1653 1885 pugnabatur.
1698 1789 1919 1883 Atque
1953 1789 2097 1856 haec
2140 1789 2230 1856 ita
2270 1790 2494 1856 Caesar
2534 1786 2745 1854 admi-

595 1895 920 1963 nistrabat
938 1947 959 1981 ,
1000 1911 1078 1964 ut
1117 1896 1531 1965 conditiones
1571 1896 1753 1989 pacis
1798 1892 2219 1964 dimittendas
2254 1919 2393 1962 non
2424 1895 2749 1963 existima·-
2836 1921 2843 1927 ·

595 2015 715 2068 ret.
745 2003 844 2071 Ac
869 2003 1130 2070 tametsi
1165 2026 1572 2097 magnopere
1616 2001 2067 2069 admirabatur
2088 1999 2131 2086 ¹,
2159 2002 2464 2094 Magium
2483 2053 2504 2086 ,
2541 2025 2745 2093 quem

593 2106 679 2175 ad
723 2109 1114 2202 Pompeium
1158 2134 1314 2178 cum
1359 2107 1687 2176 mandatis
1723 2109 1992 2175 miserat
2012 2159 2031 2193 ,
2058 2106 2238 2176 ad‘se
2276 2131 2411 2174 non
2453 2108 2746 2196 remitti3

595 2227 794 2306 atque
832 2239 910 2282 ea
945 2239 1050 2282 res
1105 2238 1277 2309 saepe
1330 2227 1585 2283 tentata
1626 2215 1745 2282 etsi
1784 2215 2071 2307 impetus
2108 2213 2295 2306 ejus
2270 2211 2744 2307 ²consiliaque

595 2319 936 2408 tardabat,
997 2335 1221 2389 tamen
1287 2321 1597 2389 omnibus
1651 2319 1851 2388 rebus
1911 2321 1980 2386 in
2037 2343 2117 2388 eo
2179 2318 2744 2414 perseverandum

593 2426 892 2521 putabat.
937 2428 1174 2521 Itaque
1210 2428 1563 2496 Caninium
1603 2411 1951 2494 Rebilum³
1991 2423 2323 2520 legatum,
2349 2424 2743 2496 familiarem

1712 2636 1899 2689 conius
1922 2637 2248 2689 sustulerunt
2262 2674 2277 2703 ‚
2300 2635 2644 2690 restituimus.
2660 2668 2743 2681 --

677 2656 731 2705 9.
769 2639 831 2690 In
865 2651 1038 2709 quarta
1069 2658 1254 2711 quaque
1285 2658 1462 2690 earum.
1505 2638 1623 2690 Hoc

1712 2716 1898 2779 Rebus,
1950 2716 2005 2768 id
2052 2729 2131 2769 est
2154 2754 2170 2780 ‚
2223 2716 2485 2768 rationibus
2515 2736 2536 2769 .·
2578 2735 2744 2789 quam

595 2730 674 2770 est
686 2716 833 2788 quod
845 2719 1090 2772 Lucanus
1106 2719 1212 2783 ait,
1231 2720 1324 2771 lib.
1343 2737 1404 2780 11,
1417 2738 1468 2771 v.
1435 2722 1623 2835 ιιι.679·

648 2794 732 2831 1¹⁰¹*
709 2808 872 2846 gmque
851 2805 1020 2834 eutrem
1023 2806 1110 2835 ¹²⁵²
1092 2809 1211 2849 ειψ’·
1229 2809 1342 2848 ³2¹¹⁰⁴1
1714 2815 1897 2849 vocem
1920 2796 2151 2848 Ursinus
2166 2808 2221 2847 et
2242 2796 2415 2849 Ciacc.
2440 2814 2745 2868 supponere

1712 2876 1909 2929 frustra
1944 2888 2301 2929 tentaverunt.

1796 2956 1847 3009 3.
1882 2954 2139 3007 Caninium
2176 2956 2411 3008 Rebilum.
2450 2955 2595 3008 Gens
2636 2955 2743 3009 Ca·-

1710 3034 1880 3097 ninia,
1901 3035 2107 3106 plebeia
2118 3072 2133 3100 ,
2151 3034 2241 3088 sed
2262 3035 2541 3089 consulatu
2559 3046 2613 3087 et
2630 3054 2745 3089 ma·

1711 3114 1831 3183 gnis
1868 3115 2259 3185 magistratibus
2298 3114 2545 3169 decorata
2560 3152 2577 3180 ,
2606 3134 2743 3185 qua-

1711 3206 1833 3246 tuor
1854 3192 2103 3247 distineta
2127 3195 2559 3266 cognominibus3
2587 3208 2744 3249 erant

1710 3274 1852 3325 enim
1868 3274 2080 3327 Caninii
2096 3275 2269 3337 Rebili,
2286 3275 2480 3345 Reguli,
2506 3273 2672 3335 Galli,
2684 3287 2741 3328 et

598 2871 788 2939 Veget.
819 2871 946 2936 Lv,
979 2890 1026 2923 c.
1054 2874 1228 2934 14:511
1252 2804 1525 2942 majroribuse
1535 2874 1621 2925 Li-

599 2948 762 2999 burnis
793 2951 1162 3019 propugnacula
1177 2990 1192 3012 ,
1226 2963 1467 3023 turresque
1518 2972 1627 3003 con-

598 3032 830 3090 stituunt,
861 3042 916 3080 ut
937 3041 1162 3101 tanquam
1187 3032 1248 3081 de
1271 3051 1433 3093 muro,
1465 3035 1537 3082 ita
1564 3033 1625 3083 de

598 3108 930 3161 excelsioribus
967 3110 1194 3161 tabulatis
1212 3112 1414 3177 fhcilius
1449 3112 1625 3163 vulne-

601 3200 708 3239 rent
733 3199 785 3237 et
803 3189 1046 3257 perimant
1071 3193 1302 3242 inimicos.

679 3268 808 3319 ΟΜ».
827 3269 1034 3321 XXVI.
1057 3288 1080 3321 1
1095 3310 1106 3321 .
1122 3269 1204 3321 Ac
1222 3273 1409 3321 tametsi
1423 3290 1624 3340 magno-

591 3368 708 3419 pere
745 3348 1090 3401 admirabatur.
1129 3350 1304 3402 Caesar
1332 3362 1509 3403 tamen
1525 3390 1541 3416 ‚
1566 3353 1624 3403 in

597 3428 750 3500 epist.
795 3427 864 3481 ad
903 3428 1172 3499 Oppium,
1209 3448 1326 3501 quae
1363 3444 1442 3483 est
1483 3432 1625 3483 inter

599 3508 848 3580 epistolas
871 3507 938 3560 ad
963 3509 1073 3561 Att.
1099 3510 1134 3562 l.
1163 3528 1246 3574 ιι,
1284 3510 1382 3574 13,
1411 3510 1623 3565 scribit:

599 3588 672 3641 A.
694 3590 766 3642 D.
781 3606 880 3641 vn.
900 3588 966 3641 id.
984 3602 1126 3641 mart.
1145 3590 1456 3642 Brundisium
1481 3596 1624 3645 veni:

597 3668 671 3719 ad
697 3688 878 3721 uturum
904 3681 1066 3721 castr-a
1079 3673 1238 3740 posui.
1269 3672 1527 3740 Pompeius
1556 3684 1629 3723 est

600 3748 810 3799 Brundis
807 3752 866 3799 ·ι”ι”.
894 3750 1038 3800 Misit
1060 3750 1132 3801 ad
1165 3770 1238 3800 me
1278 3750 1370 3804 Cn.
1401 3751 1626 3821 Magium

599 3827 661 3877 de
675 3846 828 3897 pace,·
851 3848 956 3899 quoe
976 3834 1087 3880 visa
1107 3842 1222 3881 sunt
1239 3832 1474 3900 respondi.
1495 3832 1552 3885 N
1554 3852 1626 3884 on

599 3924 726 3959 vera
757 3908 930 3959 Caesar
969 3912 1252 3977 narrabat,
1281 3924 1344 3964 ut
1376 3912 1518 3964 infra
1544 3913 1624 3965 vi·

599 3983 726 4039 dere
747 3984 944 4039 licebit.

609 4120 614 4123 ,
683 4086 734 4119 2.
747 4067 1202 4139 Etsiimpetmejus.
1217 4071 1378 4125 Recte
1390 4091 1453 4125 ex
1465 4071 1624 4127 codd.

600 4165 703 4201 vox
727 4150 840 4211 etsi,
875 4166 1034 4219 quam
1064 4149 1361 4205 Hotmanus
1387 4164 1441 4205 et
1472 4152 1625 4209 Ciac·

1712 3354 1969 3408 Labeones.
1993 3356 2057 3408 C.
2074 3354 2561 3419 autem-Caninius,
2586 3358 2743 3426 cujus

1709 3433 1799 3487 hic
1842 3434 2043 3487 mentio
2084 3434 2176 3502 fit,
2202 3436 2265 3498 C.
2312 3434 2525 3487 Caninii
2561 3433 2741 3495 Rebili

1708 3515 1951 3585 praetoris
1978 3514 2119 3567 filius
2134 3554 2151 3581 ,
2174 3527 2506 3585 ‘quaesturam
2549 3514 2740 3583 gessit,

1712 3613 1795 3646 an.
1826 3598 1975 3662 6943
2015 3606 2069 3647 et
2102 3614 2185 3647 an.
2229 3614 2373 3663 700,
2404 3592 2755 3647 tribunatum'

1709 3673 1879 3745 plebis
1894 3692 2019 3727 cum
2035 3675 2197 3727 fratre
2214 3692 2310 3735 suo
2323 3674 2507 3727 Lucio.
2528 3671 2741 3727 Deinde

1709 3753 1877 3822 factus
1903 3754 2008 3806 fuit
2028 3754 2377 3819 Quartumvir
2394 3773 2425 3807 a
2439 3754 2472 3805 J
2476 3753 2549 3805 ul.
2578 3752 2739 3817 Cius„

1711 3851 1879 3904 quum
1908 3834 2062 3887 antea
2090 3846 2197 3887 tres
2219 3846 2431 3887 tantum
2459 3833 2619 3902 hujus
2646 3851 2740 3903 ge-

1710 3914 1852 3966 neris
1880 3914 2211 3985 magistratus
2230 3913 2480 3977 fuissent,
2508 3924 2741 3991 quatuor

1710 4012 1839 4047 vero
1855 3994 2134 4048 creavisset
2148 3993 2403 4059 dictator,
2426 3991 2573 4063 quod
2591 4002 2741 4063 patet
2797 4038 2800 4041 .
2864 4063 2874 4077 .

1710 4092 1776 4127 ex
1804 4086 2297 4143 nummo,argenteo
2312 4112 2327 4134 ,
2362 4073 2419 4127 in
2446 4090 2555 4143 quo
2576 4084 2739 4143 caput

1710 4154 1937 4209 Veneris
1982 4154 2179 4225 absque
2228 4152 2516 4226 epigraphe
2529 4188 2547 4221 ,
2577 4163 2635 4207 et
2678 4152 2739 4206 in
