3025 5025
652 474 806 558 414
1449 470 1597 539 DE
1650 469 2004 539 BELLo
2071 508 2075 511 -

647 616 767 673 aut
806 603 1018 671 haeres
1071 602 1260 696 regni
1293 614 1579 670 terreret
1593 654 1613 690 ,
1665 599 2099 671 Ariobarzani
2147 598 2488 688 attribuit,
2530 600 2637 694 qui
2670 588 2780 669 sub'

649 710 792 803 ejus
834 709 1112 804 imperio
1159 731 1242 777 ac
1289 707 1541 777 ditione
1583 722 1795 778 esset:
1842 710 1985 803 ipse
2028 709 2157 776 iter
2215 709 2556 802 inceptum
2608 707 2780 777 simili

646 814 997 885 velocitate
1032 813 1364 900 conficere
1408 816 1627 909 coepit.

753 924 1038 991 LXVII.
1097 922 1330 1019 Quum
1359 922 1636 1016 propius
1682 922 1975 990 Pontum
2018 919 2315 1013 finesque
2356 918 2781 1014 Gallograeciae

646 1029 1026 1119 accessisset
1039 1080 1059 1116 ,
1101 1028 1462 1121 Dejotarus
1484 1026 1502 1051 ¹
1543 1027 1909 1097 tetrarches
1956 1024 2409 1121 Gallograeciae
2448 1041 2610 1095 tunc
2648 1029 2781 1121 qui·-

645 1135 800 1205 dem
837 1159 1026 1229 paene
1056 1134 1260 1203 totius
1299 1125 1537 1227 (quod
1572 1135 1633 1202 ei
1666 1157 1882 1227 neque
1912 1132 2167 1228 legibus
2182 1187 2201 1220 ‚
2237 1156 2454 1227 neque
2508 1134 2780 1202 moribus

645 1265 1036 1319 concessum
1067 1265 1222 1310 esse·
1242 1241 1464 1311 caeteri
1496 1240 1849 1309 tetrarchae
1886 1231 2461 1327 contendebant),
2500 1242 2641 1308 sine
2676 1240 2777 1307 du·

647 1348 760 1417 bio
813 1362 1038 1416 autem
1094 1371 1214 1417 rex
1266 1348 1599 1416 Armeniae
1652 1348 1928 1415 minoris
1970 1345 2056 1413 ab
2103 1360 2337 1415 senatu
2388 1345 2778 1440 appellatus,

585 1506 592 1516 .
646 1453 962 1550 depositis
1005 1454 1202 1549 regiis
1233 1453 1605 1548 insignibus
1620 1506 1641 1539 ,
1669 1477 1884 1547 neque
1920 1466 2181 1526 tan-tum
2223 1454 2486 1548 privato
2517 1454 2743 1521 vestitu
2760 1506 2777 1541 ,

647 1561 764 1631 sed
791 1562 993 1631 etiam
1022 1585 1291 1630 reorum
1313 1558 1592 1655 habitu,
1629 1559 1910 1654 supplex
1938 1558 2025 1627 ad
2054 1562 2387 1628 Caesarem
2416 1560 2629 1646 venit,
2650 1584 2774 1627 ora·

648 1682 824 1755 tum,
861 1695 896 1731 t<
934 1681 1011 1735 ut
1053 1666 1176 1735 sibi
1211 1668 1622 1761 ignosceret,
1645 1664 1829 1759 quod
1858 1667 1928 1735 in
1956 1688 2037 1735 ea
2060 1680 2251 1759 parte
2293 1667 2549 1760 positus
2592 1679 2774 1733 terra·

647 1799 800 1843 rum
821 1826 843 1861 ‚
885 1798 1034 1867 quae
1076 1770 1258 1843 nulla
1303 1772 1609 1867 praesidia
1666 1774 1945 1843 Coesaris
1992 1771 2368 1861 habuisset,
2410 1771 2775 1843 exercitibus

651 1974 764 2027 Cic.
799 1972 868 2027 ad
901 1976 990 2039 D.,
1022 1972 1122 2039 15,
1151 1994 1201 2027 2.
1235 1974 1409 2028 M.-
1434 1974 1681 2027 Ariobar·
1778 1987 1840 2027 ut
1882 1986 1937 2029 et
1974 1974 2090 2047 ipse
2132 1971 2337 2045 aliquid
2370 1972 2617 2038 haberet,
2636 1988 2778 2037 neve,

653 2057 770 2105 zam‘
815 2054 1056 2107 attribuit.
1095 2052 1177 2105 Ne
1220 2052 1405 2106 turbas
1440 2067 1684 2108 moveret
1777 2055 1875 2107 etsi
1911 2052 2135 2107 haberet
2162 2056 2249 2125 jus
2278 2053 2646 2115 successionis,
2678 2064 2779 2105 ante

650 2132 983 2197 Ariarathes,
1003 2134 1178 2187 Caesar
1194 2132 1348 2186 illum
1371 2134 1684 2188 auctoritate
1774 2148 1987 2205 tempus
2034 2145 2273 2205 captaret
2311 2150 2569 2203 regnum3
2592 2152 2719 2197 neu,
2741 2132 2780 2185 si

651 2231 744 2267 sua
788 2213 980 2284 majori
1031 2213 1216 2277 fratri,
1259 2232 1422 2285 quem
1461 2215 1685 2269 Senatus
1742 2214 2123 2279 ‘Ariobarzani
2152 2214 2321 2267 hores
2356 2212 2503 2265 filius
2530 2225 2680 2267 natus
2712 2230 2779 2265 es·

651 2292 1086 2357 confirmaverat,
1108 2294 1351 2364 subjecit.
1381 2295 1551 2347 Clau..
1577 2294 1683 2347 Po·
1772 2307 1871 2360 set,
1881 2292 2237 2347 huicinsidias
2248 2293 2778 2347 strueretAriarathes.

653 2384 756 2425 test
775 2385 953 2425 tamen
984 2373 1181 2443 quaeri,
1205 2374 1263 2424 in
1290 2392 1400 2445 quo
1427 2373 1595 2426 fuerit
1624 2373 1689 2425 il·
1773 2374 1861 2427 Sic
1898 2386 1951 2426 et
1992 2374 2131 2427 bene
2156 2373 2376 2425 meritus
2406 2372 2491 2425 vir
2522 2374 2781 2444 proemium

651 2450 774 2517 lud,
806 2451 954 2524 quod
1001 2470 1173 2505 unum
1225 2452 1376 2507 alteri
1401 2453 1647 2524 subjecit
1666 2490 1683 2517 ,
1776 2454 1927 2519 tulit,
1949 2465 2032 2518 et,
2058 2453 2184 2525 quia
2219 2452 2342 2505 tulit
2356 2490 2371 2518 ,
2404 2452 2673 2524 quiescere
2697 2470 2779 2526 po-

653 2547 708 2586 et
734 2535 792 2586 in
832 2545 1092 2604 quantum
1121 2533 1424 2605 subjecerit.
1457 2533 1517 2588 Si
1547 2533 1687 2586 nihil
1774 2535 1897 2590 tuit.
1930 2535 2007 2586 Μ.
2036 2533 2279 2587 Meretur
2300 2533 2393 2586 hic
2422 2531 2600 2586 audiri
2618 2534 2776 2586 Jurin.

654 2613 760 2666 nisi
802 2613 956 2666 fratri
989 2631 1176 2684 parere
1219 2614 1404 2684 jussit,
1455 2603 1589 2678 aut,⁸
1622 2625 1687 2666 ut
1772 2613 1994 2668 Collatis
2024 2615 2229 2686 quippe
2273 2614 2389 2667 Cic.
2416 2631 2503 2684 ep.
2546 2613 2615 2666 ad
2654 2615 2779 2680 niv„

653 2687 977 2764 quiesceret,
1004 2692 1313 2748 cohortatus
1331 2705 1441 2746 est:
1461 2712 1575 2746 non
1606 2706 1686 2746 est

653 2773 760 2826 hoc
786 2773 1070 2844 praemium
1084 2810 1100 2838 ‚
1122 2773 1262 2826 bene
1290 2771 1360 2826 de
1389 2773 1687 2844 Republica

653 2852 850 2904 merito
875 2852 995 2904 viro
1020 2850 1246 2924 dignum
1259 2889 1276 2917 ,
1297 2865 1352 2905 et
1380 2871 1602 2918 vereor,
1624 2863 1686 2905 ut

655 2931 746 2984 hic
789 2934 988 3002 jussuS,
1019 2931 1133 2984 haec
1167 2931 1404 2985 hortatio
1438 2932 1494 2986 in
1524 2950 1683 2985 omne

659 3008 869 3082 tempus
893 3011 1056 3064 fuerit
1081 3011 1268 3066 efficax
1291 3012 1486 3083 quietis
1511 3010 1684 3066 admi-

655 3091 917 3146 niculum.
945 3090 1168 3144 Accedit
1198 3089 1266 3145 ad
1299 3092 1440 3146 hanc
1467 3109 1535 3144 ex
1569 3092 1685 3163 ipsa

549 3239 553 3248 Ι
654 3190 716 3226 re
739 3182 912 3223 ortam
933 3168 1324 3226 dubitationem
1337 3209 1355 3238 ,
1373 3170 1523 3244 quod
1552 3184 1685 3226 teste

657 3248 1050 3322 Oudendorpio
1071 3249 1230 3304 codd.
1252 3269 1437 3304 omnes
1451 3289 1468 3315 ,
1487 3265 1684 3324 praeter

658 3330 794 3384 duos
807 3368 824 3396 ,
859 3331 1022 3402 paulo
1055 3343 1178 3384 ante
1217 3331 1356 3384 hanc
1398 3331 1683 3406 lectionem

657 3409 940 3464 exhibent:
959 3409 1135 3462 Fratri
1148 3422 1306 3462 autem
1323 3411 1683 3464 Ariobarzanis

655 3491 921 3545 Ariaratlu'
945 3508 964 3542 .·
995 3502 1056 3542 ut
1083 3490 1198 3561 ipse
1238 3491 1329 3542 ille
1372 3491 1456 3543 vir
1493 3489 1683 3544 doctus

658 3571 911 3636 fateatur,
936 3589 990 3624 se
1017 3569 1161 3622 nolle
1191 3567 1261 3624 de
1285 3571 1390 3622 hoc
1417 3570 1536 3622 loco
1561 3589 1686 3642 pro-

655 3651 931 3710 nunciare.
986 3649 1265 3704 Licehitne
1321 3651 1683 3721 conjecturam

655 3726 1165 3802 proponerei'Quid,
1175 3730 1220 3782 si
1226 3730 1509 3802 legerimus
1524 3749 1539 3784 :
1554 3732 1684 3783 Fra·

659 3816 725 3864 tri
760 3823 919 3862 autem
958 3807 1338 3870 Ariobarzanis,
1382 3810 1647 3872 Ariaratlu'
1660 3850 1677 3873 ,

657 3910 860 3962 qaum...
888 3903 1104 3950 terreret,
1133 3885 1676 3960 attribuit(quosdam:

655 3970 746 4022 hic
782 3969 936 4023 deleo
963 3970 1192 4022 verbum
1210 3967 1575 4034 Ariobarzani)
1596 3973 1682 4043 qai

654 4050 796 4102 sub...
812 4061 967 4101 essent
984 4043 1118 4120 (pro
1143 4047 1306 4115 esset).
1334 4050 1477 4120 Ergo
1501 4051 1678 4103 Caesar

651 4128 921 4184 Ariarathi
941 4126 1198 4202 quasdam
1217 4131 1378 4184 urbes
1395 4130 1641 4184 attribuit
1656 4167 1676 4199 ,

1779 2692 1849 2746 15
1868 2731 1884 2759 ,
1904 2713 1933 2746 2
1954 2731 1971 2758 ,
1990 2693 2225 2760 etPhil.,
2244 2713 2307 2759 ο,
2330 2693 2557 2765 37,legi
2582 2693 2779 2746 suadet:

1771 2774 1949 2827 Fratri
1980 2793 2033 2828 a.
2068 2773 2246 2828 Ariob.
2278 2773 2569 2836 Ariarathi,
2601 2793 2776 2846 quam...

1770 2864 1917 2915 esset,
1946 2871 2006 2906 ne
2036 2865 2181 2906 aut...
2210 2848 2523 2919 scilicinae,
2546 2865 2636 2906 aut
2656 2855 2699 2907 Ιι.
2722 2854 2777 2906 R.

1772 2943 1972 2984 terreret
1981 2932 2368 2985 Ariobarzanem
2382 2970 2396 2991 ,
2414 2932 2696 2988 Armeniam
2709 2935 2782 2984 mi-

1770 3030 1933 3066 norem
1960 3004 2208 3075 atiribuit,
2240 3031 2369 3086 quoe,
2402 3025 2503 3066 ete.
2544 3013 2780 3066 Cellarius

1769 3091 1839 3144 ad
1868 3093 2145 3162 vulgatum
2160 3093 2318 3146 affert
2345 3093 2535 3146 locum
2556 3112 2587 3146 e
2611 3095 2671 3146 B.
2694 3093 2778 3156 G.,

1769 3189 1855 3226 vn
1868 3211 1882 3240 ,
1914 3189 1985 3242 90
2002 3189 2017 3225 ε
2035 3172 2251 3226 Labieno
2272 3172 2349 3226 M.
2373 3171 2701 3244 Semproniam
2720 3184 2780 3224 at·

1728 3317 1736 3322 ,
1772 3252 1989 3304 tribuisse
2016 3251 2233 3305 dicitur.
2267 3253 2467 3305 Parum
2497 3251 2775 3306 commode.

1771 3331 1876 3386 On.
1908 3363 1991 3375 --
2013 3333 2276 3404 Inceptum.
2300 3331 2432 3396 Alii,
2458 3345 2675 3404 emptum.

1850 3412 1981 3468 Car.
2012 3412 2243 3466 LXVII.
2280 3430 2303 3464 1
2316 3451 2331 3465 .
2362 3413 2648 3482 Dejotarus.
2664 3410 2773 3464 vid.

1768 3510 1885 3563 cap.
1932 3493 2025 3555 34.
2068 3492 2143 3546 M.
2176 3521 2259 3534 --
2294 3491 2477 3550 Coeeeri
2522 3493 2773 3546 tetramboe.

1769 3571 2085 3643 Pompeius,
2114 3572 2261 3625 victo
2292 3571 2609 3626 Mithridate
2624 3612 2641 3638 ,
2666 3571 2773 3626 Gal·

1766 3651 2068 3722 logi-aeciam
2084 3663 2325 3722 ,quatuor
2352 3652 2659 3706 Tetrarchis
2684 3651 2773 3704 dis-

1769 3731 1961 3784 tribuit
1974 3727 2238 3804 (Appian.
2262 3731 2568 3786 Mithridat.
2586 3754 2634 3787 c.
2664 3751 2684 3786 1
2700 3737 2773 3794 16,

1767 3830 1825 3882 p.
1852 3830 1880 3862 2
1892 3811 1922 3864 5
1936 3829 1958 3864 1
1980 3807 2032 3875 )‚
2046 3810 2105 3864 in
2122 3811 2207 3864 his
2228 3813 2482 3883 Dejotaro
2497 3851 2516 3878 ,
2530 3815 2617 3866 cui
2640 3812 2775 3884 plura

1768 3909 1931 3961 quam
1947 3892 2151 3944 ceteris
2164 3892 2447 3962 assignavit
2458 3931 2475 3958 ,
2490 3903 2772 3946 enumerata

1764 3990 1863 4042 per
1880 3985 2056 4042 partes
2074 3990 2104 4024 a
2126 3966 2423 4033 Strabone(
2442 3991 2467 4025 1
2482 3993 2534 4025 α.
2553 3993 2610 4045 p.
2633 3967 2766 4040 547),

1767 4063 1827 4104 ut
1850 4050 1983 4104 adeo
2014 4052 2192 4104 caeteri
2213 4050 2478 4122 querendi
2506 4071 2707 4107 causam
2726 4065 2768 4102 se

1754 4130 1961 4196 ‚habere
1986 4129 2497 4186 existimarent.Vid.
2526 4152 2573 4186 c.
2594 4135 2682 4204 78.
2704 4129 2763 4182 M.
