3025 5025
983 524 1696 591 HISPANIENSI.
2254 522 2395 621 547

273 654 412 746 ejus
433 641 684 720 incidit.
700 651 804 719 Ita
823 651 1209 745 refugerunt
1233 652 1317 720 ad
1340 652 1664 721 Caesarem
1686 653 2085 747 3e0demque
2106 670 2405 753 tempore

273 756 544 851 signifer
571 757 652 825 de
686 756 940 852 legione
969 760 1182 851 prima
1217 759 1599 853 transfugit,
1639 774 1705 827 et
1732 762 2092 849 nuntiavit,
2120 788 2253 855 quo
2300 764 2403 831 die

271 877 573 956 equestre
604 863 901 957 praelium
940 864 1188 932 factum
1219 880 1417 953 esset,
1452 886 1571 935 suo
1602 867 1787 959 signo
1820 868 2065 960 perisse
2103 868 2405 939 homines

270 971 573 1057 XXXV,
597 994 808 1063 neque
846 968 1041 1037 licere
1083 973 1312 1041 castris
1341 974 1466 1039 Cn.
1505 974 1803 1065 Pompeii
1846 976 2167 1059 nuntiari,
2194 998 2405 1067 neque

271 1074 402 1143 dici
421 1129 440 1162 ,
467 1076 712 1169 perisse
741 1098 1155 1169 quemquam.
1183 1080 1455 1163 Servus,
1481 1078 1671 1169 cujus
1702 1076 2007 1147 dominus
2037 1082 2104 1147 in
2132 1080 2407 1149 Caesaris

274 1182 506 1250 castris
551 1181 808 1269 fuisset,
839 1206 1244 1275 uxoremque
1279 1198 1346 1250 et
1374 1182 1583 1250 filium
1618 1184 1685 1250 in
1712 1185 1958 1279 oppido
1996 1172 2407 1280 reliquerat³,

272 1286 618 1355 dominum
635 1286 997 1383 jugulavit,
1013 1303 1078 1355 et
1102 1290 1192 1356 ita
1220 1287 1388 1356 clam
1414 1310 1452 1357 a
1477 1291 1751 1358 Caesaris
1780 1290 2092 1384 praesidiis
2122 1293 2188 1360 in
2212 1294 2408 1361 Pom-

272 1394 408 1489 peii
430 1408 644 1461 castra
667 1392 994 1481 discessit,
1021 1408 1090 1461 et
1115 1394 1433 1463 indicium
1459 1394 1696 1488 glande
1719 1398 2037 1490 scriptum
2066 1398 2270 1483 misit,
2291 1424 2411 1492 per

271 1498 456 1593 quod
493 1501 736 1567 certior
765 1499 953 1568 fieret
989 1503 1240 1585 Caesar,
1268 1526 1411 1594 quae
1435 1503 1504 1567 in
1532 1502 1779 1637 oppido
1810 1502 1894 1569 ad
1922 1502 2409 1574 defendendum

271 1628 625 1699 comparat
627 1620 836 1673 entur.
865 1592 998 1694 Ita,
1022 1604 1230 1675 literis
1257 1594 1577 1701 acceptis⁴
1582 1660 1601 1694 ,
1625 1629 1830 1702 quum
1858 1611 1928 1675 in
1950 1609 2269 1703 oppidum
2301 1636 2409 1679 re-

271 1712 656 1798 vertissent,
685 1714 796 1806 'qui
825 1714 1086 1780 mittere
1119 1710 1422 1805 glandem
1453 1715 1840 1808 inscriptam
1868 1704 2205 1801 solebant,
2228 1718 2407 1785 inse-

270 1819 504 1925 quenti
523 1832 820 1911 tempore
844 1816 984 1887 duo
1011 1820 1308 1886 Lusitani
1339 1818 1573 1886 fratres
1604 1820 1959 1914 transfugae
1988 1823 2376 1891 nuntiarunt
2392 1878 2413 1911 ,

268 1946 475 2017 quam
504 1926 852 2017 Pompeius
891 1926 1281 1993 concionem
1319 1924 1701 1993 habuisset:
1744 1943 1778 1989 t<
1804 1928 2126 2029 quoniam
2162 1929 2409 2028 oppido

269 2026 566 2098 subsidio
591 2051 726 2097 non
761 2044 980 2123 posset
1024 2032 1290 2117 venire,
1321 2046 1527 2099 noctu
1562 2054 1643 2099 ex
1678 2030 2207 2102 adversariorum
2252 2059 2409 2103 eon-

271 2149 508 2229 spectu
533 2158 600 2203 se
629 2132 1030 2203 deducerent
1053 2136 1135 2203 ad
1149 2158 1330 2205 mare
1344 2160 1643 2204 versum:
1670 2152 1703 2187 ’³
1727 2139 1934 2209 unuin
1954 2138 2409 2234 respondisse,

277 2257 314 2292 α
357 2255 432 2308 ut
468 2242 684 2334 potius
721 2240 804 2307 ad
841 2239 1287 2311 dimicandum
1345 2241 1855 2328 descenderent,
1898 2263 2099 2335 quam
2147 2246 2409 2338 signu-m

267 2347 452 2439 fugae
477 2346 932 2417 ostenderent:
973 2374 1006 2409 ι)
1042 2369 1226 2432 eum,
1245 2348 1356 2465 qui
1387 2349 1476 2413 ita
1503 2345 1762 2415 locutus
1789 2362 1987 2464 esset,
2012 2347 2404 2441 jugfflatum.

268 2450 533 2548 Eodem
563 2466 861 2547 tempore
883 2448 1202 2520 tabellarii
1221 2453 1360 2546 ejus
1381 2451 1807 2546 deprehensi,
1834 2455 1947 2546 qui
1972 2453 2057 2522 ad
2087 2454 2407 2588 oppsidum

266 2558 664 2646 veniebant,
709 2583 992 2652 quorum
1035 2557 1256 2628 literas
1302 2561 1525 2628 Caesar
1566 2557 1911 2654 oppidanis
1954 2547 2255 2652 objecit⁵,
2302 2578 2406 2647 et,

265 2666 616 2764 quivitam
646 2661 764 2732 sibi
789 2679 1084 2757 peteret,
1111 2665 1304 2757 j'ussit
1331 2679 1579 2731 turrem
1610 2663 1891 2756 ligneam
1918 2617 2407 2760 oppidanoruni

263 2768 627 2843 incendere
659 2795 673 2840 :
719 2770 785 2841 id
822 2771 874 2838 si
911 2769 1202 2854 fecisset,
1242 2771 1301 2840 ei
1346 2794 1414 2838 se
1459 2771 1773 2863 promisit.
1800 2773 2021 2839 omnia
2058 2797 2407 2844 concessu.-

266 2903 446 2944 rum.
486 2875 687 2968 Quod
717 2875 984 2948 difficile
1016 2891 1158 2944 erat
1200 2875 1377 2943 factu
1399 2929 1418 2962 ,
1447 2890 1523 2942 ut
1564 2899 1711 2942 eam
1754 2882 2007 2944 turreni
2051 2879 2187 2945 sine
2228 2882 2401 2972 peri-

268 3093 483 3128 manum.
511 3073 644 3126 Inde
679 3071 820 3128 oud.
849 3075 994 3125 simul
1020 3093 1142 3144 pag.
1180 3074 1298 3125 edu·
1470 3079 1523 3140 4.
1544 3073 1718 3124 Licet-ds
1748 3077 1966 3142 acceptis.
2000 3073 2132 3138 Quis
2170 3077 2407 3146 accepit?

263 3160 350 3207 :cit
369 3167 432 3205 et.
455 3151 557 3206 Sed
573 3167 783 3224 praestat
798 3153 954 3206 lectio
969 3153 1298 3224 optimorum
1387 3149 1563 3203 unde.
1552 3152 1575 3190 ἰ’
1620 3151 1839 3223 quales?
1876 3153 1951 3204 M.
1988 3185 2068 3194 —
2112 3153 2216 3222 Qui
2254 3160 2406 3207 mitte-

263 3231 435 3289 eodd.
467 3234 686 3304 probata
727 3231 942 3286 Clarkio
981 3245 1033 3284 et
1065 3233 1296 3285 Davisio.
1363 3252 1454 3282 -r.e
1551 3232 1825 3284 ..solebant
1882 3231 2024 3304 Ergo
2087 3251 2231 3285 nunc
2281 3236 2402 3306 plu-

264 3313 468 3367 -Suo
491 3315 646 3381 sigub.
663 3313 802 3384 Lege
824 3334 850 3363 e
872 3332 958 3363 suo
979 3316 1144 3380 signo,
1165 3313 1220 3364 h.
1250 3331 1297 3365 e.
1385 3330 1468 3362 res
1481 3271 1835 3365 mittebant?
1874 3311 2011 3363 Mihi
2065 3323 2207 3364 totus
2256 3313 2403 3367 locus

263 3393 570 3462 manipulo.
589 3391 664 3443 M.
683 3393 823 3444 Bene
861 3392 1140 3444 monitum.
1389 3391 1641 3442 obscurus
1674 3402 1797 3441 est.
1825 3385 1960 3442 nihil
1997 3391 2117 3442 satis
2156 3389 2402 3446 distincte

364 3473 418 3529 3.
471 3471 735 3527 Fuisset.‚..
775 3473 1042 3542 reliquerat.
1091 3473 1301 3536 Quanta
1386 3473 1656 3521 narratum
1691 3468 1924 3540 repe'rire
1959 3489 2189 3560 pessum.
2233 3471 2403 3528 Multa

261 3554 390 3605 liaec
429 3563 507 3602 est
545 3548 809 3603 scribendi
851 3549 1192 3620 negligentia!
1219 3551 1297 3602 M.
1386 3549 1474 3605 hic
1495 3543 1829 3610 exciderunt,
1850 3561 1909 3600 ut
1927 3548 2152 3620 scriptor
2175 3533 2403 3604 scribere

264 3661 361 3680 --.
383 3629 579 3684 Glande
600 3634 840 3700 scriptum.
867 3629 1077 3700 Ut'cap.
1111 3631 1195 3682 13.
1219 3629 1296 3686 Μ.
1388 3627 1633 3698 equidem
1656 3627 1851 3692 voluit,
1876 3623 1967 3680 sed
1984 3646 2093 3680 non
2111 3630 2301 3699 potuit.
2322 3631 2397 3698 M.

260 3711 380 3762 Hic
425 3710 624 3761 mentio
671 3711 859 3762 omissa
902 3705 1114 3760 videtur
1157 3712 1299 3779 ejus,
1387 3709 1518 3772 Alii,
1554 3711 1792 3777 scriptam.
1826 3738 1905 3748 --
1930 3707 2282 3762 Descenderam
2304 3750 2398 3764 .....

261 3790 374 3861 qui
401 3787 645 3860 glandem
677 3789 850 3852 misit3
877 3807 998 3839 nam
1033 3807 1212 3839 servus
1241 3786 1300 3838 id
1387 3787 1695 3838 ostenderent.
1710 3785 1940 3842 Videtur
1957 3781 2207 3838 numerus
2228 3789 2403 3860 singu·-

261 3887 391 3921 non
420 3857 634 3932 fecerit;
654 3881 742 3922 aut
761 3887 860 3938 pro
888 3866 1056 3919 Coesar
1073 3867 1304 3918 scriben-
1385 3867 1508 3921 laris
1546 3885 1575 3918 e
1607 3863 1813 3922 duobus
1845 3853 2000 3918 codd.
2034 3867 2239 3940 semper
2272 3887 2400 3919 con·

219 3982 222 3984 v
255 3946 412 4000 dum
426 3943 700 4018 Pompeius,
720 3943 865 4020 quod
882 3947 1096 3999 Clarkio
1111 3946 1300 4017 placet,
1388 3943 1709 4016 spirantibus
1745 3942 2095 4016 recipiendus.
2136 3943 2283 3998 Mon.
2320 3979 2403 3989 --

259 4029 331 4082 ni
367 4025 498 4096 quid
538 4025 687 4078 desit.
715 4027 816 4078 On.
841 4058 921 4067 ——
951 4026 1132 4077 Caesar.
1190 4024 1300 4077 Cur
1388 4027 1543 4086 Eum,
1567 4029 1661 4096 qui.
1696 4025 1779 4076 Sic
1812 4023 2226 4096 Oudendorpius
2254 4046 2283 4078 e
2313 4045 2403 4078 co·

259 4123 412 4161 vero
444 4123 554 4157 non
591 4104 725 4158 dixit
767 4107 880 4177 ipse
925 4105 1113 4160 Caesari
1147 4117 1261 4158 tum
1281 4143 1298 4171 ,
1388 4099 1613 4156 dicihus.
1637 4100 1838 4173 Vulgo,
1872 4115 1984 4156 tum.

259 4203 450 4260 quum
480 4185 537 4238 in
569 4187 679 4258 ejus
706 4186 886 4242 castris
916 4183 1055 4238 fuit?
1095 4185 1169 4240 M.
1476 4183 1525 4239 5.
1549 4183 1753 4256 Objecit.
1776 4177 2183 4252 Codd.quidam
2214 4183 2400 4255 abjecit.

1944 4285 2089 4362 35²
