3025 5025
1033 481 1602 551 AFRICANO.
2232 478 2379 575 437

248 610 451 678 vertit
464 661 486 696 ,
535 609 756 704 ibique
801 611 1076 680 sarcinis
1125 616 1452 684 exet-'citus
1498 611 1742 684 relictis
1756 663 1777 698 ,
1806 615 1946 708 ipse
1988 633 2139 683 cum
2182 637 2387 708 expe-

247 714 388 783 dita
433 738 637 784 manu
669 715 1110 812 proficiscitur
1154 717 1627 788 circumvillas
1661 719 2137 792 frumentatum
2152 772 2173 807 ,
2199 721 2389 814 oppi-
2448 767 2454 775 -

246 819 570 916 danisque
611 823 896 918 imperat
909 875 936 913 ,⁷
953 839 1030 894 ut
1067 823 1364 920 plaustra
1389 827 1822 920 jumentaque
1854 827 2079 895 omnia
2110 850 2386 921 sequan-

246 925 375 996 tur.
423 930 657 1021 Itaque
699 952 945 1025 magno
987 931 1301 1002 frumenti
1341 934 1616 1004 invento
1660 956 1976 1018 numero,
2020 926 2391 1026 Ruspinam
2440 977 2451 984 -

245 1032 439 1103 redit.
497 1036 646 1106 Hoc
714 1059 868 1104 eum
917 1036 1171 1106 idcirco
1221 1040 1525 1108 existimo
1574 1038 1805 1108 fecisse
1819 1036 1865 1126 ¹,
1916 1051 1993 1106 ut
2058 1039 2391 1106 maritima

245 1139 498 1234 oppida
530 1155 682 1235 post
717 1166 786 1210 se
815 1166 924 1212 ne
935 1167 1149 1214 vacua
1189 1143 1623 1240 relinqueret,
1658 1144 2091 1240 praesidioque
2126 1143 2391 1217 firmata

245 1244 332 1315 ad
375 1244 603 1316 classis
630 1248 1070 1343 receptacula
1088 1251 1396 1320 muniret.

353 1355 444 1423 X.
498 1355 766 1448 Itaque,
801 1353 894 1422 ibi
932 1354 1162 1426 relicto
1204 1359 1276 1424 P.
1331 1356 1677 1445 Saserna¹,
1718 1357 1923 1426 fratre
1972 1309 2113 1450 ejus
2130 1409 2151 1444 ,
2192 1380 2391 1450 quem

245 1459 448 1554 Lepti
471 1462 778 1555 proximo
807 1461 1059 1556 oppido
1080 1460 1464 1556 reliquerat,
1493 1487 1649 1532 cum
1673 1461 1962 1556 legione,
1985 1463 2177 1555 jubet
2208 1486 2389 1530 com-

243 1567 504 1660 portari
533 1564 712 1660 ligna
735 1568 804 1636 in
833 1567 1152 1661 oppidum
1185 1591 1386 1662 quam
1423 1567 1751 1663 plurima:
1788 1569 1928 1664 ipse
1958 1592 2131 1642 cum.
2150 1568 2397 1639 cohor-.

195 1729 212 1748 .
245 1671 428 1740 tibus
475 1674 609 1743 VH
627 1726 648 1760 ,
695 1697 842 1766 quae
897 1697 980 1742 ex
1029 1675 1359 1744 veteranis
1407 1673 1775 1768 legionibus
1833 1676 1904 1743 in
1962 1672 2167 1744 classe
2237 1698 2395 1743 cum

243 1775 542 1872 Sulpicio
595 1793 663 1848 et
707 1780 977 1848 Vatinio
1035 1805 1179 1850 rem
1231 1795 1570 1875 gesserant
1591 1833 1613 1868 ,
1659 1805 1739 1848 ex
1790 1780 2037 1876 oppido
2092 1781 2395 1873 Ruspina

244 1907 552 1978 egressus
566 1937 586 1971 ‚
629 1883 1072 1980 proficiscitur
1113 1886 1199 1956 ad
1241 1901 1510 1981 portum
1531 1939 1552 1973 ,
1594 1887 1707 1980 qui
1759 1886 1949 1956 abest
1998 1887 2083 1954 ab
2145 1886 2395 1981 oppido

244 1988 456 2060 millia
503 2014 820 2086 passuum
875 1991 1052 2078 duo;
1097 1993 1318 2087 ibique
1359 1991 1637 2064 classem
1678 1993 1801 2062 sub
1843 2017 2191 2089 vesperum
2236 2017 2393 2062 cum

245 2120 329 2168 ea
365 2098 562 2191 copia
605 2096 1054 2186 conscendit²‚
1089 2099 1397 2170 omnibus
1439 2101 1511 2168 in
1552 2098 1849 2168 exercitu
1889 2100 2144 2187 insciiS,
2183 2112 2253 2168 et
2289 2123 2391 2168 re·
2440 2143 2447 2150 -

331 2306 462 2362 Cu.
493 2307 592 2361 lx.
638 2327 687 2362 1.
726 2309 840 2362 Hoc
873 2329 1018 2364 eum..
1023 2312 1274 2379 ..feci-ese.

253 2385 451 2452 Codd„
483 2392 720 2460 recepisse.
751 2389 894 2460 Ετςο
924 2389 1128 2463 legetur
1155 2408 1277 2444 cum

251 2467 510 2523 Davisio·
542 2469 660 2521 Huc
679 2487 816 2522 etan..
823 2474 1087 2542 ,παρίτω
1110 2490 1174 2531 se.
1197 2470 1273 2526 M.

253 2548 382 2602 Non
407 2549 610 2620 spernit
639 2549 743 2602 hoc
771 2547 1122 2622 Oudendorp.
1155 2552 1278 2623 Ipse

253 2642 432 2683 tamen
449 2629 746 2699 suspicatur
759 2628 1044 2701 legendum
1058 2634 1279 2702 repetisse

255 2709 344 2761 hoc
377 2704 722 2780 (oppidum).
751 2732 833 2744 -·
859 2708 954 2765 Ad
985 2709 1174 2763 classim
1207 2730 1281 2761 re-

256 2798 376 2860 cept.
413 2788 554 2859 Lege
581 2788 652 2840 ad
678 2789 844 2857 classis
868 2781 889 2851 (
901 2789 987 2843 vel
1019 2785 1277 2853 classium)

255 2868 568 2938 nceptacula.
607 2868 684 2921 M.
725 2868 843 2921 Hoc
883 2869 1042 2921 etiam
1086 2870 1279 2941 probat

255 2945 540 3011 Oudend.;
571 2946 664 2999 sed
701 2947 858 3019 Vulg.
890 2948 1042 3019 prius
1065 2948 1276 3001 retinet.

255 3027 500 3100 Intellige
528 3045 543 3079 ε
570 3046 663 3099 quo
683 3046 733 3079 se
749 3032 954 3105 recipere
970 3040 1148 3103 posset.

337 3106 470 3160 Cu’.
501 3106 571 3158 X.
618 3124 664 3159 1.
707 3107 772 3158 P.
801 3106 1025 3161 Saserna.
1057 3107 1280 3160 Publius

255 3186 517 3239 Hostilius
541 3184 789 3250 Saserna,
815 3186 870 3239 h.
899 3187 934 3240 l.
959 3206 1070 3240 non
1099 3185 1241 3239 idem
1260 3224 1279 3253 ,

255 3265 366 3339 qui,
383 3265 556 3336 capite
572 3264 912 3337 praecedenti,
925 3267 1142 3319 relictus
1163 3267 1280 3319 fue-

253 3357 340 3399 rat
367 3345 526 3416 Lepti
549 3362 672 3397 cum
695 3344 945 3417 presidio
964 3384 981 3411 ‚
1005 3344 1096 3399 sed
1119 3346 1282 3399 frater

255 3427 385 3497 ejus.
417 3424 592 3477 Ambo
628 3425 790 3495 igitur
827 3426 1014 3478 fratres
1051 3444 1080 3478 e
1127 3437 1282 3496 gente

253 3502 752 3569 Hostilia-oriundi,
770 3522 915 3575 quae,
931 3504 1028 3557 etsi
1048 3504 1254 3577 plebeia
1265 3542 1282 3572 ,

255 3598 316 3638 ut
336 3595 486 3656 patet
510 3601 576 3636 ex
596 3584 720 3635 trib.
738 3583 1072 3655 plebis,quos
1094 3584 1283 3655 gessit,

253 3663 518 3735 originem
547 3660 774 3716 ducebat
805 3663 872 3717 ab
907 3663 1020 3734 ipsa
1060 3663 1286 3719 Hersilia

251 3742 452 3798 Sabina
465 3780 484 3808 ,
524 3760 642 3814 quae
681 3755 952 3796 auctorem
993 3743 1163 3815 gentis
1192 3762 1287 3814 pe-

249 3822 398 3896 perit
437 3822 498 3875 in
524 3822 688 3885 bvsto,
716 3820 862 3875 unde
886 3824 952 3875 ab
987 3823 1086 3877 ista
1110 3823 1289 3895 appel-

248 3902 392 3955 latus
427 3914 507 3955 est
528 3901 714 3954 Hostus
734 3902 990 3956 Hostilius.
1017 3902 1143 3955 Hoec
1164 3920 1290 3973 gens

249 3982 312 4037 in
345 3980 486 4036 duas
509 3980 732 4035 familias
757 3982 915 4047 abiit,
933 4000 1008 4035 sc.
1034 3980 1291 4034 Mancinus

246 4074 306 4116 et
318 4061 581 4115 Sasernas.
598 4061 813 4119 Hostilii
830 4061 1067 4115 Mancini
1088 4061 1292 4132 mag-nis

247 4141 651 4214 magistratibus
698 4141 936 4213 insigniti
974 4141 1123 4205 fuere
1143 4181 1158 4210 ‚
1196 4138 1291 4197 sed

1363 2330 1476 2364 non
1503 2309 1755 2364 Saserna.
1782 2310 1939 2363 Prior
1965 2329 2029 2362 ex
2052 2309 2262 2362 duobus
2284 2311 2391 2362 fra-

1365 2391 1537 2444 tribus
1558 2390 1619 2443 L.
1646 2389 1904 2442 Hostilius
1930 2387 2173 2454 Saserna,
2192 2389 2259 2442 de
2284 2408 2392 2460 quo

1365 2489 1542 2542 supra,
1557 2488 1803 2523 nummos
1816 2467 1965 2523 cudit
1974 2507 1991 2533 ‚
2004 2469 2235 2540 quoi-‘um
2251 2487 2391 2523 unus

1363 2563 1526 2622 caput
1546 2550 1773 2602 Veneris
1788 2550 2099 2601 laureatum.
2121 2550 2187 2601 In
2214 2568 2394 2602 aversa

1363 2641 1515 2701 parte
1531 2666 1549 2693 ,
1562 2630 1623 2683 L.
1646 2627 1989 2681 HOSTILIV
1993 2628 2029 2680 S
2048 2627 2393 2694 SASERNA,

1363 2708 1588 2763 victoria
1618 2706 1898 2779 gradiens;
1924 2706 2042 2760 dex.
2068 2706 2361 2760 caduceum
2378 2748 2395 2777 ‚

1364 2789 1595 2841 humero
1634 2789 1771 2840 laevo
1810 2787 2128 2859 trophaeum.
2158 2787 2281 2841 Duo
2306 2787 2398 2839 alii

1364 2868 1573 2921 nummi
1602 2865 1859 2920 videntur
1885 2866 1943 2918 in
1965 2866 2148 2919 Africa
2175 2867 2316 2933 cusi;
2340 2879 2396 2919 et

1366 2948 1569 3003 habent
1578 2947 1777 3017 effigies
1792 2947 2011 2998 Pallor-is
2020 2957 2074 2998 et
2084 2947 2304 3001 Pavoris.
2324 2947 2400 3013 Et

1367 3028 1541 3099 reipsa
1571 3026 1762 3079 Tullus
1786 3014 2046 3079 Hostilius
2072 3044 2166 3077 rex
2197 3026 2398 3079 Pallori

1367 3120 1419 3159 et
1449 3106 1644 3159 Pavori
1668 3107 1927 3177 templum
1952 3100 2391 3168 exau-uxeratm.

1367 3188 1590 3257 August.
1606 3184 1676 3238 de
1691 3186 1850 3239 Civit.
1875 3185 1975 3241 Dei
1988 3220 2005 3251 ‚
2024 3204 2070 3238 c.
2096 3181 2205 3249 ιο).
2218 3185 2399 3239 Publii

1369 3279 1546 3319 autem
1592 3264 1825 3319 Sasernas
1883 3264 2095 3336 nullum
2142 3265 2399 3319 hahemus

1365 3356 1791 3399 monumentum.
2391 3335 2398 3342 ’

1455 3445 1504 3478 2.
1522 3424 1830 3492 Conscendit,
1848 3423 2096 3477 omnibus..
2106 3423 2390 3483 .consilium‚

1369 3509 1498 3578 quia
1507 3524 1684 3574 magno
1702 3504 1895 3556 sollicit.
1925 3502 2011 3555 Sic
2037 3504 2200 3557 locus
2210 3500 2400 3553 distin

1372 3582 1616 3655 guendus
1636 3596 1691 3636 et
1714 3581 1970 3654 legendus
1996 3601 2027 3633 e
2057 3573 2176 3634 cod.
2216 3581 2394 3633 Davis.

1381 3665 1715 3723 Tristimonm,
1737 3681 1767 3715 e
1788 3660 1945 3715 codd.
1966 3660 2235 3713 revocavit
2253 3659 2397 3713 oud.

1373 3762 1475 3815 pro
1495 3742 1643 3813 yulg.
1672 3745 1887 3795 tristitia.
1906 3740 1982 3792 Μ.
2006 3738 2208 3793 Contra
2224 3740 2399 3793 sentio

1374 3841 1497 3875 cum
1526 3819 1775 3873 Oudend.
1803 3816 2237 3889 distinguendum
2277 3832 2401 3889 pont

1377 3900 1668 3961 conscendit,
1688 3918 1859 3970 neque
1877 3917 2013 3970 opus
2036 3898 2137 3951 isto
2159 3902 2287 3970 quia.
2314 3899 2403 3953 sie

1379 3993 1432 4033 et
1457 3980 1584 4033 alibi
1602 3991 1883 4032 struuntur
1900 3978 2117 4031 ablativi
2138 3978 2402 4039 absolute.

1379 4058 1507 4112 vid.
1530 4072 1641 4112 not.
1664 4057 1733 4112 ad
1757 4060 1818 4112 Β.
1840 4058 1907 4111 G.
1933 4076 2035 4125 vn,
2059 4064 2186 4123 4;et
2198 4059 2279 4113 Al.
2307 4077 2401 4128 17,

1382 4140 1476 4193 ubi
1509 4140 1583 4195 his
1602 4139 1829 4210 pulsia...
1860 4138 2229 4223 applicaverunt.
2260 4139 2398 4201 Dein

1946 4271 1983 4319 2
1998 4246 2039 4319 8
2055 4232 2080 4271 ³
