3025 5025
626 465 772 542 DE
814 473 1171 541 BELLO
1226 473 1606 542 CIVILI.
1665 475 2062 570 LIB.·III.

258 607 701 675 necessarium
746 631 889 676 esse
932 607 1327 675 existimavit
1346 603 1373 692 ,’
1408 605 1491 674 de
1529 606 1877 700 repentino
1921 606 2215 675 adventu
2259 608 2404 677 Cae-

257 713 421 780 saris
443 715 839 808 Pompeium
868 712 1013 782 fieri
1040 714 1396 782 certiorem
1411 765 1430 800 ,
1456 714 1558 780 uti
1580 712 1666 780 ad
1691 712 1760 780 id
1785 711 2135 781 consilium
2163 737 2402 807 capere

182 895 189 898 ,
258 833 511 910 posset,
550 834 909 914 antequam
940 820 1025 888 de
1054 819 1382 889 mandatis
1424 821 1532 913 agi
1569 820 1927 913 inciperet;
1954 833 2152 912 atque
2193 819 2345 888 ideo
2357 817 2402 907 ²,

256 926 647 996 continuato
684 941 753 996 et
792 941 991 996 nocte
1030 941 1097 995 et
1134 925 1241 994 die
1278 927 1545 1014 itinere,
1589 939 1788 1019 atque
1823 927 2098 995 mutatis
2121 925 2202 994 ad
2232 923 2402 994 cele-

255 1032 515 1099 ritatem
556 1032 876 1125 jumentis
906 1087 927 1122 ,
993 1033 1078 1101 ad
1136 1033 1531 1126 Pompeium
1602 1031 1948 1101 contendit
1979 1086 1998 1119 ,
2051 1046 2144 1100 utr
2175 1031 2403 1100 adesse

256 1137 589 1208 Caesarem
646 1141 957 1209 omnibus
1014 1140 1225 1234 copiis
1282 1140 1650 1208 nunciaret.
1721 1140 2075 1233 Pompeius
2125 1152 2270 1206 erat
2323 1162 2404 1206 eo

256 1256 557 1338 tempore
595 1247 668 1313 in
712 1245 1088 1334 Candavia,
1136 1247 1394 1339 iterque
1445 1270 1528 1313 ex
1579 1245 1978 1315 Macedonia
2015 1246 2084 1313 in
2125 1244 2404 1313 hiberna

254 1350 678 1444 Apolloniam
734 1352 1319 1446 Dyrrachiumque
1366 1351 1674 1421 habehat.
1725 1351 1858 1422 Sed
1903 1377 1977 1420 re
2021 1375 2200 1420 nova
2253 1375 2403 1445 per·

252 1456 565 1526 turbatus
580 1511 608 1546 .‚
642 1459 1005 1552 majoribus
1044 1458 1391 1527 itineribus
1434 1457 1859 1553 Apolloniam
1899 1473 2126 1552 petere
2170 1459 2402 1552 coepit,

252 1587 335 1630 ne
360 1565 595 1636 Caesar
634 1589 769 1634 orae
796 1566 1145 1634 maritimae
1188 1566 1489 1635 civitates
1547 1578 1926 1659 occuparet.
1974 1566 2064 1632 At
2106 1561 2254 1653 ille,
2291 1587 2403 1632 ex-

253 1671 485 1762 positis
540 1670 859 1742 militibus
884 1725 904 1760 ‚
962 1671 1197 1741 eodem
1246 1670 1355 1740 die
1410 1672 1694 1772 Oricum
1737 1658 2200 1766 proficiscitur.
2245 1672 2405 1759 Quo

249 1801 459 1869 quum
504 1779 795 1848 venisset
815 1832 833 1867 ‚
872 1781 947 1848 L.
993 1780 1373 1872 Torquatus
1394 1830 1412 1865 ‚
1446 1779 1562 1872 qui
1593 1777 1784 1870 jussu
1820 1779 2119 1870 Pompeii
2157 1776 2406 1872 oppido

248 1898 539 1975 praeerat
554 1937 576 1970 ‚
604 1885 1113 1980 praesidiumque
1146 1885 1237 1952 ibi
1269 1885 1740 1953 Parthinorum
1773 1883 2065 1952 habehat
2078 1937 2098 1972 ‚
2127 1899 2406 1953 conatus

248 1992 465 2082 portis
502 1989 743 2060 clausis
786 1991 1111 2086 oppidum
1145 1989 1541 2080 defendere3
1577 2015 1781 2085 quum
1829 1993 2101 2060 Graecos
2137 2015 2407 2085 murum

252 2095 661 2166 adscendere
681 2113 881 2194 atque
912 2122 1098 2168 arma
1129 2121 1367 2192 capere
1389 2082 1734 2191 juberet³;
1767 2095 1862 2165 illi
1897 2111 2121 2166 autem
2149 2121 2220 2167 se
2249 2122 2407 2166 con-

2249 471 2400 544 205

1379 2295 1683 2350 Vibullium
1701 2290 1722 2358 (
1740 2315 1900 2368 quem
1927 2297 2159 2369 appellat
2181 2280 2402 2365 ἰοὺῧιον)

1378 2389 1595 2448 captum
1625 2375 1766 2448 apud
1794 2377 2056 2430 Caesarem
2086 2378 2263 2430 fuisse.

250 2295 544 2368 Pompeius
592 2298 686 2368 qui
732 2309 863 2350 tnnc
910 2298 968 2349 in
1018 2295 1288 2352 Candavia

252 2378 585 2430 morabatur.
657 2377 969 2431 ciacconius
1034 2377 1292 2449 proponit

256 2455 509 2509 Vibullius
534 2459 579 2509 'is
604 2461 852 2529 expositus
886 2457 1132 2529 Corcyroe.
1169 2457 1291 2509 Ou-

252 2534 591 2609 dendorpius
619 2540 839 2609 probat,
870 2538 915 2591 si
944 2556 1047 2610 pro
1074 2545 1145 2609 τῷ
1184 2536 1290 2590 ideo

252 2617 390 2671 infra
428 2618 610 2688 posito
634 2631 927 2689 reponatur
958 2618 1067 2671 1'nde
1073 2638 1095 2681 ‚·
1125 2618 1199 2671 ita
1229 2630 1292 2671 ut

250 2697 564 2763 Vibullius,
590 2710 713 2769 post
750 2696 997 2751 mandata
1044 2698 1288 2764 Caesaris,

252 2777 511 2849 Corcyra
541 2778 663 2830 navi
692 2777 998 2848 pervenerit
1024 2776 1093 2831 ad
1123 2778 1289 2831 Bibu-

248 2856 390 2919 lum,
411 2868 577 2927 atque
592 2854 721 2909 inde
742 2858 1137 2911 continuaverit
1158 2859 1289 2923 iter3

248 2956 359 2989 non
404 2938 553 2989 male
595 2948 737 2989 certe
752 2976 771 3002 ‚
802 2935 895 2990 sed
937 2937 1095 2989 lectio
1127 2935 1286 2991 codd.

250 3034 427 3088 usque
450 3014 585 3071 adeo
605 3014 823 3069 defendi
843 3027 1019 3087 potest
1033 3054 1050 3082 ‚
1072 3035 1193 3069 meo
1203 3020 1291 3089 ju-

230 3093 419 3151 ·dicio.
450 3096 626 3151 Caesar
646 3094 869 3167 quidem
892 3114 1007 3149 non
1022 3109 1136 3149 erat
1155 3099 1290 3151 Cor·

244 3194 397 3248 cyra
412 3174 530 3241 ,sed
572 3177 630 3228 in
670 3175 904 3242 vicinio;
936 3174 1082 3229 unde
1121 3194 1291 3247 quum

250 3256 499 3330 Corcyra
528 3255 819 3309 notabilior
848 3256 917 3309 sit
931 3256 1155 3328 hujusce
1184 3276 1292 3311 orae

250 3334 407 3389 locus
424 3374 443 3402 ,
482 3336 563 3389 nil
624 3333 851 3407 impedit
870 3374 889 3402 ,
932 3336 1067 3407 quin
1116 3336 1292 3391 Caesar

250 3434 370 3471 eam
428 3416 752 3483 nominarit,
786 3416 955 3471 veluti
1004 3416 1291 3471 lectoribus

248 3497 359 3549 zuis
417 3494 747 3552 notissimam
774 3515 789 3549 z
820 3495 969 3567 quod
1010 3496 1293 3551 confirmat

248 3576 363 3631 Jul.
396 3575 611 3640 Celsus,
637 3577 749 3647 qui,
768 3595 825 3648 p.
847 3579 987 3645 189,
1004 3575 1169 3631 dicit:
1190 3577 1293 3629 hoee

250 3676 358 3709 ecam
411 3654 633 3707 Vibullio
670 3656 740 3707 ad
778 3656 1118 3727 Corcyram...
1150 3676 1291 3727 quum

250 3740 493 3805 egisset...
526 3736 794 3789 Ceterum
821 3737 994 3790 nostri
1024 3734 1182 3790 codd.
1206 3756 1293 3791 re·

252 3816 357 3885 gii,
391 3814 447 3868 h.
485 3815 554 3880 1.,
580 3828 643 3871 ut
674 3834 901 3887 supi-ac.
930 3834 1034 3881 10,
1061 3834 1164 3887 pro
1197 3816 1294 3869 Vi-

252 3895 437 3949 hullius
466 3894 668 3949 habent
701 3896 907 3950 Babulus
936 3897 1095 3963 Rufus
1107 3917 1129 3958 ‚·
1157 3896 1294 3949 male

252 3988 307 4027 et
338 3986 533 4029 contra
559 3974 723 4031 fidem
740 3975 1005 4040 historiae,
1022 3975 1150 4029 licet
1172 3975 1296 4029 Plu-

254 4055 479 4111 tax-chus
506 4074 619 4109 non
658 4053 847 4109 eadem
887 4054 1061 4109 tradat
1090 4073 1149 4108 ac
1178 4055 1294 4109 (ἰω-

251 4134 341 4188 u‘ar
359 4153 373 4187 :
391 4132 525 4188 dicit
543 4136 714 4204 entim,
734 4134 867 4191 dum
882 4136 997 4191 hac
1012 4147 1295 4207 agerentur

1464 2477 1514 2511 a.
1532 2456 1588 2511 A
1591 2469 1698 2529 tque
1716 2454 2045 2523 ideacodd„
2061 2469 2223 2529 atque
2240 2458 2404 2521 eidem,

1378 2537 1491 2591 sine
1523 2556 1682 2590 sensu
1709 2554 1724 2588 :
1755 2536 1841 2590 alii
1866 2550 2180 2609 proponunt
2198 2574 2212 2595 ,
2249 2551 2407 2609 atque

1378 2617 1616 2679 indidem;
1635 2614 1989 2689 Oudendorp.
2017 2628 2161 2687 atque
2187 2618 2311 2671 inde.
2327 2650 2409 2663 -ι

1378 2696 1546 2769 Atque
1565 2700 1759 2748 mutatis
1781 2696 1854 2747 ad
1870 2698 2154 2749 celeritatem
2159 2701 2406 2767 sumentis.

1380 2775 1604 2830 Codices
1631 2794 1816 2829 omnes
1843 2776 2072 2829 habent:
2093 2788 2235 2849 atque
2259 2782 2410 2830 omni·-

1378 2856 1467 2908 bus
1495 2859 1646 2927 copiis
1681 2861 1880 2909 mutauit
1911 2857 1980 2910 ad
2007 2856 2294 2915 celeritatem
2318 2861 2408 2929 J'u-

1378 2941 1548 2989 mentis
1562 2975 1576 2998 ,
1611 2948 1664 2989 et
1699 2937 1840 2989 infra
1869 2948 1930 2989 ut
1969 2937 2132 2989 adesse
2167 2936 2410 2991 Coesarem

1378 3020 1644 3069 nunciaret.
1702 3017 1872 3069 Error
1919 3016 2010 3069 hic
2063 3018 2374 3085 manifestus
2392 3058 2409 3086 ,

1376 3114 1505 3150 nam
1539 3114 1651 3149 non
1677 3096 1964 3149 verisimile
1997 3109 2077 3150 est
2108 3096 2412 3153 Vibullium

1378 3194 1502 3229 cum
1557 3176 1770 3229 omnibus
1817 3180 1968 3249 copiis
2013 3177 2086 3229 ad
2131 3178 2411 3250 Pompeium

1378 3256 1696 3322 contendisse,
1724 3269 1786 3309 ut
1806 3256 1876 3309 'ei
1916 3257 2198 3311 nunciaret
2235 3259 2409 3313 Caesa-

1378 3354 1495 3391 rem
1539 3334 1737 3390 adesse.
1781 3337 1958 3391 Voces
2005 3336 2217 3391 omnibus
2261 3343 2412 3410 copiis

1378 3415 1483 3469 hoc
1509 3416 1632 3469 loco
1657 3418 1870 3486 insertae
1896 3416 2087 3487 reponi
2107 3414 2306 3471 debent
2331 3420 2414 3471 in-

1378 3496 1460 3547 fra
1496 3509 1621 3567 post
1654 3497 1892 3550 Caesarem
1906 3534 1923 3559 ,
1963 3508 2026 3551 ut
2051 3507 2198 3550 recte
2235 3499 2410 3568 perci-

1377 3575 1558 3647 piatur
1593 3594 1792 3630 sensus.
1823 3577 1969 3629 Bene
1996 3588 2182 3629 nostro
2208 3574 2412 3647 judicio

1379 3656 1645 3709 Gruterus
1689 3656 1908 3725 conjicit
1953 3654 2066 3707 haeo
2085 3692 2102 3720 ‚
2144 3667 2200 3706 ut
2243 3657 2414 3709 Coesar

1378 3736 1544 3787 adesse
1566 3754 1671 3788 cum
1695 3754 1819 3787 omn.
1845 3754 1948 3805 cop.
1971 3738 2243 3798 nunciaret,
2271 3737 2410 3805 glos.

1380 3834 1492 3869 sam
1517 3832 1628 3868 esse
1659 3832 1777 3886 quae
1799 3832 1828 3865 a
1853 3814 2090 3885 margine
2121 3814 2180 3865 in
2206 3828 2410 3871 textum

1382 3896 1626 3965 irrepsit3
1657 3912 1775 3947 eam
1814 3912 2029 3965 quoque
2071 3893 2294 3949 otiosam
2323 3916 2409 3951 re«-

1379 3974 1696 4047 petitionem
1724 3970 1900 4025 videri
1937 3971 2071 4027 dicit
2102 3973 2408 4033 Oberlinus.

1458 4054 1487 4107 3
1497 4054 1677 4123 .Quum
1693 4050 1894 4107 Groecos
1901 4072 2084 4107 murum
2091 4054 2411 4114 adscendere..

1374 4134 1590 4206 juberet,
1621 4133 1700 4186 illi
1724 4144 1884 4185 atatem
1919 4154 1998 4195 se,
2033 4144 2122 4193 ete.
2164 4136 2248 4190 Ita
2276 4137 2412 4210 optt.
