3025 5025
641 433 784 504 128
920 435 996 502 C.
1051 434 1340 504 JULII
1397 433 1875 503 CAESARIS
1932 431 2483 506 COMMENT.

623 564 894 636 eorum²
941 591 1146 634 unam
1200 566 1484 635 deducit.
1534 571 1681 635 Hac
1716 568 2031 660 adjuncta
2072 567 2155 636 ad
2198 566 2481 660 reliquas
2518 587 2725 634 naves
2746 614 2773 651 ,

623 697 894 742 cursum
942 672 1303 742 Massiliam
1335 697 1567 742 versus
1610 673 1907 768 perficit3
1938 675 2409 768 praemissaque
2445 671 2613 742 clam
2648 694 2769 740 na-

621 779 838 848 vicula
857 829 875 863 ,
915 781 1287 848 Domitium
1327 779 1901 874 Massiliensesque
1938 779 2020 849 de
2049 805 2169 849 suo
2202 781 2495 849 adventu
2538 779 2775 848 certio-

623 909 729 952 res
787 885 977 970 facit,
1029 910 1274 979 eosque
1319 911 1725 980 magnopere
1780 887 2089 956 hortatur
2120 941 2140 972 ,
2190 900 2266 955 ut
2324 910 2555 955 rursus
2609 907 2773 952 cum

622 992 812 1058 Bruti
856 991 1097 1078 classe,
1134 991 1376 1060 additis
1420 995 1557 1062 suis
1598 991 1888 1082 auxiliis,
1934 992 2311 1088 confligant.

728 1099 849 1166 IV.
909 1097 1394 1185 Massiliense5‚
1439 1114 1593 1192 post
1636 1101 1937 1194 superius
1983 1095 2549 1184 incommodum¹,
2585 1110 2773 1164 vete-

622 1228 728 1272 res
773 1204 858 1272 ad
901 1203 1209 1272 eumdem
1257 1225 1611 1274 numerum
1650 1230 1731 1274 ex
1766 1205 2111 1274 navalibus
2158 1204 2518 1300 productas
2562 1227 2775 1272 naves

623 1309 1024 1396 refecerant,
1077 1335 1466 1406 summaque
1510 1312 1835 1381 industria
1875 1326 2332 1394 armaverant3
2380 1307 2407 1395 (
2442 1311 2778 1403 remigum

621 1417 1277 1512 gubernatorumque
1321 1442 1564 1512 magna
1604 1420 1793 1512 copia
1831 1419 2223 1513 suppetebat
2250 1445 2270 1506 ;
2296 1410 2325 1507 )
2352 1418 2777 1512 piscatorias-

617 1547 752 1614 que
792 1523 1172 1616 adjecerant
1215 1539 1412 1619 atque
1457 1539 1922 1614 contexerant,
1956 1539 2031 1592 ut
2069 1539 2289 1594 essent
2316 1524 2401 1592 ab
2429 1525 2569 1591 ictu
2603 1521 2776 1592 telo-

621 1653 773 1696 rum
819 1630 1102 1724 remiges
1146 1633 1275 1699 tiiti
1320 1657 1333 1697 :
1379 1631 1501 1700 has
1542 1633 1897 1726 sagittariis
1944 1633 2421 1724 tormentisque
2468 1627 2779 1723 comple-

621 1750 882 1804 verunt.
935 1735 1079 1803 Tali
1123 1737 1325 1804 modo
1382 1739 1707 1806 instructa
1756 1736 1999 1824 classe,
2036 1739 2339 1808 omnium
2393 1737 2739 1805 seniorum
2758 1788 2780 1823 ,

624 1856 916 1908 matrum
981 1841 1296 1930 familiae,
1347 1844 1683 1938 virginum
1748 1843 2061 1938 precibus
2112 1858 2180 1912 et
2236 1843 2396 1911 fletu
2438 1843 2721 1911 excitati
2757 1895 2779 1929 ,

624 1961 925 2016 extremo
969 1947 1309 2042 tempore²
1354 1951 1602 2018 civitati
1646 1951 2115 2037 subvenirent,
2158 1975 2294 2019 non
2332 1949 2587 2018 minore
2632 1950 2779 2016 ani-

621 2078 740 2121 mo
776 2079 854 2122 ac
892 2053 1167 2140 fiducia,
1207 2080 1408 2149 quam
1449 2071 1603 2124 ante
1647 2056 2172 2145 dimicaverant,
2210 2078 2413 2125 naves
2451 2079 2781 2125 conscen-

623 2158 807 2226 dunt.
851 2109 1209 2228 Communi
1247 2165 1421 2229 enim
1468 2163 1545 2230 fit
1582 2165 1746 2232 vitio
1789 2177 2076 2250 naturae,
2105 2177 2181 2231 ut.
2224 2163 2481 2250 invisiS,
2516 2161 2779 2229 latitan-

629 2249 844 2334 tibus³
848 2318 867 2352 ,
911 2280 1108 2360 atque
1165 2269 1526 2361 incognitis
1573 2269 1772 2339 rebus
1816 2270 2028 2363 magis
2068 2267 2518 2355 confidamuS,
2560 2267 2777 2336 vehe-

709 2496 759 2530 2.
783 2477 870 2528 Ex
887 2476 1136 2529 navalibus
1153 2496 1327 2529 eorum.
1351 2477 1432 2529 Ita
1446 2477 1652 2548 primus
1742 2477 1989 2542 Caesaris,
2028 2494 2189 2532 naves
2227 2478 2387 2531 fuisse
2424 2489 2650 2530 armatas
2688 2495 2779 2529 re-

545 2576 558 2593 2·
623 2558 856 2610 restituit
882 2556 1112 2627 Scaliger
1131 2576 1194 2609 ex
1221 2556 1340 2609 cod.
1364 2576 1492 2621 suo,
1514 2570 1671 2628 quo-'

622 2656 746 2690 cum
775 2637 1116 2689 consentiunt
1136 2635 1445 2702 Leidenses,
1466 2638 1652 2704 Voss„

623 2716 817 2779 Palat..,
862 2731 914 2769 et
957 2716 1128 2769 nostri
1167 2715 1277 2767 duo
1319 2718 1469 2788 regii.
1513 2720 1653 2770 Ante

623 2815 748 2849 eum
800 2796 1072 2865 legebatur
1120 2816 1182 2847 ex
1225 2797 1423 2848 navibus
1474 2817 1651 2851 eorum

622 2875 974 2929 scribendum
1004 2876 1265 2928 existimat
1285 2877 1531 2929 Davisius
1556 2896 1569 2930 ε
1594 2898 1655 2929 ea:

623 2956 873 3009 navalibus
913 2974 1071 3007 eorum
1117 2956 1314 3007 deducit
1350 2976 1541 3018 navem,
1592 2969 1655 3009 ut

623 3054 739 3106 cap.
769 3041 802 3098 4
829 3034 990 3105 hujus
1016 3035 1172 3088 libri:
1195 3056 1255 3085 ex
1273 3037 1654 3106 navalibus-pro-

623 3116 792 3167 ductas
818 3134 958 3167 naves
983 3116 1260 3182 rejecerant.

704 3195 833 3247 Cu».
863 3194 962 3247 IV.
1002 3214 1050 3247 1.
1080 3196 1206 3247 Post
1233 3199 1447 3265 superius
1474 3201 1654 3247 Incom-

595 3274 830 3326 aenodum.
866 3272 1006 3327 Vide
1023 3292 1182 3345 supra
1207 3276 1298 3327 lib.
1329 3276 1387 3338 Ι,
1415 3294 1531 3345 cap.
1561 3276 1651 3329 58.

620 3356 974 3423 -Remigum
995 3355 1458 3425 guber-natorumque
1477 3374 1655 3423 neugma

621 3440 761 3505 copia
785 3434 1080 3505 suppetebat.
1113 3434 1229 3486 Hoc
1260 3435 1509 3486 ultimum
1535 3453 1655 3487 ver-

621 3516 750 3568 bum
781 3514 1061 3585 suppetebat
1088 3514 1319 3583 Scaliger
1349 3514 1655 3585 expungen-

622 3593 752 3646 dum
769 3597 1033 3658 censebat,
1051 3612 1328 3665 perperam
1347 3612 1360 3645 :
1378 3595 1434 3645 in
1451 3596 1655 3647 cunctis

624 3674 772 3727 adest
799 3673 959 3728 codd.
977 3712 992 3739 ,
1031 3692 1129 3726 nec
1160 3666 1296 3744 opus
1321 3686 1398 3725 est
1415 3712 1432 3736 ,
1465 3688 1527 3726 ut
1567 3676 1657 3730 illa

619 3773 742 3825 pars
767 3755 974 3825 phrasis
1000 3754 1302 3825 parenthesi
1332 3752 1653 3807 includatur.

621 3836 951 3887 Armant-ant
1014 3834 1364 3887 Massilienses
1437 3835 1656 3887 classem

621 3932 770 3966 suam
798 3916 1047 3967 omnibus
1075 3915 1265 3979 rebus;
1309 3927 1362 3967 et
1399 3916 1619 3986 insuper
1636 3954 1653 3981 ‚

621 4012 800 4063 magna
823 3999 960 4065 copia
986 4013 1100 4046 rem.
1121 3995 1324 4063 gubern.
1355 3995 1650 4066 suppetebat.

619 4072 748 4151 Nqn
781 4075 925 4127 enim
969 4072 1076 4126 dici
1113 4086 1287 4145 potest
1305 4112 1322 4141 ‚
1366 4094 1470 4146 pro
1503 4094 1655 4129 more

1740 2559 1813 2609 mi
1817 2577 1941 2629 gum
1950 2559 2155 2630 gubern
2160 2571 2473 2631 atorumque
2484 2576 2675 2627 magna
2683 2576 2778 2609 co·

1738 2638 1854 2709 pia3
1874 2656 1959 2691 eas
1974 2639 2119 2691 enim
2136 2651 2348 2689 armatas
2362 2657 2573 2710 semper
2586 2648 2777 2705 vocat,

1739 2736 1905 2787 quum
1949 2718 2081 2770 velis
2100 2758 2115 2781 ‚
2157 2719 2376 2770 funibus
2395 2756 2412 2783 ,
2456 2717 2779 2788 reliquoque

1740 2810 1996 2868 apparatu
2014 2798 2363 2851 instruantur.
2383 2829 2467 2840 —-
2487 2796 2777 2867 Sagittarii}

1742 2877 2309 2947 tormentis.-Sagitta1-ia
2334 2890 2600 2930 tormenta
2622 2890 2778 2929 erant

1739 2957 2072 3027 scorpiones,
2108 2955 2176 3009 de
2210 2958 2407 3029 quibus
2444 2955 2681 3010 diximus
2712 2958 2775 3009 Β.

1740 3034 1808 3089 G.
1824 3075 1841 3101 ,
1860 3036 1954 3088 lib.
1978 3037 2115 3100 VII,
2138 3056 2185 3089 c.
2214 3037 2306 3088 25.
2328 3036 2560 3107 Scaliger
2580 3038 2772 3089 habet:

1738 3120 2036 3185 sagittariis,
2066 3120 2409 3188 tormentisque.
2480 3162 2485 3167 .

1826 3217 1877 3249 α.
1900 3198 2138 3247 Extremo
2158 3208 2377 3267 tempore.
2398 3198 2467 3248 Τὸ
2492 3208 2551 3246 ut
2564 3195 2623 3247 in
2644 3196 2776 3247 Vul-

1741 3277 1872 3346 gatis
1916 3273 2038 3328 edd.
2076 3287 2197 3329 ante
2238 3276 2473 3346 positum
2512 3275 2775 3347 expunxi-

1740 3374 1890 3420 mus,
1929 3354 2077 3426 quod
2118 3373 2227 3407 non
2264 3354 2410 3408 adest
2452 3355 2508 3406 in
2554 3356 2775 3426 optimis

1741 3433 2015 3488 codicibus
2050 3432 2552 3507 Oudendorpianis,
2582 3452 2685 3487 nec
2716 3436 2775 3486 in

1740 3526 1925 3569 nostro
1950 3513 2133 3568 codice
2152 3516 2216 3568 R.
2252 3515 2402 3585 5764
2423 3553 2439 3577 ‚
2462 3526 2515 3567 et
2530 3513 2588 3566 in
2605 3516 2775 3567 altero

1743 3614 1773 3647 a
1792 3592 2021 3647 secunda
2045 3606 2253 3647 tantum
2276 3612 2443 3647 manu
2460 3594 2744 3665 reponitur
2756 3631 2773 3658 ‚

1741 3687 1794 3728 et
1818 3674 2105 3745 elegantius
2124 3688 2291 3727 vacat.

1825 3754 1877 3806 3.
1907 3755 2249 3807 latitantibus.
2276 3754 2429 3806 Hanc
2451 3771 2643 3805 vocem
2662 3772 2773 3804 sus·

1740 3847 1949 3907 pectam
1979 3832 2178 3886 habent
2210 3833 2431 3887 Vossius
2461 3845 2516 3885 et
2549 3830 2771 3885 Ouden-

1741 3914 1987 3987 dorpius‚
2011 3913 2103 3985 qui
2128 3931 2243 3966 eam
2270 3933 2301 3965 e
2320 3913 2487 3985 glossa
2513 3913 2693 3964 forsan
2714 3912 2771 3963 in

1742 4007 1889 4048 textu
1921 3996 2181 4046 intrusam
2206 3994 2523 4046 existimant.
2555 3993 2775 4062 Legitur

1742 4094 1865 4131 sane
1892 4076 1949 4128 in
1974 4072 2133 4129 codd.
2151 4114 2167 4143 ,
2189 4072 2283 4128 sed
2300 4085 2555 4144 corrupte
2576 4073 2635 4125 in
2659 4070 2773 4142 ple·

2046 4224 2070 4250 Ι
