3025 5025
636 468 775 535 DE
832 467 1184 535 BELLO
1241 469 1616 537 CIVILI.
1676 472 1868 540 LIB.
1928 474 2077 542 ΙΙΙ.

2275 477 2425 575 275

259 600 795 687 munitionibus,
837 599 1236 669 defendente
1282 599 1505 689 nu110‚
1551 605 2137 695 transcenderunt,
2182 614 2425 682 omnis-

255 732 391 801 que
433 720 666 775 noster
711 709 1042 800 equitatus
1085 732 1195 775 eas
1230 708 1540 777 cohortes
1584 724 1685 777 est
1724 726 2009 781 secutus.

363 816 625 883 LXIX.
640 816 922 882 Interim
935 814 1454 908 Pompeius,hac
1473 817 1630 884 satis
1646 814 1842 911 longa
1855 819 2198 913 interjecta
2212 848 2426 913 mora,

253 936 321 989 et
345 944 427 988 re
454 921 790 1007 nuntiata,
807 923 1107 1014 quintam
1131 920 1493 1017 legionem,
1511 921 1601 989 ab
1627 947 1829 1018 opere
1853 924 2240 1019 deductam,
2262 934 2427 1001 sub-

253 1026 429 1095 sidio
471 1027 606 1095 suis
635 1026 824 1094 duxit
855 1053 868 1095 :
903 1028 1270 1122 eodemque
1313 1042 1615 1123 tempore
1649 1032 1980 1125 equitatus
2014 1033 2153 1126 ejus
2186 1042 2427 1109 nostris

254 1134 600 1228 equitibus
635 1134 1245 1229 appropinquabat,
1277 1150 1344 1203 et
1378 1136 1551 1204 acies
1579 1138 1902 1207 instructa
1927 1162 1965 1206 a
1998 1143 2271 1227 nostris,
2310 1148 2425 1238 qui

252 1255 482 1309 castra
532 1256 1063 1334 occupaverant,
1108 1243 1537 1326 cernebatur,
1596 1245 1957 1340 omniaque
2008 1262 2164 1316 sunt
2207 1250 2427 1320 subito

251 1362 540 1417 mutata.
597 1349 1004 1442 Pompeiana
1054 1350 1232 1416 enim
1277 1347 1480 1443 legin,
1527 1348 1758 1419 celeris
1800 1376 1917 1445 spe
1955 1353 2225 1423 subsidii
2266 1382 2427 1426 con-

251 1452 565 1542 firmata,
607 1454 696 1521 ab
740 1454 1110 1523 decumana
1152 1470 1348 1551 porta
1374 1454 1391 1478 ¹
1435 1458 1741 1525 resistere
1785 1459 2189 1551 conabatur,
2226 1476 2427 1559 atque

249 1680 372 1715 mus
385 1666 640 1733 prorutis,
658 1662 739 1715 uti
759 1662 826 1715 ad
847 1664 884 1715 l.
905 1664 1016 1729 III,
1040 1662 1109 1716 dc
1125 1666 1185 1719 B.
1201 1664 1303 1732 G.,

248 1761 296 1796 c.
331 1747 405 1797 26
429 1761 446 1796 ε
466 1744 809 1797 munitionibus
837 1744 911 1795 Itis
931 1750 1166 1815 prorutis.

329 1825 472 1877 Cu.
504 1823 706 1875 LXIX.
747 1842 793 1877 1.
825 1825 1110 1876 Decumum
1134 1836 1299 1895 porta.

247 1904 328 1957 De
375 1902 589 1957 Castris
627 1905 993 1956 Romanorum
1021 1907 1132 1978 jam
1161 1904 1302 1957 dixi-

247 1973 405 2049 mus,
438 1994 493 2034 et
513 1980 584 2034 de
607 1982 776 2055 forma
805 2002 898 2035 eon
901 2001 992 2035 um
1015 1983 1302 2055 quadrata,

245 2062 397 2135 quod
422 2063 514 2116 vel
540 2062 836 2116 tironibus
822 2064 1074 2117 innotuit.
1101 2062 1206 2118 Sed
1231 2063 1300 2118 de

247 2142 486 2207 ordine,
511 2154 569 2195 et
591 2140 658 2195 de
688 2144 807 2196 loco
831 2144 962 2196 aciei
987 2145 1180 2216 cuique
1210 2143 1302 2197 de·

245 2224 450 2277 stinato
467 2261 486 2289 ,
523 2240 632 2275 non
659 2224 782 2276 satis
811 2224 996 2295 liquet.
1029 2223 1299 2290 Quoniam

242 2303 444 2375 igitur,
470 2314 538 2355 ut
563 2302 698 2355 dixit
721 2303 1002 2374 Horatius,
1027 2318 1126 2357 art.
1151 2317 1295 2376 poet.

243 2402 294 2435 v.
337 2385 493 2436 180:

235 2470 412 2524 Segnius
431 2469 602 2509 irritant
629 2469 780 2509 animos
803 2470 977 2509 demissa
997 2464 1070 2524 pe'r
1095 2484 1252 2518 aurem,

243 2543 382 2594 Quam
407 2556 505 2596 quae
532 2551 624 2581 sunt
647 2541 769 2582 oeuli-
791 2543 965 2595 subjecta
989 2542 1196 2582 fidelihus.
1212 2572 1222 2582 .
1240 2573 1249 2583 .

243 2625 314 2679 H.
343 2627 416 2692 1.‚
443 2626 530 2677 fas
558 2624 625 2676 sit
647 2625 974 2696 Iconismum
1001 2637 1296 2678 castrorum

241 2707 628 2758 Romanorum
694 2706 984 2758 lectoribus
1057 2705 1256 2762 offerre
1279 2745 1295 2773 ,

241 2787 407 2858 quale
444 2783 731 2856 descripsit
759 2785 944 2837 Justus
975 2785 1150 2855 Lips.‚
1170 2785 1206 2838 l.
1228 2805 1294 2852 v,

237 2865 373 2918 dial.
408 2872 466 2930 4.
486 2902 504 2930 ,
540 2884 603 2917 ex
631 2865 860 2936 Polybio
876 2903 892 2929 ‚
923 2865 1195 2918 nonnullis
1221 2878 1296 2918 ta·

240 2965 399 3011 men,
435 2963 507 2997 ex
537 2945 599 2996 iis
620 2963 739 3015 quae
766 2957 1087 3020 notaverunt
1116 2963 1296 2997 recen-

241 3029 414 3080 tiores
433 3065 450 3092 ,
493 3025 730 3077 mutatis.
785 3023 1047 3077 Ordinem
1096 3036 1292 3077 castro-

239 3125 369 3160 rum
386 3144 404 3172 ,
451 3123 561 3178 pro
604 3105 850 3157 locorum
894 3117 947 3157 et
988 3117 1293 3175 temporum

237 3185 592 3248 diversitate,
611 3185 836 3237 variasse
848 3185 1049 3237 nemini
1067 3184 1293 3237 dubium

242 3279 356 3320 est:
388 3279 444 3318 at
478 3265 797 3336 plerumque
825 3277 938 3318 erat
961 3266 1034 3317 ita
1063 3266 1293 3317 instruc-

238 3359 328 3400 tus
346 3384 362 3411 ,
414 3343 640 3418 quando
686 3345 975 3416 imperator
1026 3364 1148 3398 cum
1195 3364 1292 3398 suo

242 3439 553 3499 quaestore‚
569 3425 774 3494 legatiS,
809 3425 1040 3478 tribunis
1060 3439 1114 3478 et
1134 3426 1295 3497 legio·

240 3508 412 3560 nibus
441 3524 677 3576 praesens
703 3503 900 3558 aderat.
928 3506 999 3558 Et
1026 3507 1292 3577 primum,

242 3586 522 3660 quadrata
551 3597 703 3638 erant
739 3599 905 3640 castra
927 3625 942 3651 ,
974 3604 1085 3638 non
1115 3598 1292 3638 tamen

247 3668 506 3720 absolute
523 3665 820 3737 aequilatera
832 3705 849 3731 ,
866 3679 1088 3740 propter
1105 3684 1294 3718 nume·

243 3766 374 3800 rum
405 3765 598 3800 eorum
612 3784 628 3812 ,
646 3746 739 3818 qui
763 3760 1074 3817 pretorem,
1094 3747 1294 3818 legatos

242 3828 647 3900 sequebantur,
672 3827 920 3879 calonum
943 3838 996 3891 et
1023 3827 1294 3897 jumento-

244 3927 378 3960 rum
399 3909 462 3959 in
485 3905 738 3958 inferiore
756 3920 907 3978 parte
924 3904 1292 3960 locandorum.

245 3987 335 4040 Ita
374 3988 436 4039 in
466 3985 804 4058 longitudine
837 3987 1107 4039 habebant
1142 3985 1294 4040 2050

243 4066 379 4138 ped.
390 4067 474 4134 ,in
487 4064 771 4120 latitudine
791 4065 1073 4138 2017ped·
1091 4087 1118 4119 τι
1124 4056 1298 4132 ⁰·Qua

247 4159 386 4202 tuor
402 4146 492 4200 his
515 4160 667 4200 erant
677 4159 849 4219 portae
861 4184 878 4213 ‚
897 4165 1003 4218 sc„
1029 4147 1265 4202 anterior
1278 4183 1297 4213 ,

1383 1668 1623 1735 praetoria
1657 1663 1826 1731 dicta,
1856 1686 1977 1739 quo
2016 1666 2085 1721 ad
2114 1674 2427 1741 praetorium

1389 1743 1543 1798 ducit
1569 1763 1586 1811 ;
1628 1742 1894 1817 posterior
1909 1784 1928 1815 ,
1965 1748 2229 1803 decumana
2254 1771 2274 1805 .·
2306 1752 2427 1806 duae

1387 1824 1629 1877 laterales
1646 1863 1663 1890 ,
1698 1845 1810 1879 non
1858 1840 2036 1882 tamen
2077 1828 2145 1881 ad
2194 1831 2426 1886 mediam

1387 1917 1593 1997 partem
1604 1942 1619 1969 ,
1636 1904 1729 1959 sed
1744 1904 1811 1958 ad
1826 1908 2037 1961 tertiam
2053 1921 2262 1964 tantum
2280 1930 2428 1984 aper-

1389 1995 1473 2037 tae.
1498 1974 1559 2037 3⁰
1584 1985 1733 2038 Inter
1754 1986 1957 2040 vallum
1986 2000 2040 2040 et
2058 1989 2232 2060 prima
2256 2004 2429 2045 tento-

1387 2064 1497 2129 ria,
1532 2064 1599 2116 ab
1636 2065 1878 2137 utrisque
1918 2068 2161 2138 partibus
2192 2072 2425 2141 spatium

1393 2163 1506 2196 200
1522 2142 1647 2215 ped.
1671 2146 2037 2217 interjectum,
2054 2161 2170 2201 tum
2184 2148 2252 2202 ad
2274 2170 2424 2205 exer-

1385 2223 1536 2289 citia,
1556 2236 1671 2277 tum
1692 2223 1761 2277 ad
1792 2227 1961 2278 exitus
1982 2227 2335 2299 expeditiores
2352 2234 2426 2286 ef-

1385 2302 1662 2357 ficiendos.
1698 2297 1755 2368 4⁰
1780 2306 1845 2356 In
1878 2318 1985 2359 tres
2024 2307 2190 2377 igitur
2218 2325 2420 2382 partes,

1383 2401 1496 2435 non
1541 2396 1720 2436 tamen
1764 2386 1913 2437 omni
1953 2385 2117 2440 modo
2162 2392 2386 2461 aequales
2402 2430 2418 2458 ,

1383 2482 1508 2516 nam
1557 2464 1714 2536 prior
1764 2463 2153 2539 aliquantulum
2206 2471 2413 2536 minor,

1383 2541 1665 2615 dispertita
1700 2557 1852 2597 erant
1880 2559 2065 2598 castra.
2096 2549 2266 2602 Porro
2293 2571 2417 2624 pars

1382 2625 1649 2691 anterior,
1681 2643 1711 2676 a
1737 2637 1891 2695 porta
1918 2627 2169 2697 praitoria
2191 2628 2259 2682 ad
2284 2629 2415 2684 duas

1379 2704 1647 2770 laterales,
1668 2705 1830 2757 habet
1850 2706 2192 2775 praetorium,
2221 2709 2415 2782 inquo

1379 2784 1673 2854 imperator
1695 2822 1711 2850 ,
1756 2784 1943 2838 consul
1965 2823 1983 2848 ,
2026 2800 2224 2856 praetor
2242 2823 2259 2850 ‚
2303 2789 2415 2844 dux

1379 2865 1707 2936 quicumque
1718 2881 1731 2916 :
1744 2877 1865 2917 ante
1876 2877 1927 2916 et
1936 2865 2077 2918 circa
2083 2869 2415 2938 primm-ium,

1373 2945 1543 3014 platea
1581 2945 1705 2998 satis
1740 2946 1869 3008 lata,
1894 2946 2063 3011 forum
2094 2959 2315 3002 vocata:
2346 2951 2413 3004 ad

1378 3025 1517 3076 latus
1535 3023 1781 3078 dextrum
1795 3025 2060 3096 preaterii,
2078 3031 2408 3098 qua-scorium,

1380 3103 1436 3155 in
1461 3123 1571 3176 quo
1600 3117 1839 3177 quantor,-
1866 3105 2119 3176 quoniam
2154 3107 2199 3160 is
2228 3112 2417 3182 magis-

1378 3196 1548 3237 tratus
1570 3203 1599 3236 a
1624 3186 1853 3256 populo,
1880 3185 1971 3238 alii
1997 3198 2174 3240 autem
2202 3186 2413 3244 t'antum

1379 3283 1409 3316 a
1441 3263 1579 3317 duce
1600 3263 1667 3316 ad
1692 3263 2005 3337 dignitatem
2034 3280 2185 3320 erant
2207 3271 2411 3324 evecti:

1380 3343 1448 3396 ad
1477 3345 1617 3398 latus
1652 3345 1925 3398 sinistrum
1966 3347 2143 3416 legati,
2179 3349 2265 3402 vel
2300 3348 2411 3402 duo

1379 3426 1463 3478 vel
1491 3438 1623 3490 tres,
1649 3438 1757 3492 etc;
1780 3445 1924 3498 pone
1952 3428 2295 3498 praetorium,
2322 3434 2411 3483 tri-

1380 3504 1511 3558 buni.
1536 3507 1601 3556 In
1616 3517 1847 3577 utroque
1863 3507 2026 3560 latere
2038 3547 2052 3571 ,
2079 3525 2107 3557 a
2125 3511 2409 3580 pretorio,

1378 3585 1536 3638 certis
1576 3586 1867 3638 intervallis
1908 3583 2163 3640 distantes
2179 3627 2195 3654 ,
2231 3593 2410 3660 equites

1379 3678 1434 3718 et
1456 3665 1643 3736 pedites
1675 3663 1894 3730 dilecti,
1926 3677 1981 3718 et
2012 3667 2217 3720 evocati
2239 3670 2410 3722 socio-

1379 3765 1502 3798 rum
1515 3783 1533 3811 ,
1561 3763 1703 3816 pone
1724 3763 1856 3816 quos
1876 3746 2099 3816 proefieti
2123 3746 2409 3803 sociorum.

1380 3827 1519 3878 Ante·
1531 3825 1843 3896 praetorium
1857 3837 1909 3878 et
1926 3825 2181 3896 plateam,
2203 3825 2410 3882 duabus

1383 3905 1593 3957 aciebus
1624 3905 1870 3958 instructi
1894 3906 2301 3960 extraordinarii
2322 3928 2414 3981 pe·

1382 3983 1520 4038 dites
1532 4024 1546 4050 ‚
1569 3997 1622 4037 et
1638 3985 1870 4058 equites,
1893 3985 2023 4038 socii
2040 3985 2279 4058 quoque,
2298 3989 2415 4042 vul·

1383 4084 1450 4136 go
1463 4063 1598 4118 levis
1619 4077 1898 4118 armature
1910 4105 1925 4134 ‚
1949 4063 2044 4119 sed
2059 4068 2407 4138 selectissimi,

1383 4145 1585 4219 quippe
1619 4146 1713 4217 qui
1738 4143 2051 4218 pretorium
2077 4147 2279 4202 circum
2311 4162 2414 4205 sta·

1916 4253 2045 4326 18²
