3025 5025
657 449 807 553 376
1451 451 1596 526 DE
1650 454 2009 526 BELLo

652 592 846 686 pueri
895 588 1237 684 lacrymis,
1280 591 1506 660 Caesar
1552 592 1695 685 ipse
1748 603 2161 676 commotus,
2215 591 2555 677 celeriter,
2590 587 2653 660 'si
2694 591 2794 660 illa

656 699 962 784 sentiret,
995 697 1140 767 fore
1173 719 1328 766 eum
1365 721 1593 766 secum
1638 695 2014 785 affirmans,
2041 695 2127 764 ad
2168 721 2323 766 suos
2352 695 2619 769 dimisit.
2658 696 2797 782 Ille,

655 818 732 872 ut
765 828 848 874 ex
874 804 1253 874 carceribus
1291 805 1362 872 in
1395 802 1679 873 liberum
1717 827 1989 873 cursum
2026 805 2338 891 emissu8‚
2368 803 2539 872 adeo
2579 819 2799 874 contra

657 913 989 980 Coesarem
1026 913 1268 980 acriter
1301 909 1551 979 bellum
1596 935 1827 1004 gerere
1871 911 2107 1005 coepit,
2133 923 2210 979 ut
2250 909 2615 1004 lacrymas,
2652 935 2801 1005 quas

655 1020 724 1084 in
763 1016 1096 1112 colloquio
1138 1018 1549 1113 projecerat,
1581 1016 1825 1111 gaudio
1867 1016 2209 1086 videretur
2244 1013 2643 1138 profudisse.
2688 1019 2801 1086 Ac·

657 1123 893 1194 cidisse
929 1125 1061 1196 hoc
1101 1123 1494 1254 complures³
1515 1125 1794 1194 Caesaris
1826 1121 2064 1218 legati,
2103 1125 2330 1212 amici,
2361 1125 2804 1209 centuriones,

657 1229 1030 1324 militesque
1066 1215 1494 1300 laetabantur³
1501 1283 1523 1317 ‚
1560 1229 1743 1324 quod
1782 1231 1991 1298 nimia
2046 1230 2308 1299 bonitas
2362 1232 2508 1323 ejus
2548 1229 2803 1300 fallaciis

657 1339 848 1431 pueri
892 1336 1075 1406 elusa
1115 1352 1332 1407 esset.
1378 1339 1567 1430 quasi
1611 1358 1773 1405 vero
1819 1335 1889 1404 id
1930 1338 2156 1406 Caesar
2211 1335 2512 1406 bonitate
2556 1351 2805 1406 tantum

657 1443 986 1512 adductus
1007 1498 1027 1533 ,
1069 1467 1150 1513 ae
1185 1468 1325 1512 non
1361 1443 1877 1537 prudentissimo
1916 1443 2191 1512 consilio
2222 1443 2507 1513 fecisset.

766 1553 986 1621 XXV.
1044 1551 1274 1640 Quum
1292 1604 1312 1638 ‚
1349 1550 1525 1619 duce
1568 1563 1912 1644 assumpto
1932 1605 1951 1637 ‚
1992 1548 2424 1619 Alexandrini
2482 1549 2701 1619 nihilo
2752 1575 2809 1619 se

657 1656 986 1726 firmiores
1029 1657 1272 1744 factos,
1305 1671 1423 1725 aut
1464 1655 1914 1752 languidiores
1942 1659 2284 1726 Romanos
2324 1655 2809 1726 animadverte-

659 1775 842 1846 rent3
887 1762 1443 1858 eludentibusque
1487 1763 1808 1833 militibus
1864 1766 2039 1858 reg-is
2082 1777 2345 1832 aetatem
2388 1778 2597 1858 atque
2634 1763 2811 1832 infir-

660 1871 957 1938 mitatem
973 1925 992 1958 ,
1009 1893 1330 1964 magnum
1359 1869 1663 1940 dolorem
1686 1872 2066 1965 acciperent
2080 1895 2099 1954 ;
2114 1893 2331 1964 neque
2354 1895 2425 1938 se
2453 1867 2813 1965 quidquam

661 1976 988 2070 proficere
1020 1977 1354 2064 viderent3
1383 1999 1821 2072 rumoresque
1842 1978 2267 2064 exsisterent,
2294 1998 2541 2070 magna
2578 1978 2816 2046 Caesari
2928 1977 2932 2040 ὲ

660 2082 967 2176 praesidia
999 2084 1300 2152 terrestri
1333 2085 1570 2152 itinere
1606 2085 1792 2178 Syria
1834 2081 2234 2177 Ciliciaque¹
2282 2081 2524 2152 adduci
2598 2077 2815 2179 (quod

660 2190 962 2260 nondum
1008 2191 1257 2260 Caesari
1298 2190 1600 2261 auditum
1638 2184 1865 2281 erat);
1904 2202 2394 2277 commeatum,
2431 2192 2545 2284 qui
2582 2192 2815 2260 nostris

665 2299 836 2364 mari
879 2297 1430 2391 supportabatur‚
1463 2299 1864 2392 intercipere
1896 2309 2291 2366 statuerunt.
2327 2300 2603 2390 Itaque,
2643 2319 2817 2392 expe-

662 2401 816 2472 ditis
857 2406 1173 2498 navigiis,
1223 2404 1384 2473 locis
1431 2404 1689 2473 idoneis
1730 2404 1816 2473 ad
1855 2405 2229 2498 Canopum‘
2254 2405 2325 2472 in
2362 2405 2658 2486 statione
2700 2403 2813 2474 dis-

661 2513 893 2604 positis
934 2513 1250 2598 navibus,
1277 2509 1762 2581 insidiabantur
1791 2514 2037 2581 nostris
2072 2506 2578 2580 commeatibus·
2622 2506 2816 2601 Quod

663 2617 780 2685 ubi
823 2620 1070 2688 Caesari
1108 2620 1490 2686 nuntiatum
1528 2633 1659 2707 est,
1710 2617 1985 2689 classem
2033 2616 2228 2710 jubet
2280 2616 2581 2711 expediri
2630 2634 2817 2713 atque

665 2725 922 2795 instrui.
968 2725 1257 2794 Praeficit
1279 2725 1437 2795 huic
1461 2725 1605 2793 Tib.
1639 2722 2037 2795 Neronem².
2070 2724 2607 2794 Proficiscuntur
2642 2728 2714 2794 in
2751 2750 2819 2794 ea

758 2938 811 2989 3.
823 2936 1158 2989 Laetabaneur.
1171 2937 1258 2990 sic
1277 2948 1331 2989 et
1349 2936 1554 3003 Celsum,
1564 2934 1706 3007 ‘pam

673 3018 794 3069 loeti.
818 3016 1090 3073 Bentleius
1108 3017 1288 3069 mallet
1307 3016 1703 3085 indignabantur.

673 3095 778 3149 Sed
809 3097 1084 3167 sequentia
1112 3096 1332 3149 firmant
1364 3096 1671 3169 Vulgatam.

755 3174 886 3229 CAP.
921 3176 1098 3229 XXV.
1142 3196 1192 3229 1.
1227 3176 1376 3247 Syria
1417 3176 1700 3247 Ciliciaque.

669 3255 815 3309 Vide
843 3274 892 3311 c.
925 3274 947 3308 1
964 3297 976 3309 .
995 3256 1072 3307 M.
1093 3276 1175 3299 —-·-
1192 3256 1535 3309 Commeatum.
1565 3256 1704 3309 Ante

671 3337 899 3389 verbum
932 3336 1037 3388 hoc
1068 3336 1128 3388 in
1156 3333 1280 3388 edd.
1307 3336 1592 3407 irrepserat
1628 3339 1703 3387 in-

675 3429 820 3469 tensa.
852 3413 931 3468 Μ.

759 3516 811 3551 a.
849 3496 957 3548 Tib.
992 3495 1247 3549 Neronem.
1275 3494 1432 3548 Conf.
1464 3494 1706 3561 sueton„

675 3575 858 3631 Tiber.
847 3613 881 3643 .,
911 3595 959 3628 e.
1014 3582 1064 3637 4.
1108 3574 1274 3629 Can..
1317 3573 1485 3627 Aldus
1518 3586 1703 3627 mnu-n

672 3655 832 3710 codd.
881 3654 1102 3709 dederat
1136 3652 1408 3725 proeficitur
1444 3656 1556 3707 huic
1589 3656 1698 3707 Tib.

675 3726 827 3791 Ner-0.
868 3736 992 3788 Tib.
1039 3733 1293 3787 Claudius
1341 3734 1518 3800 Ner-0,
1548 3748 1702 3805 peter

674 3816 882 3869 Tiberii
901 3818 1064 3888 Imp,
1083 3832 1150 3868 ex
1176 3816 1527 3869 illustrissima
1548 3826 1703 3885 gente

675 3894 901 3951 Claudia
918 3933 935 3962 ,
964 3898 1162 3968 partim
1199 3897 1422 3966 patricia
1440 3932 1458 3961 ,
1501 3894 1701 3965 partim

674 3976 883 4048 plebeia
897 4014 912 4041 ,
945 3965 1039 4029 sed
1069 3986 1211 4029 certe
1243 3976 1448 4047 origine
1488 3974 1699 4027 Sabina.

675 4059 802 4109 Atta
843 4057 1090 4121 Clausus,
1121 4057 1292 4127 gentis
1326 4055 1575 4127 princeps
1599 4094 1613 4123 ,
1638 4072 1701 4107 ex

676 4137 896 4208 Regillis
931 4138 1156 4189 Romam
1195 4134 1569 4205 commigravit
1602 4136 1703 4187 sub

1791 2944 1917 3008 rege
1928 2936 2087 2989 Tatio
2102 2972 2119 3001 ,
2140 2946 2193 2989 et
2220 2952 2305 2988 nn.
2322 2948 2470 2989 sexto
2498 2946 2630 3007 post
2660 2936 2821 3008 Reges

1791 3029 1999 3069 exactos
2016 3052 2035 3082 7
2064 3016 2204 3069 inter
2230 3016 2485 3087 patricios
2512 3017 2625 3069 fuit
2664 3034 2818 3087 coep*

1792 3108 1932 3149 tatus
1945 3134 1962 3162 ‚
1977 3108 2033 3149 et
2052 3108 2237 3167 postea
2250 3094 2427 3149 dictus
2442 3097 2657 3167 Appius
2676 3097 2822 3150 Clau·

1792 3174 1931 3241 dius,
1956 3188 2085 3228 teste
2098 3175 2339 3243 sueton„
2359 3187 2412 3228 et
2429 3194 2561 3240 eos.‚
2582 3195 2670 3230 an.
2694 3176 2818 3244 ²⁵9·

1792 3256 2129 3327 Cognomina
2176 3256 2349 3325 gentis
2388 3256 2633 3326 patricie
2676 3264 2820 3309 eram

1794 3334 2001 3389 Crassus
2016 3374 2031 3395 ,
2060 3336 2273 3387 Pulcher
2286 3374 2301 3395 ,
2330 3335 2512 3397 Cento,
2538 3338 2690 3388 Pero.
2718 3338 2821 3408 Ap-

1790 3415 1911 3486 pius
1944 3412 2200 3471 Claudius
2232 3415 2451 3468 Crassus
2469 3454 2483 3481 ,
2513 3434 2649 3483 cos„
2684 3434 2819 3469 enno

1794 3494 1907 3558 485
1930 3534 1945 3561 ,
1974 3512 2143 3548 coecus
2175 3495 2343 3547 fectus
2361 3534 2377 3561 ‚
2404 3512 2708 3565 cognomen
2740 3514 2819 3549 ac·

1790 3576 1933 3646 cepit
1952 3575 2124 3627 Cacus
2138 3616 2153 3637 ,
2172 3583 2225 3627 et
2252 3572 2516 3627 secundus
2540 3578 2658 3648 ejus
2681 3576 2820 3628 filins

1790 3655 1893 3709 fuit
1914 3656 2037 3707 Tib.
2062 3653 2319 3708 Claudius
2351 3655 2519 3722 Nem,
2546 3655 2695 3708 unde
2716 3656 2818 3709 Ne·

1786 3752 1946 3788 mnes
1965 3736 2229 3807 originem
2246 3733 2473 3787 ducunt.
2498 3736 2717 3789 Horum
2734 3746 2817 3787 ce·

1787 3814 2103 3868 leben-imus
2142 3816 2207 3868 C.
2234 3814 2525 3867 Cmtmrus
2554 3817 2681 3869 Tm.
2710 3832 2815 3867 nr..

1788 3894 1914 3947 Tm.
1950 3910 2073 3948 mir.
2104 3896 2281 3960 Nemo,
2304 3894 2541 3965 quicum
2564 3896 2642 3949 M.
2664 3895 2818 3947 Livio

1789 3972 2091 4028 Salinatore
2133 3975 2486 4047 triumphavit
2532 3974 2603 4027 de
2642 3976 2816 4027 Poenis

1786 4064 1843 4105 et
1874 4054 2169 4107 Asdrubale
2190 4072 2304 4120 ,ιιι
2342 4056 2475 4118 546.
2498 4056 2695 4108 Noster
2724 4069 2813 4106 au-

1786 4145 1900 4188 tem
1930 4136 1988 4188 in
2026 4136 2171 4189 bello
2210 4134 2355 4187 civili
2390 4135 2616 4189 Cae‘saris
2642 4146 2815 4206 partes
