3025 5025
849 485 1689 567 ALEXANDRINO.
2187 499 2342 592 409

209 620 428 692 Uliam
444 675 466 710 ,
507 636 726 694 castra
757 628 988 696 castris
1031 628 1322 715 confert3
1365 627 1800 722 locorumque
1843 630 2112 724 cognita
2149 643 2343 698 natu-

209 752 312 816 ra,
353 755 486 825 quo
527 734 813 802 maxime
855 757 998 802 rem
1053 733 1382 804 deducere
1429 734 1699 806 volebat
1718 785 1736 819 ,
1800 738 2187 805 necessitate
2246 750 2348 805 est
2401 797 2405 807 .

209 834 564 925 adductuS,
609 853 683 907 ut
726 863 942 934 neque
977 841 1368 936 confligeret
1412 832 1659 935 (cujus
1696 845 1748 912 si
1789 845 1884 911 rei
1917 842 2197 912 'facultas
2236 869 2345 912 es-

207 957 334 1028 set,
371 946 683 1014 resistere
708 947 997 1034 incitatis
1041 948 1362 1018 militibus
1400 973 1537 1018 non
1580 943 1920 1044 poterat),
1963 974 2181 1043 neque
2220 973 2346 1016 va-

206 1052 342 1142 gari
379 1053 684 1122 Cassium
722 1052 918 1122 latius
953 1045 1336 1148 'pateram-3
1375 1081 1462 1126 ne
1504 1056 1729 1151 plures
1772 1058 2069 1126 civitates
2106 1080 2182 1125 ea
2220 1079 2347 1149 pa-

203 1167 532 1245 terentur,
569 1184 718 1252 quae
771 1161 947 1254 passi
984 1165 1176 1230 erant
1219 1163 1705 1233 Cordubenses
1755 1162 2059 1232 Castellis
2078 1163 2347 1230 idoneis

199 1257 358 1332 locis
403 1263 741 1335 collocatis
759 1321 778 1354 ,
819 1267 1263 1364 operibusque
1299 1271 1368 1338 in
1408 1271 1691 1340 circuitu
1728 1271 1960 1365 oppidi
2002 1271 2351 1339 continua·

195 1369 307 1458 tis,
351 1368 581 1441 Uliam
627 1375 1064 1468 Cassiumque
1098 1375 1579 1445 munitionibus
1625 1375 1879 1446 clausit.
1920 1379 2091 1465 Quae
2136 1377 2349 1471 prius·

199 1499 398 1568 quam
451 1478 966 1574 perficerentur,
1011 1483 1356 1577 Longinus
1401 1507 1672 1552 omnem
1728 1508 1925 1552 suum
1978 1485 2351 1576 equitatum

195 1585 416 1652 emisit
449 1609 464 1652 τ
504 1608 704 1678 quem
747 1611 994 1680 magno
1030 1587 1156 1655 sibi
1197 1591 1348 1658 usui
1375 1588 1528 1658 ‘fore
1572 1589 1919 1677 credebat,
1955 1591 2007 1658 si
2052 1587 2351 1683 pabulari

195 1686 728 1787 frumentarique
777 1690 1175 1764 Marcellum
1217 1720 1356 1764 non
1406 1709 1782 1789 pateretur3
1821 1721 2068 1791 magno
2126 1709 2351 1764 autem

193 1796 712 1892 impedimentO,
747 1803 802 1869 si
837 1797 1100 1872 clausus
1133 1801 1476 1872 obsidione
1508 1809 1578 1872 et
1618 1801 1865 1872 inutilis
1902 1803 2350 1874 necessarium

195 1920 626 1975 consumeret
661 1906 1091 1978 frumentum.
2350 1925 2355 1932 ’

294 2013 522 2080 LXII.
568 2014 806 2088 Paucis
841 2014 1074 2085 diebus
1113 2017 1328 2086 Cassii
1362 2014 1567 2085 literis
1610 2018 1901 2111 acceptis
1922 2070 1942 2104 ,
1971 2041 2089 2084 rex
2116 2015 2353 2110 Bogud

193 2143 350 2188 cum
391 2121 602 2213 copiis
637 2123 856 2204 venit3
892 2121 1322 2217 adju-ngitque
1359 2125 1420 2190 ei
1451 2117 1781 2218 legionem
1800 2122 1817 2145 ¹
1837 2176 1857 2211 ,
1888 2147 2089 2217 quam
2128 2147 2353 2192 secum

190 2224 598 2315 adduxerat,
653 2228 1164 2323 compluresque
1211 2230 1525 2299 cohortes
1580 2228 1955 2298 auxiliarias
1978 2277 1987 2288 -
2010 2230 2351 2323 Hispano-

188 2356 364 2400 rum.
425 2334 772 2428 Namque,
829 2349 906 2404 ut
972 2336 1042 2402 in
1104 2335 1408 2404 civilibus
1467 2334 1987 2404 dissensionibus
2053 2335 2354 2404 accidere

189 2441 547 2559 cqnsuevit
565 2493 584 2529 ,
617 2442 708 2508 ita
749 2442 1168 2537 temporibus
1199 2441 1329 2513 illis
1365 2444 1433 2511 in
1467 2443 1788 2537 Hispania
1818 2440 2155 2511 nonnullae
2194 2442 2352 2508 civi-

185 2559 364 2616 tates
409 2546 612 2617 rebus
647 2549 860 2617 Cassii
907 2549 1296 2638 studebant,
1341 2548 1565 2643 plures
1603 2546 1927 2617 Marcello
1972 2548 2286 2617 favebant
2308 2546 2352 2615 ².
2392 2621 2398 2630 ¹

185 2652 478 2723 Accedit
511 2679 666 2723 cum
709 2657 917 2751 copiis
964 2657 1202 2752 Bogud
1245 2656 1332 2724 ad
1373 2657 1735 2725 exteriores
1785 2652 2089 2734 Marcelli
2125 2655 2353 2722 muni-

183 2761 431 2829 tiones.
479 2762 824 2855 Pugnatur
857 2764 1194 2857 utrimque
1235 2764 1506 2847 acriter,
1540 2762 1911 2857 crebroque
1946 2760 2015 2829 id
2050 2760 2291 2829 accidit
2303 2745 2353 2847 ³,

135 2870 144 2874 ’
183 2864 475 2935 fortuna
526 2892 699 2963 saepe
741 2868 826 2937 ad
880 2882 1240 2963 utrumque
1287 2870 1640 2937 victoriam
1695 2867 2136 2937 transferente
2173 2892 2188 2934 τ
2226 2892 2353 2936 nec

182 2987 426 3043 tamen
467 2998 763 3068 unquam
793 2976 878 3044 ab
922 2976 1236 3071 operibus
1271 2974 1626 3070 depellitur
1668 2973 2050 3043 MarcelluS.

294 3081 564 3149 LXIII.
620 3082 899 3151 Interim
941 3082 1235 3177 Lepidus
1261 3081 1279 3105 ¹
1327 3106 1410 3151 ex
1451 3082 1757 3151 citeriore
1806 3081 2152 3177 provincia
2197 3106 2359 3149 cum

181 3186 590 3257 cohortibus
615 3186 988 3282 legionariis
1010 3191 1304 3278 XXXV,
1333 3212 1710 3283 magnoque
1744 3176 2025 3257 numero
2054 3189 2353 3281 equitum

163 3309 249 3363 <et
318 3292 738 3387 reliquorum
805 3294 1234 3381 auxiliorum,
1296 3297 1484 3364 venit
1540 3318 1621 3363 ea
1678 3309 1901 3364 mente
1960 3294 2185 3363 Uliam
2204 3348 2223 3381 ,
2277 3307 2355 3361 ut

178 3404 340 3472 sine
385 3398 526 3468 ullo
571 3400 790 3469 studio
835 3403 1294 3474 contentiones
1348 3401 1559 3471 Cassii
1603 3400 2035 3495 Marcellique
2078 3425 2350 3494 compo-

268 3604 416 3659 Cn.
436 3596 610 3655 LXII.
650 3621 673 3655 1
686 3642 699 3654 .
728 3602 1064 3676 Adjungitque
1091 3606 1142 3655 ei
1161 3604 1228 3655 le-
1325 3601 1477 3673 5768
1493 3601 1827 3655 restituimus
1838 3601 2078 3654 Man-ello
2083 3601 2349 3669 favebant,

173 3688 392 3755 giorum
407 3719 425 3747 ,
449 3694 542 3733 etc.
569 3683 603 3734 J
605 3682 814 3735 urinius
833 3683 992 3737 malit
1022 3683 1224 3753 atljungr.
1319 3677 1438 3752 qum
1460 3681 1620 3735 lectio
1652 3681 1849 3753 linguas
1883 3681 2058 3751 aptior
2085 3679 2319 3734 videtur.

174 3770 233 3819 ci
263 3765 516 3833 legioni...
547 3762 808 3832 conplures
841 3764 1074 3816 cohor-tes.
1303 3808 1308 3811 .
1399 3762 1450 3814 3.
1475 3761 1543 3814 Id
1560 3762 1757 3815 accidit.
1776 3760 1959 3831 Vulgo
1986 3772 2059 3813 ut.-
2090 3758 2353 3813 Emenda-

279 3864 340 3898 2.
370 3842 614 3895 Marcello
631 3842 882 3909 favebant.
909 3841 1083 3897 Codd.
1111 3841 1232 3914 qui-
1319 3842 1400 3895 vit
1425 3839 1679 3894 Oudend.
1715 3859 1745 3893 e
1776 3839 2069 3893 codicibus.

173 3924 358 3987 dam;
383 3922 672 3975 Mat-ceum
684 3924 934 3989 fovebant.
961 3924 1016 3977 F
1011 3921 1228 3984 cumbam,
1402 3922 1535 3975 Cu.
1568 3920 1774 3973 LXIII.
1802 3938 1851 3973 ι.
1878 3921 2105 3991 Lepidus.
2131 3918 2275 3973 Vide
2302 3939 2348 3974 c.

173 4006 218 4059 i.
251 4024 312 4057 e.
325 3996 351 4069 ,⁴
367 4003 520 4055 omni
541 4003 697 4057 cultu
717 4004 964 4061 colebant
977 4043 992 4072 ,
1005 4015 1058 4056 et
1083 4002 1233 4055 omni
1327 4000 1398 4069 59
1413 4013 1470 4053 et
1489 4019 1637 4072 supr.
1653 4037 1671 4063 ‚
1687 4000 1792 4053 1:11
1810 4038 1826 4065 ,
1840 4018 1889 4053 c.
1912 4019 1943 4053 π
1956 4017 2003 4055 1.
2020 4032 2101 4044 --
2114 3997 2231 4053 Sine
2248 4000 2351 4053 ullo

173 4102 304 4157 ope
321 4084 600 4155 juvabant.
631 4082 719 4137 Sic
737 4084 978 4155 reposuit
997 4102 1062 4137 ex
1085 4080 1230 4137 oud.
1321 4082 1496 4136 stadio.
1515 4078 1749 4146 Quidam
1770 4079 2204 4137 addmt‘tantem.
2224 4080 2359 4134 For-

174 4164 391 4221 Oberl.
445 4162 560 4227 Nos
599 4176 728 4219 vero
767 4182 834 4221 ex
873 4163 995 4221 eod.
1047 4176 1234 4221 nostro
1323 4181 1416 4219 san
1444 4162 1561 4235 lege
1573 4166 1811 4233 partium-
2080 4170 2085 4175 '
