3025 5025
665 440 818 528 334
928 444 1004 511 c.
1053 444 1110 509 J.
1168 442 1371 510 offis.
1414 442 1899 511 COMMENT.
1950 444 2075 509 DE
2120 408 2195 511 Β.
2240 444 2317 511 c.
2365 446 2531 512 LIB.
2578 448 2702 514 ΠΙ.

661 577 794 647 hat.
831 580 990 647 Hae‘c
1027 575 1187 645 dum
1225 575 1406 671 apud
1435 576 1661 645 hostes
1700 590 2025 671 geruntur
2040 630 2060 664 ‚
2093 576 2419 647 Pothinus
2432 632 2451 665 ,
2492 580 2794 649 nutricius

572 769 577 773 ι
662 685 884 780 pueri,
929 697 998 752 et
1039 697 1438 778 procurator
1482 684 1703 779 regni,
1746 684 1815 750 in
1858 698 2047 777 parte
2090 684 2369 765 Caesaris
2386 683 2433 772 ⁷,
2476 711 2688 779 quum
2724 686 2796 753 ad

658 790 968 859 Achillan
993 792 1261 859 nuntios
1292 790 1616 877 mitteret,
1652 790 2169 885 hortareturque
2182 844 2202 878 ‚
2225 814 2309 858 ne
2342 814 2381 859 a
2408 794 2682 885 negotio
2708 792 2795 860 de-

651 899 951 986 ¹sisteret,
992 922 1162 965 neve
1206 888 1433 965 animo
1488 893 1806 965 deficeret
1823 950 1846 983 ‚
1890 896 2194 967 indicatis
2253 897 2794 993 deprehensisque

583 1050 589 1057 -
643 1005 1078 1079 ‘internuntiis
1105 1056 1125 1091 ‚
1181 1028 1220 1071 a
1273 1005 1537 1072 Caesare
1588 1016 1689 1071 est
1744 1002 2151 1073 interfectus.
2210 1007 2371 1073 Haec
2422 1004 2613 1074 initia
2665 1003 2795 1074 belli

654 1108 1086 1178 Alexandrini
1127 1109 1415 1179 fuerunt.

738 1331 793 1382 7.
826 1312 888 1364 In
905 1323 1056 1383 parte
1090 1311 1316 1364 Caesaris.
1353 1311 1498 1375 Scil.,
1530 1310 1589 1363 in
1632 1330 1690 1363 ea
1777 1310 1939 1364 habet
1983 1312 2280 1382 epistolam.
2322 1310 2427 1365 Sed
2460 1324 2513 1365 et
2544 1314 2791 1385 praecipua

657 1404 810 1462 parte
839 1392 989 1443 urbis
1020 1392 1078 1443 in
1109 1410 1215 1462 qua
1251 1392 1430 1443 Coesar
1457 1404 1587 1443 erat.
1621 1392 1693 1444 Et
1779 1404 1892 1443 erat
1918 1392 2046 1443 belli
2064 1410 2250 1456 causa,
2271 1403 2403 1445 teste
2420 1392 2790 1464 Dione,quod‚

658 1469 836 1525 Coe‘sar
869 1483 983 1524 erat
1013 1470 1108 1523 ubi
1141 1474 1286 1536 Rex3
1311 1470 1424 1524 vid.
1455 1490 1503 1525 c.
1546 1490 1689 1539 1093
1778 1472 1876 1525 etsi
1914 1485 2046 1523 tune
2090 1472 2264 1525 Caesar
2307 1473 2548 1544 utrisque
2592 1472 2791 1526 daturus

657 1563 712 1603 et
747 1551 1012 1605 Pothinus
1041 1562 1155 1605 erat
1191 1570 1316 1603 cum
1351 1570 1494 1621 rege.
1535 1550 1687 1605 Leid.
1776 1570 1999 1623 regnum
2019 1550 2295 1605 videretur
2308 1590 2325 1618 ‚
2344 1566 2523 1607 tamen
2543 1572 2619 1607 ne
2634 1554 2789 1624 aliquo

657 1628 779 1683 cod.
802 1631 933 1701 legit
950 1634 1219 1701 inpar-tem.
1240 1630 1508 1696 NicasiuS,
1530 1635 1579 1683 in
1595 1650 1688 1703 po·
1775 1644 1899 1703 post
1937 1644 2180 1703 tempore
2219 1633 2315 1684 uni
2348 1633 2646 1705 Cleopatras
2672 1630 2788 1685 illud

659 1721 844 1762 testate.
869 1711 1027 1763 Male.
1776 1709 2175 1781 adjudicaturus
2190 1725 2346 1769 esset,
2365 1710 2665 1765 timendum
2675 1726 2785 1765 erat.

743 1809 834 1845 10.
861 1790 941 1843 Ne
969 1811 1004 1841 a
1031 1794 1224 1860 negotio
1243 1790 1502 1844 desisteret.
1522 1792 1691 1843 Luca·
1774 1792 2120 1845 Intolerabile
2156 1804 2332 1845 autem
2362 1794 2635 1865 AEgyptiis
2654 1790 2783 1847 'vide'-

656 1888 757 1923 nus
775 1910 791 1937 ,
814 1870 910 1923 lib.
944 1890 1009 1939 x,
1037 1890 1088 1925 v.
1127 1870 1238 1923 353
1273 1884 1328 1923 et
1355 1889 1523 1943 seqq„
1548 1871 1688 1925 hane
1774 1871 1935 1923 batur
1960 1870 2250 1943 imperium
2280 1872 2562 1927 muliebre.
