3025 5025
570 491 707 560 DE
760 491 1112 558 B-ELLo
1165 463 1530 562 clvm.
1590 494 1778 561 Lm.
1835 497 1986 564 111.

2133 565 2139 571 .
2247 497 2392 570 225

254 621 672 692 hortantibus
693 621 737 712 ²,
780 647 997 716 neque
1040 621 1249 692 ullum
1292 623 1666 719 periculum
1708 651 1832 720 pro
1873 626 2081 698 salute
2119 632 2397 702 Coesaris

255 730 711 798 recusantibus
730 784 749 818 ‚
780 731 961 800 nacti
996 744 1295 810 austrum
1322 784 1341 818 ,
1376 755 1582 800 naves
1615 731 1910 818 solvunt,
1957 750 2153 828 atque
2191 736 2396 806 altera

252 833 355 902 die
426 834 851 930 Apolloniam
929 836 1510 930 Dyrrachiumque
1584 839 2183 932 praetervehumur.
2257 845 2395 932 Qui

248 963 459 1033 quum
493 957 713 1012 essent
763 967 845 1011 ex
884 942 1255 1011 continenti
1290 944 1445 1031 visi,
1497 945 1576 1012 C.
1616 947 1959 1039 Coponius
1975 931 2021 1035 ³,
2063 949 2174 1040 qui
2217 952 2394 1043 Dyr-

249 1047 460 1115 rachii
501 1047 694 1118 classi
738 1048 1020 1118 Rhodiae
1049 1065 1333 1143 praeerat
1357 1103 1376 1137 ,
1419 1073 1624 1120 naves
1653 1076 1735 1120 ex
1778 1067 1980 1146 portu
2027 1053 2286 1140 educit3
2331 1072 2398 1124 et

249 1232 421 1302 phum
451 1233 581 1304 egit,
608 1252 692 1285 an.
727 1251 863 1304 seq.;
884 1231 1101 1286 tandem
1132 1251 1240 1286 cos.
1257 1271 1275 1298 ,

250 1329 330 1364 an.
367 1312 482 1366 655
504 1332 521 1378 3
547 1331 753 1378 censor,
778 1332 861 1366 an.
896 1332 1033 1384 seq„
1052 1325 1107 1366 et
1135 1313 1276 1365 occi-

248 1411 331 1444 sus
356 1391 415 1444 in
432 1393 681 1445 civilibus
701 1393 853 1446 bellis
876 1393 1018 1446 inter
1041 1392 1277 1445 Marium

246 1483 297 1524 et
316 1472 539 1542 Syllam.
572 1473 743 1526 Porro
772 1485 955 1526 noster
982 1473 1088 1526 fuit
1116 1473 1277 1543 hujus

246 1570 435 1623 nepos,
464 1553 543 1604 Μ.
581 1554 706 1606 Ant.
750 1553 947 1606 Cretici
980 1553 1156 1618 filius,
1181 1553 1277 1624 qui

248 1631 358 1702 ipse
390 1633 558 1685 frater
585 1645 698 1685 erat
727 1633 803 1686 M.
843 1633 1065 1684 Antonii
1097 1645 1276 1685 orato-

246 1711 349 1776 ris3
376 1711 476 1764 sed
506 1725 639 1765 natu
668 1715 837 1783 major
870 1713 1002 1776 fuit,
1032 1725 1095 1766 ut
1134 1711 1275 1765 vicli-

168 1799 173 1802 '
246 1809 361 1844 mus
374 1830 393 1858 ,
412 1792 557 1844 inter
579 1793 957 1846 illustrissimos
974 1793 1025 1844 J.
1054 1792 1275 1845 Caesaris

247 1870 475 1941 legatos,
500 1873 559 1924 in
580 1873 639 1924 B.
664 1872 753 1939 G„
770 1875 922 1942 cujus
942 1870 1280 1924 commenda-

246 1950 389 2004 tione
432 1963 721 2022 auguratus
748 1950 1105 2004 sacerdotium
1134 1953 1275 2004 obti-

244 2032 381 2083 nuit.
408 2032 499 2084 Ab
528 2029 717 2083 eodem
740 2029 997 2087 dictatore
1027 2032 1277 2101 magister

244 2111 491 2181 equitum
504 2112 675 2164 factus
690 2123 769 2164 est
778 2147 795 2176 ,
810 2111 934 2164 licet
948 2110 1127 2164 adhuc
1144 2130 1277 2181 prae-

246 2204 420 2244 turam
454 2209 569 2242 non
600 2191 854 2262 gessisset.
888 2189 1130 2243 Tandem
1164 2209 1271 2244 cos.

244 2288 364 2322 cum
397 2271 640 2335 Caesare,
668 2265 753 2323 an.
785 2274 920 2341 706,
945 2271 1140 2323 iterum
1165 2289 1271 2322 cos.

244 2369 325 2403 an.
364 2369 435 2421 71
451 2371 485 2420 7
506 2369 521 2403 :
548 2351 689 2405 Nota
710 2363 835 2403 sunt
860 2339 1109 2403 omnib'us
1134 2351 1276 2402 illius

242 2432 499 2501 praeclare
514 2443 687 2502 gesta,
706 2449 829 2502 erga
850 2431 884 2482 J
888 2432 1059 2483 ulium
1080 2429 1275 2484 devota

243 2509 373 2564 fides
391 2551 409 2577 ,
448 2511 507 2563 in
550 2511 746 2564 amicos
786 2509 1149 2564 munificentia
1165 2549 1182 2576 ,
1215 2511 1273 2562 in

242 2592 922 2663 mulieres,praesertimque
936 2591 1274 2662 Cleopatram

240 2690 542 2743 propensus
570 2690 738 2737 amor,
764 2682 819 2723 et
835 2671 959 2724 vitae
990 2689 1050 2723 ac
1080 2670 1271 2723 mortis

240 2770 424 2822 genus.
455 2752 789 2804 Numismata
816 2770 979 2822 porro
1010 2749 1161 2803 cudit
1192 2750 1271 2801 in-

240 2849 494 2897 numera;
512 2849 631 2903 quae
652 2850 834 2884 omnes
853 2832 963 2883 fere
985 2829 1271 2901 dignitates

240 2915 351 2983 ejus
366 2913 515 2964 miro
533 2910 725 2963 ordine
742 2910 1000 2977 referunt,
1012 2929 1271 2982 quorum-

240 3011 341 3063 que
354 2991 523 3045 variae
543 3004 687 3056 sunt,
695 3003 755 3042 ut
770 2990 989 3061 typi‚ita
1004 2989 1267 3061 inscriptt.

238 3072 387 3125 Inter
412 3072 545 3135 alia,
568 3072 645 3123 Μ.
672 3070 1061 3123 ANTONIVS.
1095 3069 1265 3121 AVG.

239 3146 456 3223 (augur)
468 3152 619 3203 IMP.
638 3151 828 3203 ITER.
853 3149 1005 3202 COS.
1036 3148 1268 3202 DESIG.

236 3232 435 3284 ITER.
461 3231 557 3283 ET
583 3230 791 3283 TERT.
824 3229 907 3281 111
941 3230 1087 3281 VIR.
1119 3231 1183 3281 R.
1207 3229 1267 3280 P.

240 3312 299 3364 C.
344 3306 367 3373 (
394 3310 729 3381 Reipublicae
786 3307 1169 3362 constituendae
1198 3305 1221 3371 )
1253 3326 1269 3373 ;

238 3410 361 3443 cum
388 3389 663 3461 capitibus
686 3387 880 3460 Lepidi
904 3389 989 3441 vel
1014 3388 1269 3459 Augusti,

239 3489 359 3523 cum
390 3470 561 3541 signis
586 3469 889 3540 legionum,
914 3480 1013 3521 etc.
1048 3467 1233 3520 Graece
1251 3504 1269 3533 ‚

235 3558 311 3604 Μ.
398 3552 750 3603 ΑΝΤΩΝῙΟΣ
828 3549 1271 3600 ΑΥΤΟΚΡΑΤΩΡ

237 3632 493 3684 ΤΡῙΤΩΝ
529 3632 730 3682 ΤΡΙΩΝ
771 3630 1058 3682 ΑΝΔΡΩΝ.
1078 3627 1273 3697 ,Caput

236 3711 313 3763 M.
335 3709 596 3772 Antonii,
617 3709 673 3760 in
700 3727 879 3762 aversa
892 3719 1073 3779 parte;
1095 3707 1272 3759 BACI-

234 3790 451 3845 AICCA
487 3788 893 3841 KAEOHATPA
936 3787 1070 3841 ΘΕΑ
1112 3790 1272 3839 Nm

236 3871 606 3939 TEPA,caput
618 3868 927 3939 Cleopatrae.
947 3866 1157 3919 Fratres
1173 3866 1269 3917 ha-

235 3950 361 4004 buit
390 3949 459 4001 L.
478 3946 804 4011 Antonium,
826 3947 1105 3999 tribunum
1123 3945 1269 4016 pleb.

237 4048 385 4083 anno
432 4046 543 4099 quo
585 4028 761 4081 Caesar
776 4076 781 4083 ,
797 4026 1001 4079 occisus
1038 4036 1117 4077 est
1132 4063 1148 4089 ,
1192 4042 1265 4077 sc.

240 4128 385 4179 709,
410 4118 463 4160 et
492 4108 554 4161 C.
584 4106 907 4171 Antonium,
931 4104 1000 4157 de
1024 4123 1133 4177 quo
1156 4106 1267 4175 jam

236 4188 479 4243 diximus
492 4224 513 4253 ,
550 4198 607 4241 et
642 4186 771 4242 alias
822 4184 1020 4243 dicturi
1064 4202 1259 4241 sumus.

1368 1234 1517 1286 Duos
1535 1247 1713 1288 autem
1734 1235 1875 1290 filios
1898 1237 2089 1291 habuit
2108 1257 2171 1291 ex
2189 1240 2396 1306 Fulvia,

1366 1317 1538 1384 major
1562 1316 1812 1388 Antyllus
1840 1337 1869 1370 a
1894 1317 2034 1370 Plut.
2059 1320 2394 1386 nominatus,

1363 1394 1619 1463 Augusti·
1628 1397 1779 1466 jussu
1808 1410 1931 1468 post
1967 1410 2196 1452 mortem
2226 1403 2392 1471 patris

1364 1473 1715 1545 interemptus
1728 1494 1747 1541 ς
1784 1477 1918 1528 alter
1958 1479 2176 1532 nomine
2217 1480 2394 1532 Julius

1363 1554 1628 1606 Antonius
1646 1594 1663 1622 ‚
1681 1573 1844 1626 quem
1867 1575 1978 1609 non
1999 1557 2162 1611 modo
2185 1561 2393 1630 Augus-

1364 1643 1449 1684 tus
1474 1635 1732 1700 servavit,
1750 1654 1938 1688 verum
1960 1637 2120 1689 etiam
2147 1637 2392 1692 sacerdo·

1364 1712 1466 1776 tio,
1484 1725 1718 1784 praetura
1731 1752 1748 1780 ,
1763 1726 1920 1786 atque
1939 1717 2098 1768 etiam
2113 1721 2392 1771 consulatu

1361 1790 1671 1884 decoravit?
1685 1812 1846 1864 quem
1867 1797 2025 1866 gessit
2049 1815 2172 1850 cum
2185 1799 2254 1864 Q.
2273 1799 2390 1851 Ma·

1360 1873 1509 1924 ximo
1541 1873 1826 1940 AfricanO,
1853 1894 1939 1929 an.
1977 1878 2089 1946 743
2110 1916 2127 1942 ,
2153 1891 2214 1930 ut
2247 1889 2392 1950 patet

1362 1970 1425 2004 ex
1449 1971 1673 2005 nummo
1702 1967 1920 2026 argent„
1948 1971 2109 2026 quem
2130 1957 2214 2010 Jo.
2245 1959 2304 2010 V
2296 1958 2392 2010 ail-
2495 1992 2499 1996 ‚

1364 2031 1475 2082 lant
1494 2031 1810 2104 descripsit,
1843 2047 1879 2087 t.
1919 2053 1942 2087 1
1965 2069 1980 2096 ‚
2009 2054 2129 2106 pag.
2171 2055 2194 2089 1
2212 2044 2300 2100 14.
2327 2039 2389 2090 L.

1360 2112 1680 2165 ARRVNT.
1729 2115 1790 2166 L.
1830 2114 1890 2167 F.
1933 2115 1990 2166 ΙΙ
2036 2116 2197 2182 V1R;
2231 2131 2392 2189 caput

1360 2191 1394 2240 J
1398 2192 1511 2244 ovis
1533 2191 1824 2262 Capitolini
1849 2194 2174 2249 laureatum:
2191 2197 2248 2248 in
2274 2216 2393 2266 pos·

1361 2271 1468 2323 tico
1502 2271 1697 2337 latere,
1725 2273 1871 2324 IVL.
1904 2273 2174 2328 ANTON.
2205 2275 2284 2327 M.
2324 2276 2386 2328 F.

1359 2349 1428 2414 Q.
1460 2350 1638 2403 MAx.
1670 2351 1856 2416 AFR.;
1875 2365 2035 2423 caput
2065 2353 2216 2406 bovis
2246 2355 2389 2406 infu-

1359 2430 1561 2494 latum,
1587 2449 1712 2482 cum
1741 2431 1912 2483 taeniis
1943 2429 2384 2502 dependentibus.

1358 2509 1499 2562 Huic
1528 2529 1744 2581 quoque
1773 2511 2019 2577 Octavia,
2046 2514 2272 2583 Augusti
2301 2533 2388 2566 so·

1358 2608 1477 2655 ror,
1503 2590 1812 2642 Marcellam
1858 2610 2007 2642 suam
2046 2591 2215 2643 filiam
2259 2605 2390 2645 natu

1358 2671 1614 2739 majorem
1633 2670 1700 2721 ab
1721 2670 1959 2741 Agrippa
1981 2669 2252 2723 dimissam
2277 2672 2389 2725 col·

1358 2749 1649 2814 locaverat3
1671 2762 1724 2801 at
1745 2768 1916 2821 quum
1940 2768 2066 2803 eum
2095 2751 2129 2802 J
2132 2751 2296 2803 uliam
2319 2752 2386 2804 fi-

1357 2828 1486 2880 liam
1529 2826 1850 2882 adulterasse
1890 2830 2220 2901 cognovisset
2275 2832 2386 2884 Au·-

1356 2920 1567 2979 gustns,
1610 2910 1681 2960 ob
1722 2907 1780 2961 id
1829 2909 2034 2961 facinus
2088 2910 2138 2962 ei
2183 2912 2387 2983 totique

1358 2986 1545 3039 domui
1586 2988 1884 3059 perniciem
1925 2991 2212 3044 maturavit
2233 3030 2248 3059 ,
2289 2992 2384 3045 etsi

1357 3080 1537 3119 tamen
1548 3068 1582 3119 J
1585 3068 1657 3120 ul.
1671 3068 1938 3121 Antonius
1953 3068 2145 3134 fllium,
2159 3071 2384 3123 Lucium

1356 3148 1573 3200 nomine
1591 3186 1606 3214 ,
1624 3166 1690 3201 ex
1705 3148 1956 3201 Marcella
1973 3149 2219 3220 reliquit,
2234 3155 2384 3221 cujus

1356 3228 1602 3279 meminit
1631 3228 1828 3281 Seneca
1845 3262 1862 3290 ,
1890 3228 1952 3280 cle
1989 3229 2216 3282 brevitate
2245 3236 2380 3285 vitae.

1442 3326 1470 3359 a
1482 3348 1495 3360 .
1514 3308 1642 3377 Ipsis
1656 3308 1883 3360 militibus
1901 3309 2215 3362 hortantibus.
2234 3309 2384 3374 Quos

1355 3406 1501 3439 nunc
1533 3406 1750 3459 nuperae
1777 3388 2087 3459 poenitentia
2123 3387 2382 3441 tarditatis

1356 3478 1582 3537 ceperat.
1612 3465 1724 3519 vid
1749 3486 1794 3521 c.
1826 3487 1876 3520 2.
1909 3500 1990 3510 —
2017 3469 2382 3521 Praeter-vehun-

1358 3558 1450 3598 tur.
1467 3548 1548 3598 Ita
1570 3565 1633 3598 ex
1657 3548 1854 3599 nostris
1878 3545 2067 3599 codd.:
2090 3547 2179 3597 alii
2196 3548 2380 3618 legunt

1348 3627 1670 3697 pervehuntur·
1681 3664 1697 3688 ‚
1721 3626 1805 3679 vel
1826 3627 2188 3696 proevekuntur,
2219 3646 2382 3698 quam

1354 3707 1666 3759 varietatem
1702 3724 1766 3757 ex
1798 3703 2120 3775 compendio
2153 3706 2380 3777 scriptu·-

1353 3804 1428 3837 rae
1466 3798 1638 3837 ortam
1667 3796 1819 3856 putat
1859 3784 2130 3849 Davisius,
2161 3797 2215 3837 et
2245 3804 2382 3857 saepe

1351 3867 1459 3937 jam
1488 3866 1822 3930 notavimus;
1851 3876 1904 3916 at
1933 3881 2100 3934 quum
2126 3864 2232 3918 hoc
2262 3865 2379 3937 ipso

1355 3962 1471 4015 cap.
1498 3944 1705 4013 legatur
1721 3955 2146 4016 praetervectosque
2183 3947 2382 4015 Dyrra-

1355 4025 1526 4084 chium,
1537 4022 1822 4075 verisimile
1835 4035 1913 4076 est
1921 4024 2182 4079 Caesarem
2193 4024 2382 4079 iisdem

1354 4104 1530 4159 verbis
1561 4102 1717 4155 initio
1745 4103 1932 4174 capitis
1960 4124 2115 4157 usum
2147 4105 2323 4158 fuisse.

1434 4184 1487 4238 3.
1521 4183 1583 4239 C.
1619 4182 1881 4255 Coponius.
1901 4186 1982 4236 De
2007 4204 2072 4238 eo
2095 4183 2220 4240 vide
2243 4180 2290 4238 c.
2309 4183 2370 4241 5.

1915 4262 2004 4336 15
