3025 5025
598 395 740 472 152
879 399 957 468 C.
1013 397 1298 476 JULII
1355 394 1827 476 CAESARIS
1882 394 2437 470 COMMENT.

586 547 787 620 runt,
823 546 900 602 ut
941 531 1215 601 domum
1259 525 1344 597 ad
1377 554 1448 598 se
1484 531 1761 623 quisque
1812 527 2102 622 hospitio
2144 527 2569 648 cupidissime
2618 554 2735 602 re-

587 641 856 734 ciperet.
899 639 1163 728 Quibus
1227 637 1425 706 rebus
1468 637 1859 731 perterritus
1893 637 2115 705 Varro
2138 689 2159 724 ‚
2198 660 2457 773 quum,
2492 637 2735 707 itinere
2844 721 2879 733 ,ἡ

587 771 958 834 converSO,
1011 769 1151 814 sese
1203 743 1505 814 Italicam
1554 755 1911 812 venturum
1961 729 2439 837 promisisset,
2482 745 2736 814 certior

589 853 675 921 ab
741 853 874 922 suis
942 850 1156 919 factus
1217 865 1359 937 est,
1380 847 1763 943 praeclusas
1818 871 1957 917 esse
2005 862 2251 944 portas.
2295 851 2471 918 Tum
2526 875 2695 920 vero
2715 902 2735 939 ,
2830 941 2837 946 ἢ

589 960 774 1027 omni
822 955 1220 1026 interclusus
1258 903 1527 1042 itiitere,
1558 954 1642 1023 ad
1681 956 2009 1024 Caesarem
2047 957 2279 1044 mittit,
2313 969 2626 1050 paratum
2666 981 2737 1026 se

586 1089 766 1152 esse,
813 1062 1142 1194 legionem
1161 1115 1182 1150 ,
1217 1063 1327 1132 cui
1381 1061 1687 1156 jusserit,
1740 1060 2023 1130 tradere.
2066 1060 2187 1130 Ille
2230 1061 2317 1130 ad
2365 1086 2523 1132 eum
2580 1065 2733 1152 Sex.

587 1154 987 1244 Caesarem⁵
1042 1169 1310 1256 mittit,
1400 1181 1599 1262 atque
1680 1168 1837 1236 huic
1918 1167 2089 1236 tradi
2172 1169 2379 1261 jubet.
2460 1147 2739 1239 Tradita

587 1275 878 1372 legione,
920 1277 1143 1347 Varro
1188 1273 1577 1345 Cordubam
1614 1274 1698 1343 ad
1739 1277 2070 1344 Caesarem
2112 1277 2336 1344 venit:
2384 1274 2606 1346 relatis
2648 1275 2736 1344 ad

587 1407 742 1452 eum
783 1380 1066 1479 publicis
1121 1407 1274 1450 cum
1311 1381 1446 1450 fide
1489 1379 1853 1451 rationibus
1873 1433 1894 1468 ,
1944 1379 2124 1475 quod
2169 1405 2371 1476 penes
2425 1406 2582 1452 eum
2636 1397 2739 1452 est

584 1491 886 1610 pecuniae
909 1541 930 1576 ,
988 1489 1192 1558 tradit
1215 1537 1234 1572 ‚
1289 1501 1386 1578 et,
1440 1487 1623 1582 quod
1682 1486 1929 1582 ubique
1982 1487 2233 1560 habeat
2278 1487 2599 1558 frumenti
2656 1512 2737 1560 ac

589 1597 905 1684 navium,
947 1594 1254 1666 ostendit.

693 1704 884 1770 XXI.
932 1704 1197 1789 Caesar,
1240 1700 1561 1772 concione
1596 1699 1826 1770 habita
1869 1700 2243 1789 Cordubae,
2278 1702 2594 1771 omnibus
2630 1727 2771 1823 ge-

585 1809 872 1884 neratim
928 1810 1175 1903 gratias
1236 1809 1431 1902 agit:
1478 1807 1741 1876 civibus
1792 1808 2083 1876 romanis
2103 1861 2123 1895 ,
2173 1754 2354 1901 qiiod
2408 1778 2771 1938 oppidum

583 1915 658 1982 in
714 1939 834 1983 sua
886 1927 1215 2008 potestate
1276 1912 1682 1984 studuissent
1750 1915 2054 2001 habere3
2109 1912 2470 2008 Hispanis¹
2478 1968 2497 2002 ,
2551 1913 2747 2009 quod⁸

582 2142 840 2214 ciperent.
857 2140 1060 2214 Soepius
1071 2141 1461 2196 convocabatur
1471 2138 1617 2214 apud

582 2225 854 2276 Romanos
885 2233 1177 2276 conventus
1199 2223 1257 2276 in
1277 2224 1466 2276 urbem
1494 2242 1617 2296 pro-

581 2303 774 2356 vinciae
823 2302 1134 2373 primariam
1151 2339 1168 2368 ,
1200 2301 1267 2354 ad
1315 2301 1616 2356 deliberan-

583 2381 719 2435 dum
747 2381 816 2435 de
846 2382 1074 2453 publicis
1101 2383 1289 2440 rebus,
1325 2382 1409 2436 vel
1445 2402 1615 2454 quaes-

583 2474 702 2517 tore
717 2499 733 2529 ,
759 2461 845 2517 vel
869 2474 1128 2535 praetore,
1155 2474 1246 2515 aut
1267 2464 1614 2533 proconsule,

583 2554 678 2595 aut
707 2562 894 2595 eorum
928 2542 1109 2615 legatis
1136 2540 1477 2615 praesidibus,
1501 2540 1523 2606 (
1548 2544 1615 2598 les

583 2628 707 2676 e'tats
725 2626 1075 2695 provinciam-5
1088 2619 1109 2686 )
1138 2619 1458 2694 aliquando
1442 2642 1499 2675 m
1522 2642 1614 2678 ur·

581 2702 707 2757 bem
733 2702 818 2757 vel
841 2702 1151 2769 minimam,
1171 2706 1192 2764 (
1215 2704 1396 2755 conseil
1413 2704 1614 2755 munici-

576 2780 745 2854 pal);
770 2780 1056 2853 aliquando
1084 2794 1376 2835 conventus
1398 2782 1617 2853 provin-

580 2862 740 2913 ciales
767 2862 985 2933 praetori
1026 2860 1333 2928 adstabant,
1365 2874 1426 2915 ut
1455 2881 1578 2915 eum
1593 2899 1612 2929 ,

583 2940 631 2993 si
653 2938 786 3011 quid
815 2940 1072 3011 gravioris
1098 2942 1355 2995 momenti
1376 2960 1615 3015 pronun·

581 3017 835 3072 ciandum
885 3018 1145 3074 accideret
1160 3058 1178 3086 ,
1225 3020 1329 3091 ipsi
1377 3021 1613 3075 consiliis

581 3098 959 3170 sententiisque
973 3094 1300 3170 adjuvarent.
1323 3098 1614 3155 Hodiernis

580 3180 743 3231 etiam
784 3178 1114 3249 temporibus
1158 3178 1303 3251 apud
1346 3180 1611 3253 Hispanos

580 3256 856 3311 interdum
876 3270 1236 3317 convocantur
1249 3297 1268 3325 ,
1296 3278 1610 3331 regnorum,

579 3338 982 3409 provinciarum
999 3375 1016 3403 ‚
1037 3332 1256 3398 urbium
1285 3352 1578 3393 conventus
1594 3377 1609 3407 ‚

580 3416 740 3487 dicti,
762 3420 829 3471 les
857 3417 1045 3473 Cor-tes.

663 3506 716 3563 4.
761 3500 1077 3551 Promisi-sset.
1121 3498 1358 3551 Faernus
1397 3514 1612 3567 pronun·

579 3579 755 3630 ciasset
786 3598 850 3632 ex
891 3598 988 3633 suo
1031 3575 1151 3631 cod.
1195 3577 1368 3631 Ciacc.
1422 3572 1610 3629 audaci

579 3652 885 3732 conjectura
912 3678 928 3711 ε
974 3678 1117 3733 quum
1171 3661 1338 3709 itinere
1389 3676 1609 3709 converso

577 3743 756 3811 equites
797 3740 1022 3792 Italoeam
1050 3741 1373 3808 praemisisset.
1411 3736 1609 3807 Perpe-

576 3836 724 3872 ram:
750 3816 1146 3890 comprobanda
1169 3830 1246 3871 est
1271 3816 1430 3869 lectio
1456 3814 1608 3870 codi-

576 3916 718 4030 0¹¹¹?-
735 3976 851 4031 Sex.
879 3976 1136 4031 Coesarem,
1161 3976 1330 4030 Filius
1351 3974 1494 4029 Sexti
1513 3976 1609 4029 Ju-

575 4054 636 4117 ,Ηὶ
653 4056 870 4113 Gaesaris
887 4057 1141 4112 Flaminis
1157 4055 1450 4125 Quirinalis
1476 4054 1606 4111 Sex-

1704 2141 1746 2195 ti
1782 2141 1916 2196 sulii
1952 2140 2173 2195 Caesaris
2212 2160 2410 2214 nepos,
2441 2141 2537 2213 qui
2558 2179 2575 2208 ,
2607 2156 2735 2214 post

1701 2235 2018 2294 quaesturam
2034 2261 2051 2287 ‚
2097 2219 2263 2278 aedilis
2312 2223 2513 2276 curulis
2565 2221 2733 2276 factus

1702 2315 1807 2367 est,
1839 2321 1925 2356 an.
1960 2303 2031 2358 65
2044 2303 2124 2367 3.,
2163 2302 2257 2374 qui
2274 2301 2491 2374 quidem
2516 2321 2549 2354 a
2574 2301 2733 2356 Sexto

1700 2381 1848 2434 sulio
1900 2383 2137 2446 Caesare,
2166 2385 2229 2436 C.
2278 2383 2312 2434 J
2315 2382 2411 2434 ulii
2458 2380 2733 2438 dictatoris

1698 2460 1888 2535 proavi
1935 2462 2123 2529 fratre,
2150 2461 2411 2533 originem
2465 2459 2641 2516 duxit.
2688 2464 2734 2517 A

1701 2541 1957 2596 dictatore
1971 2561 2036 2595 ex
2049 2546 2284 2614 AEgypto
2300 2543 2358 2596 in
2384 2542 2597 2613 Syriam
2613 2542 2735 2599 mis-

1700 2642 1788 2675 sus
1807 2661 1824 2687 ,
1867 2641 2036 2693 quum
2098 2621 2346 2676 adversus
2404 2622 2737 2677 Pharnacem

1699 2698 1861 2755 Ponti
1890 2721 2072 2773 regem
2097 2703 2313 2774 jamjam
2357 2714 2493 2755 esset
2527 2704 2737 2773 profec-

1698 2794 1853 2834 turus
1866 2820 1884 2848 ,
1912 2781 2186 2835 Caecilium
2215 2783 2436 2835 Bassum
2466 2781 2735 2854 Scipionis

1699 2873 1754 2913 et
1784 2862 2002 2916 Catonis
2030 2863 2190 2915 rebus
2218 2860 2520 2915 studentem
2545 2863 2735 2932 praelio

1699 2940 1842 2994 fudit
1856 2979 1874 3007 ‚
1903 2954 2087 3013 postea
2117 2960 2267 3007 eum,
2289 2940 2433 2995 idem
2459 2959 2625 3014 quem
2652 2944 2733 2996 vi-

1698 3033 1841 3075 cerat
1856 3060 1872 3089 ,
1916 3017 2111 3073 occidit
2124 3059 2142 3087 ,
2174 3039 2344 3093 quum
2390 3022 2482 3075 ille
2525 3022 2734 3094 magnis

1696 3100 1985 3171 propositis
2029 3101 2265 3171 praemiis
2306 3101 2503 3154 milites
2546 3101 2607 3153 in
2650 3103 2733 3155 sui

1698 3178 1849 3232 ducis
1900 3177 2100 3233 caedem
2150 3178 2505 3234 subornasset.
2558 3180 2735 3253 Hujus

1695 3258 1907 3313 nullum
1927 3258 2185 3313 habemus
2216 3260 2653 3315 Monumentum.

1778 3339 1910 3391 Cu».
1928 3336 2079 3392 XXI.
2106 3358 2129 3392 1
2141 3382 2154 3393 .
2170 3341 2425 3411 Hispanis.
2444 3341 2735 3411 perperam

1694 3412 1754 3471 in
1782 3430 1994 3472 vetusto
2020 3418 2140 3472 cod.
2170 3432 2360 3473 nostro
2389 3420 2589 3491 legitur
2614 3422 2735 3475 His-

1688 3500 1836 3568 palis.
1855 3493 1988 3561 (nec
2004 3518 2117 3551 non
2134 3500 2192 3551 in
2206 3518 2328 3551 mss.
2346 3500 2551 3565 Ciacc.,
2573 3502 2733 3567 Lot,

1696 3576 1851 3643 Scal.,
1870 3574 2059 3643 Dorv„
2076 3577 2229 3632 Leid.
2252 3578 2387 3645 Sec„
2411 3578 2540 3633 edd·
2568 3573 2731 3646 rom„

1696 3657 1889 3710 Venet.
1918 3670 1971 3711 et
2010 3654 2262 3723 Mediol„
2290 3659 2563 3729 Hispaniis.
2592 3660 2733 3715 Item

1694 3734 1845 3794 Leid.
1886 3734 2012 3807 pr.)
2039 3736 2179 3789 Nam
2234 3738 2411 3793 Caesar
2462 3731 2732 3793 Gordubae

1694 3816 2008 3870 concionem
2028 3814 2259 3869 hahebat
2272 3856 2289 3883 ,
2316 3836 2426 3889 quo
2448 3818 2731 3885 civitatum

1694 3897 1938 3948 omnium
1955 3896 2117 3967 legati
2132 3910 2511 3951 convenerant.
2527 3900 2599 3951 Et
2610 3900 2729 3953 His·

1691 3975 1931 4046 palenses
1948 3976 2256 4047 praesidium
2268 3996 2381 4031 non
2394 3979 2725 4051 expulerant.

1690 4051 2345 4123 sedCarmonenses(vid.
2361 4076 2509 4131 supr.
2534 4055 2731 4133 αι.ι9);ι
