3025 5025
487 528 494 537 -
606 486 742 552 DE
792 483 1137 553 BELLO
1194 481 1569 551 CIVILI.
1628 483 1811 551 LIB.
1869 484 2015 552 111.
2243 483 2382 555 331

365 618 538 687 CXI.
561 619 684 687 His
715 617 923 711 copiis
949 615 1162 685 fidens
1190 614 1482 684 Achillas
1499 670 1519 702 ‚
1546 616 2079 711 paucitatemque
2106 616 2393 688 militum

273 726 527 795 Caesaris
567 724 937 819 despiciens
953 775 972 810 ,
1015 720 1423 816 occupabat¹
1443 721 1945 811 Alexandriam,
1971 740 2209 818 praeter
2244 750 2394 797 eam

271 831 473 927 oppidi
511 844 770 926 partem
791 884 810 917 ‚
846 853 1047 924 quam
1088 830 1314 898 Caesar
1356 854 1511 898 curn
1552 827 1871 900 militibus
1916 831 2215 919 tenebat,
2259 836 2393 928 pri·

269 962 364 1006 mo
397 939 650 1033 impetu
685 936 962 1005 domum
1001 937 1142 1030 ejus
1186 937 1557 1030 irrumpere
1611 952 1890 1005 conatus
1922 963 1937 1005 ε
1983 938 2098 1005 sed
2135 939 2395 1027 Caesar,

267 1044 578 1139 dispositis
621 1070 745 1139 per
786 1045 926 1112 vias
985 1042 1378 1112 cohortibus
1396 1098 1416 1129 ‚
1479 1044 1803 1137 impetum
1867 1045 2009 1137 ejus
2064 1046 2392 1115 sustinuit.

266 1151 632 1247 Eodemque
685 1165 988 1244 tempore
1038 1164 1408 1244 pugnatum
1446 1164 1549 1217 est
1591 1149 1676 1217 ad
1720 1165 2025 1244 portum;
2078 1175 2157 1220 ac
2200 1149 2397 1247 longe

269 1260 602 1327 maximam
631 1282 710 1325 ea
734 1282 842 1325 res
867 1255 1087 1325 attulit
1117 1256 1633 1325 dimicationem.
1672 1255 1880 1325 Simul
1917 1259 2126 1345 enim,
2157 1258 2397 1327 diduc-

269 1365 338 1432 tis
359 1366 589 1459 copiis,
623 1362 926 1460 pluribus
957 1364 1078 1432 viis
1111 1363 1573 1457 pugnabatur,
1595 1378 1663 1430 et
1693 1388 1937 1457 magna
1972 1363 2397 1433 multitudine

269 1494 450 1541 naves
491 1470 726 1565 longas
763 1484 1096 1564 occupare
1134 1470 1360 1538 hostes
1402 1470 1857 1557 conabantur,
1882 1495 2167 1566 quarum
2210 1486 2400 1540 erant

268 1574 764 1673 quinquaginta²
804 1576 1046 1646 auxilio
1091 1577 1304 1645 missae
1343 1576 1426 1644 ad
1468 1578 1894 1671 Pompeium,
1932 1576 2291 1673 praelioque
2328 1581 2397 1646 in

267 1683 586 1755 Thessalia
630 1684 808 1753 facto
843 1684 1123 1753 domum
1167 1683 1521 1751 redierant.
1561 1679 1700 1751 Illae
1730 1684 2033 1753 triremes
2074 1709 2309 1753 omnes
2332 1700 2399 1753 et

267 1794 757 1885 quinqueremes
800 1803 1025 1877 erant,
1079 1804 1250 1885 aptae
1317 1791 1788 1883 instructaeque
1832 1790 2145 1859 omnibus
2199 1790 2399 1860 rebus

265 1896 338 1965 ad
372 1897 842 1992 navigandum.
881 1900 1130 1965 Praeter
1164 1897 1318 1985 has,
1345 1896 1494 1964 duae
1529 1909 1599 1964 et
1632 1897 1905 1989 viginti,
1930 1920 2078 1991 quae
2115 1898 2400 1992 praesidii

262 2026 448 2075 causa
499 2002 917 2077 Alexandriae
954 2028 1095 2072 esse
1138 2017 1628 2072 consueverant
1650 2055 1669 2090 ,
1720 2018 2075 2072 constratae
2123 2004 2401 2075 omnesi

263 2135 414 2204 quas
453 2111 507 2181 si
551 2112 1095 2204 occupavissent,
1141 2107 1347 2179 classe
1403 2111 1651 2179 Caesari
1694 2125 1923 2204 erepta
1946 2164 1985 2197 ,‚
2002 2126 2276 2204 portum
2318 2136 2398 2180 ac

260 2242 432 2286 mare
459 2231 677 2286 totum
709 2219 778 2287 in
813 2240 929 2285 sua
963 2231 1292 2311 potestate
1321 2216 1679 2303 haberent,
1704 2230 2084 2285 commeatu
2112 2216 2398 2287 auxiliis·

259 2348 378 2417 que
424 2326 759 2395 Caesarem
807 2323 1268 2443 prohiberent.
1319 2326 1556 2417 Itaque
1602 2330 1787 2390 tanta
1832 2337 1931 2391 est
1972 2326 2399 2392 contentione

261 2446 476 2501 actum
502 2446 812 2526 ,quanta
859 2432 966 2526 agi
1008 2430 1280 2518 debuit,
1335 2453 1546 2523 quum
1582 2426 1674 2496 illi
1718 2427 2001 2498 celerem
2060 2430 2129 2499 in
2183 2454 2259 2497 ea
2326 2454 2399 2497 re

259 2540 631 2627 victoriam,
658 2540 729 2607 hi
768 2522 1085 2607 salutem³
1119 2559 1306 2606 suam
1344 2539 1705 2605 consistere
1740 2536 2061 2605 viderent.
2095 2535 2227 2605 Sed
2256 2561 2397 2606 rem

259 2643 540 2714 obtinuit
595 2647 870 2732 Caesar3
925 2668 1285 2738 omnesque
1336 2667 1446 2710 eas
1490 2667 1727 2728 naves,
1772 2656 1839 2710 et
1889 2641 2205 2735 reliquas,
2249 2669 2396 2736 quae

338 2839 469 2891 Car.
480 2839 627 2892 CXI.
655 2856 678 2890 1
691 2878 704 2891 .
729 2837 1029 2908 occupabat.
1052 2836 1286 2906 Vulgata

265 2915 417 2972 habet
429 2955 448 2981 ‚
459 2930 676 2988 occupat.
693 2950 772 2960 --
789 2918 905 2969 Proe
911 2929 981 2968 ter
991 2936 1098 2968 eam
1119 2917 1288 2986 oppidi

259 3010 460 3066 partem.
475 2998 562 3051 Sic
576 3017 606 3051 e
619 2996 743 3052 cod.
756 2997 1019 3050 Vossiano
1051 2996 1286 3074 restituit

264 3076 695 3148 Oudendorpius.
725 3077 834 3129 Alii
873 3095 1056 3129 omnes
1081 3089 1136 3128 et
1157 3093 1284 3128 nos-

265 3157 352 3223 tri,
366 3169 610 3229 proeterea
626 3158 794 3228 oppidi
803 3169 1014 3226 panem,
1037 3154 1184 3226 quod
1205 3169 1290 3208 est

263 3237 454 3291 rationi
477 3237 807 3293 contrarium
831 3255 846 3288 z
867 3255 994 3290 nam
1013 3236 1058 3288 si
1083 3249 1290 3288 utram:

263 3333 362 3387 que
389 3331 600 3389 partem
628 3317 882 3370 tenuisset
906 3315 1134 3370 Achillas
1151 3353 1168 3381 ‚
1203 3328 1284 3368 to·

263 3406 374 3450 tum
397 3398 680 3462 tenuisset,
699 3409 754 3452 ot
770 3397 972 3448 nullam
992 3397 1166 3450 Caesar
1189 3395 1285 3448 ha-

264 3477 489 3542 buisset3
515 3478 600 3530 vel
617 3515 633 3540 ,
653 3489 894 3547 praterea
923 3477 1091 3547 oppidi
1113 3487 1280 3546 parte,

263 3575 363 3627 quo
371 3576 550 3622 sensu,
557 3557 750 3610 nescia.
764 3557 1004 3610 Lectioni
1015 3557 1290 3609 Vossianae

262 3635 624 3692 adhaereamus
635 3651 690 3691 et
701 3636 940 3690 dicamus
947 3674 967 3702 ,
979 3649 1185 3708 partem
1201 3636 1288 3688 vel

262 3718 502 3788 exiguam
528 3735 809 3788 occupasse
843 3717 1182 3770 Caesarianos.
1204 3747 1286 3758 —

261 3797 428 3850 Primo
443 3802 636 3868 inipetu.
652 3797 758 3852 Alii
769 3801 1070 3868 ,primoque,
1091 3796 1288 3848 omisso

265 3881 454 3948 impetu.
489 3878 614 3930 Non
643 3878 810 3942 male,
843 3889 1066 3949 propter
1099 3891 1288 3928 vocem

263 3959 482 4027 impaeeum
510 3977 636 4010 mox.
657 3958 958 4029 repetitam.
965 3955 1284 4008 -Domum

261 4037 562 4102 Palatium,
605 4051 658 4090 et
695 4037 914 4109 quidem
958 4055 1080 4108 pars
1125 4036 1289 4106 hujus

261 4116 444 4188 exigua
459 4155 480 4183 ‚
504 4131 568 4171 ut
589 4116 790 4172 videre
797 4118 922 4172 licet
949 4135 1064 4188 cap.
1092 4135 1202 4186 seq.

933 4327 973 4356 Υ

1455 2855 1506 2886 2.
1528 2835 1913 2906 Quinquaginta.
1942 2835 2221 2906 Appianas
2232 2875 2251 2902 ,
2264 2838 2407 2890 Bell.

1371 2914 1512 2980 civ„
1535 2932 1581 2967 11
1596 2954 1615 2981 ‚
1642 2931 1709 2984 71
1728 2952 1747 2980 ‚
1767 2915 1929 2968 habet
1954 2915 2209 2978 ὶξῆκοντα.

1456 2995 1510 3048 3.
1536 2995 1699 3064 Quum
1724 2995 1877 3048 illim.
1902 2996 1955 3047 1ιὶ
1981 2995 2201 3050 salutem.
2224 2997 2397 3052 Resti-

1371 3074 1451 3126 tui
1486 3093 1671 3127 vocem
1710 3075 1787 3126 illa·
1800 3115 1816 3136 ,
1859 3095 1925 3127 ex
1964 3071 2085 3128 cod.
2116 3089 2302 3130 nostro
2329 3080 2394 3130 R.

1373 3155 1529 3225 5768,
1541 3155 1843 3226 postulante
1867 3156 2075 3209 ratione
2087 3197 2104 3224 ‚
2120 3169 2177 3210 et
2188 3159 2223 3210 J
2225 3158 2368 3212 urin.
2384 3195 2401 3222 ‚

1371 3253 1533 3306 quem
1568 3234 1810 3288 Oberlin.
1855 3236 2014 3301 citat,
2057 3236 2401 3292 admonente.

1372 3315 1567 3368 Nullus
1588 3327 1711 3368 ante
1735 3334 1860 3368 eum
1888 3315 2263 3372 animadvertit
2278 3319 2400 3371 vul·

1371 3409 1545 3466 gatam
1593 3395 1878 3448 lectionem.
1920 3395 2155 3450 duorum
2198 3398 2399 3451 exerci-

1372 3488 1527 3528 tuum
1571 3475 1731 3528 statui
1769 3493 2083 3548 repugnare.
2118 3477 2294 3532 Coesar
2332 3495 2399 3530 eo
2438 3509 2443 3514 -

1371 3553 1635 3608 adductus
1657 3568 1770 3608 erat
1786 3592 1802 3618 ,
1824 3569 1885 3609 ut
1906 3558 1957 3610 ei
1980 3557 2205 3609 salutem
2224 3569 2278 3610 et
2292 3557 2399 3610 sibi

1371 3647 1426 3688 et
1468 3635 1731 3701 militibus
1780 3636 1889 3688 suis
1936 3653 2230 3707 procurare
2272 3637 2399 3690 satis

1371 3728 1523 3769 esset.
1582 3714 1815 3770 Achillas
1876 3728 2197 3788 provocator
2252 3728 2397 3774 erat.

1371 3793 1601 3866 ideoque
1626 3794 1907 3848 victoriam
1929 3796 2199 3866 sperabat,
2216 3809 2271 3848 et
2296 3815 2401 3868 pro

1371 3875 1595 3928 victoria
1619 3872 1921 3929 decertabat
1935 3874 2125 3930 eodem
2138 3888 2399 3948 tempore,

1373 3973 1482 4026 quo
1531 3955 1706 4008 Caesar
1752 3973 1855 4024 pro
1896 3957 2065 4010 salute
2109 3973 2220 4010 sua.
2253 3957 2397 4028 Ergo

1373 4033 1502 4088 dum
1525 4035 1627 4097 illi,
1656 4033 2029 4104 Alexandrini,
2050 4048 2211 4091 eccm.
2238 4049 2293 4090 et
2316 4038 2393 4097 hi,

1375 4114 1695 4180 Caesariani,
1728 4127 1827 4168 etc.
