3025 5025
590 479 731 546 DE
784 477 1132 545 BELLO
1188 479 1552 547 CIVILI.
1610 481 1801 547 LIB.
1857 482 2012 549 III.

2217 505 2354 579 197

225 607 431 703 pridie
482 633 697 679 nonas
736 609 1074 704 januarias
1090 608 1108 634 ¹
1149 606 1355 680 'naves
1397 611 1622 700 solvit,
1657 614 2010 707 impositi5‚
2050 628 2128 683 ut
2164 639 2367 710 supra

224 715 749 786 demonstratum
788 732 923 805 est,
966 715 1337 811 legionibus
1382 733 1673 814 septem.
1729 719 2052 789 Postridie
2117 735 2365 790 terram

224 823 452 916 attigit.
512 825 1004 894 Cerauniorum
1018 821 1042 847 ²
1102 821 1257 892 saxa
1304 826 1479 894 inter
1513 840 1602 895 ‘et
1649 824 1777 894 alia
1809 824 1959 895 loca
1996 826 2368 921 periculosa

222 929 511 1022 quietam
550 945 787 999 nactus
834 932 1188 1000 stationem
1209 985 1230 1019 ,
1256 945 1325 1000 et
1363 945 1599 1026 portus
1627 957 1860 1002 omnes
1894 933 2133 1002 timens
2155 987 2174 1021 ,
2199 959 2368 1028 quos

225 1036 429 1104 teneri
490 1036 579 1104 ab
625 1037 1021 1106 adversariis
1076 1037 1525 1108 arbitrabatur
1548 1092 1568 1127 ,
1607 1039 1692 1107 ad
1749 1063 1902 1108 eum
1954 1038 2206 1127 locum,
2255 1043 2369 1134 qui

225 1141 597 1236 appellatur
639 1142 979 1213 Pharsalia
998 1195 1019 1231 ‚
1062 1145 1371 1214 omnibus
1404 1145 1694 1214 'navibus
1739 1146 1823 1215 ad
1861 1169 2062 1216 unam
2103 1145 2370 1216 incolu-

225 1248 437 1318 mibus
455 1302 476 1337 ,
523 1247 763 1320 milites
799 1253 1120 1345 exposuit.
1229 1278 1236 1285 ·

226 1436 285 1484 rii
299 1433 603 1504 respiciebat.
625 1433 693 1486 H.
713 1433 750 1488 l.
784 1435 970 1505 Tur-pin
987 1435 1048 1487 de
1076 1434 1251 1498 Cri-sse‘,

226 1512 261 1564 l.
274 1531 366 1574 111,
379 1533 439 1585 p.
460 1533 521 1584 7,
532 1514 794 1568 Caesarem
806 1515 1093 1586 vituperat,
1110 1513 1259 1586 quod

227 1593 419 1645 nimius
441 1611 559 1646 esse
581 1592 795 1647 videtur
814 1594 874 1648 in
899 1593 1259 1666 descriptione

228 1671 420 1724 virium
450 1673 938 1745 Pompeianarum,
956 1673 1089 1728 dum
1110 1694 1231 1728 suas
1246 1715 1261 1744 ,

230 1772 287 1804 ex
320 1751 595 1806 industria
611 1793 627 1823 ,
654 1755 891 1808 minores
918 1755 1060 1808 facit.
1093 1755 1259 1808 Eum·

231 1831 347 1885 dem
368 1832 644 1886 mendacii
669 1834 872 1906 arguit,
890 1835 984 1906 qui
1010 1833 1259 1888 dissimu-

228 1913 369 1979 larit,
388 1932 529 1984 quas
554 1915 733 1986 copias
752 1951 771 1979 ,
793 1927 910 1967 tum
936 1914 1191 1983 Corfinii,
1206 1928 1262 1968 et

229 1992 283 2045 in
311 1994 431 2046 aliis
458 1993 629 2047 Italiae
658 1994 883 2048 urbibus
908 1993 976 2048 ad
1008 2014 1064 2050 se
1094 2007 1265 2048 traxe-

223 2073 323 2140 rit,
346 2085 471 2126 tum
504 2073 562 2126 in
595 2074 878 2147 Hispania,
904 2087 1028 2148 post
1052 2073 1260 2129 cladem

230 2153 435 2206 Afranii
462 2165 521 2206 et
548 2154 765 2207 Petreii.
788 2153 933 2207 Illud
958 2167 1140 2209 tamen
1156 2175 1259 2227 pro

230 2245 371 2285 certo
384 2232 689 2287 tenendum
711 2245 818 2299 est,
836 2235 1017 2307 copias
1042 2236 1263 2289 Coesaris

228 2313 395 2366 multo
412 2315 657 2367 minores
684 2333 911 2368 numero
929 2316 1093 2368 fuisse
1106 2317 1267 2368 Pom·-

229 2393 451 2464 peianis.
467 2395 701 2448 Consule
712 2395 1058 2448 Plutarchum
1086 2396 1263 2448 invita

232 2473 478 2547 Pompeii
493 2509 511 2539 ,
526 2492 573 2531 c.
603 2491 699 2544 903
724 2475 978 2547 Appiam,
994 2425 1124 2530 Bell.
1142 2476 1261 2532 Civ.

231 2572 302 2623 11,
324 2574 381 2626 p.
414 2554 531 2625 75²
553 2592 571 2619 ‚
596 2568 651 2609 et
674 2554 819 2608 alios.

306 2636 447 2688 Cu».
461 2635 562 2687 VI.
580 2652 601 2687 1
610 2675 622 2688 .
634 2634 807 2689 Pridie
818 2654 971 2687 nonas
982 2639 1260 2707 januarias.

233 2712 373 2767 Vide
396 2732 595 2785 supra,
620 2734 666 2767 c.
704 2734 731 2767 2
748 2755 763 2779 ,
783 2727 898 2769 not.
926 2722 957 2779 4
982 2748 1079 2769 .··--
1102 2718 1263 2787 Impo-

232 2798 349 2848 sitis.
375 2835 392 2847 .
421 2835 438 2847 .
460 2834 475 2847 .
498 2795 764 2864 legionibus
792 2808 982 2866 septem.
1013 2796 1121 2849 Pro
1148 2814 1266 2862 vn,

234 2876 387 2928 Voss.
406 2890 526 2926 cur.
549 2892 651 2928 sec.
664 2876 930 2946 reposuit,
946 2894 999 2929 v.
1018 2876 1099 2928 Ita
1120 2876 1269 2929 enim

232 2956 367 3025 App.
406 2970 461 3006 11
479 2992 497 3019 ,
522 2955 637 3025 757
660 2995 675 3021 ,
698 2968 753 3007 et
777 2955 1048 3008 Plutarch.
1078 2974 1125 3007 c.
1156 2957 1229 3019 48
1249 2974 1263 3007 z

229 3032 321 3085 sed
338 3047 541 3086 contra
560 3034 721 3088 codd.
740 3034 819 3086 nil
839 3034 1267 3088 mutandum.-.-

230 3114 335 3165 Alii
362 3132 477 3185 pro
518 3117 749 3185 impositis
782 3115 1049 3185 legionibus
1084 3115 1272 3185 leg-unt

232 3198 475 3264 impositae
488 3194 717 3263 legiones.
732 3194 857 3247 Non
868 3194 1009 3249 male
1020 3235 1035 3262 ,
1048 3195 1093 3248 si
1106 3212 1271 3268 pune}

230 3285 345 3327 tum
374 3286 619 3345 ponatur
647 3286 769 3346 post
788 3274 945 3329 solide.

312 3374 369 3407 α.
420 3355 786 3407 Cerauniorum.
820 3354 907 3407 sic
952 3355 1231 3407 Victorius
1254 3393 1271 3422 ,

230 3452 341 3487 var.
358 3435 495 3487 lect.
512 3436 625 3487 x‘m
640 3472 657 3500 ,
682 3454 728 3487 e.
756 3453 779 3487 1
799 3473 814 3501 ‚
828 3454 931 3505 pro
954 3433 1267 3495 Graecorum,

237 3512 641 3576 Germaniarum,
670 3514 1049 3574 Get-minimum,
1074 3532 1193 3585 quae
1213 3515 1272 3566 in

233 3594 495 3647 omnihus
524 3592 685 3647 codd.
718 3606 915 3647 extant.
957 3594 1179 3647 Constat
1208 3613 1273 3647 ex

232 3676 472 3747 Appiani.
510 3692 557 3725 11
576 3712 591 3742 ,
614 3676 757 3745 7673
790 3675 964 3727 Dione
990 3674 1135 3729 Cass.
1156 3692 1276 3743 xm,

238 3760 311 3817 44
330 3765 423 3819 ;et
446 3754 579 3806 Luc.
598 3772 649 3807 v,
673 3754 806 3823 457,
830 3754 921 3825 qui
957 3754 1275 3806 nominatim

238 3832 541 3886 Ceraunios
583 3845 793 3886 montes
826 3845 1023 3887 vocant
1044 3870 1061 3900 ,
1108 3834 1277 3887 Caesa-

232 3930 355 3965 rem
386 3912 657 3984 appulisse
686 3912 754 3966 ad
780 3930 930 3967 oram
950 3914 1133 3985 Epiri,
1158 3930 1277 3984 qun

232 4004 393 4063 patet
418 3993 481 4047 in
517 3991 915 4063 longitudinem
958 3994 1025 4046 ab
1057 3994 1277 4065 Apollo-

1346 1449 1399 1490 et
1411 1438 1876 1506 Acroceraunium,
1887 1438 1945 1490 in
1966 1438 2205 1493 Chaonia
2219 1439 2372 1510 Epiri

1343 1529 1512 1588 parte.
1539 1517 1712 1570 Porro
1741 1517 1994 1572 Germanii
2005 1557 2020 1579 ,
2049 1537 2143 1572 seu
2178 1519 2374 1572 Germi-

1346 1599 1442 1657 nii,
1471 1615 1572 1650 nec
1602 1597 1681 1649 ibi
1701 1637 1716 1664 ,
1745 1615 1844 1650 nec
1889 1599 2014 1650 alibi
2055 1598 2172 1652 noti
2203 1611 2327 1652 sunt
2356 1617 2371 1650 t

1344 1675 1491 1729 unde
1518 1675 1821 1730 emendatio
1847 1680 1988 1748 justa
2009 1692 2088 1732 est
2108 1719 2123 1745 ‚
2141 1697 2242 1732 nec
2273 1678 2376 1730 mi-

1344 1757 1491 1810 nime
1518 1756 1846 1810 sollicitanda
1865 1776 1882 1823 ς
1905 1757 1998 1814 sed
2015 1760 2175 1812 variis
2198 1757 2376 1811 modis

1344 1837 1654 1908 inter-pungi
1685 1850 1860 1908 potest
1887 1838 2062 1904 locus;
2094 1858 2164 1891 sc.
2201 1849 2376 1890 terram

1346 1911 1518 1985 a'ttigit
1531 1937 1551 1968 .·
1583 1917 1928 1970 Cerauniorum
1962 1938 2086 1970 saa-a
2113 1922 2259 1980 inter,
2283 1930 2373 1971 ete.

1346 1997 1461 2062 vel,
1482 2009 1659 2048 ten-am
1675 2000 1848 2067 attigit
1865 1998 2233 2060 Cerauniorum,
2253 2019 2377 2050 saxa

1349 2081 1486 2138 inter,
1501 2089 1590 2130 etc.
1607 2076 1846 2129 Primam
1870 2078 2379 2149 interpunctionem,

1347 2175 1467 2227 quae
1506 2170 1587 2209 est
1633 2157 1948 2222 Davisiana‚
1979 2158 2145 2211 secuti
2177 2177 2377 2211 sumus.

1349 2237 1427 2287 Et
1442 2238 1547 2288 alia
1572 2236 1678 2287 loca
1696 2239 1991 2307 periculosa,
2019 2239 2166 2292 velut
2191 2257 2221 2291 e
2247 2239 2382 2309 glos-

1350 2329 1547 2369 semate
1587 2329 1710 2368 nata
1728 2354 1743 2384 ,
1773 2317 1909 2370 male
1949 2320 2284 2389 expungebat
2325 2319 2359 2372 J
2364 2359 2377 2371 .

1354 2396 1818 2466 Rutgersius,var.
1851 2398 1972 2450 lect.
2005 2397 2099 2449 lib.
2132 2417 2187 2449 rv
2209 2417 2288 2464 ,c.
2327 2399 2378 2450 5.

1348 2507 1431 2519 ·—-·
1450 2477 1556 2546 Qui
1577 2476 1850 2547 appellatur
1877 2477 2159 2531 Pharsalia.
2184 2479 2264 2529 Ex
2291 2495 2382 2530 co-

1351 2554 1562 2611 dicibus
1583 2554 2058 2628 Oudendorpianis
2093 2570 2146 2609 et
2186 2559 2382 2610 nostris

1350 2637 1560 2689 restitui
1597 2636 1704 2689 hoc
1739 2656 1955 2689 nomen.
1988 2638 2236 2710 Attamen
2257 2676 2273 2704 ,
2304 2638 2381 2689 fa-

1351 2730 1467 2769 teor
1512 2718 1732 2769 Lucano
1775 2714 1938 2768 fidem
1985 2735 2227 2787 magnam
2273 2735 2386 2769 esse

1352 2795 1682 2861 habendam,
1714 2796 1808 2867 qui
1839 2795 2035 2849 diserte
2062 2797 2160 2863 ait,
2188 2796 2284 2849 lib.
2317 2816 2384 2864 v,

1352 2896 1405 2929 v.
1438 2882 1552 2940 460
1570 2916 1587 2941 ,
1611 2875 1680 2929 de
1707 2878 1868 2929 classe
1895 2876 2116 2929 Caesaris
2141 2894 2154 2928 :

1404 2955 1534 3007 10:11⁸·
1553 2954 1782 2995 Palestinae
1795 2956 1910 2995 uncis
1930 2956 2090 2995 confixit
2109 2968 2262 2993 arenas.

1356 3028 1635 3107 (Legebat
1687 3037 1846 3107 Hugo
1883 3037 2106 3089 Grotius
2147 3036 2389 3108 Apames-

1358 3113 1558 3179 tinas).·
1575 3114 1667 3168 sed
1693 3115 1826 3187 quid
1840 3116 1908 3169 sit
1931 3117 2029 3169 ista
2057 3118 2184 3169 urbs
2213 3118 2390 3188 appel-

1356 3196 1460 3248 lata
1519 3196 1733 3248 Palaeste
1750 3234 1766 3257 ‚
1826 3197 2006 3248 nullus
2059 3197 2238 3262 norit;
2289 3216 2388 3249 nec

1358 3276 1526 3346 magis
1534 3275 1824 3347 geographi
1833 3276 2390 3347 memineruntportus

1359 3372 1519 3425 quem
1545 3354 1736 3409 dicunt
1761 3357 2072 3407 Pharsaliam
2087 3392 2102 3417 ,
2127 3356 2214 3408 vel
2231 3357 2393 3407 Phar-

1359 3434 1543 3496 salum,
1573 3447 1634 3488 ut
1670 3436 1830 3488 habet
1867 3432 2054 3487 Aldus.
2086 3436 2180 3487 Est
2211 3448 2388 3487 tamen

1360 3514 1491 3569 urbs
1523 3515 1799 3569 nominata
1830 3516 2057 3567 Pha-nice
2087 3532 2259 3586 quam·
2279 3534 2392 3567 me-

1360 3596 1576 3646 morant
1602 3591 1861 3666 Polybius
1883 3634 1898 3661 ‚
1930 3607 1983 3647 et
2010 3595 2150 3659 Liv„
2172 3596 2206 3647 l.
2233 3613 2358 3647 xxix
2377 3635 2391 3661 ‚

1363 3692 1479 3744 cap.
1512 3692 1575 3725 12
1611 3692 1624 3726 ε
1649 3673 1794 3726 unde
1821 3674 2116 3744 conjiciunt
2143 3675 2394 3727 nonnulli

1362 3756 1642 3806 Lucanum
1671 3754 1810 3806 hanc
1841 3772 1991 3807 oram
2020 3767 2246 3826 propter
2277 3772 2400 3805 eam-

1364 3834 1557 3885 urbem
1587 3830 1802 3886 vocasse
1815 3870 1831 3897 ,
1861 3833 2072 3905 poetico
2103 3852 2254 3888 more
2268 3873 2283 3901 ,
2297 3852 2394 3903 pa-

1367 3914 1582 3967 loestinas
1609 3930 1780 3963 arenas
1791 3934 1812 3975 ,·
1842 3911 1989 3983 quod
2019 3932 2130 3965 non
2163 3912 2394 3985 impedi·

1365 4006 1449 4045 ret
1462 4031 1478 4058 ,
1504 3993 1637 4063 quin
1675 3992 1906 4045 extiterit
1951 3993 2080 4051 urbs
2125 3992 2227 4046 alia
2251 3992 2395 4047 dicta

234 4073 361 4140 nia,
387 4086 557 4143 unque
588 4072 656 4126 ad
687 4074 1015 4127 Buthrotum
1032 4114 1049 4141 ,
1074 4085 1129 4125 et
1158 4090 1282 4143 quo
1368 4074 1630 4125 Pharsalia
1657 4072 1714 4125 in
1740 4071 1824 4125 his
1841 4071 2200 4137 oris,diversa
2219 4086 2407 4127 tamen.

236 4153 424 4207 omnis
455 4166 535 4207 est
562 4156 713 4223 juxta
742 4154 1037 4209 Ceraunios
1068 4166 1279 4208 montes

1367 4172 1397 4208 ,a
1430 4153 1713 4209 Pharsaliis
1744 4154 1802 4211 in
1832 4153 2103 4207 Thessalia
2121 4194 2136 4223 ,
2165 4154 2259 4207 ubi
2291 4154 2400 4208 vie·-

1896 4277 1912 4319 1
1939 4250 1982 4321 3
2000 4238 2024 4278 ³
