3025 5025
978 474 1569 551 AchANo.
1659 560 1666 567 ,
2200 464 2347 549 5ι3

197 614 413 685 venit.
456 585 615 701 Quo
646 637 853 706 quum
896 612 1038 680 sine
1078 636 1269 681 mora
1307 613 1676 696 introisset,
1699 610 1905 679 armis
1929 662 1949 697 ,
1987 608 2357 699 frumentO,

198 722 625 817 pecuniaque
680 718 1131 807 considerata,
1170 722 1259 807 Q.
1310 719 1581 813 Ligario
1601 714 1648 805 ²,
1697 720 1776 787 C.
1825 716 2142 787 Considio
2185 717 2363 807 filio,

202 830 326 923 qui
363 840 505 894 tum
554 825 646 893 ibi
690 825 988 911 fuerant,
1029 828 1235 895 vitam
1278 826 1625 895 concessit.
1672 822 1934 893 Deinde
1975 822 2212 892 eodem
2256 824 2362 892 die

200 934 583 1005 Adrumeto
626 956 963 1027 egi-essm,
1004 934 1307 1001 Livineio
1342 930 1604 1027 Regulo
1647 931 1738 999 ibi
1776 948 1930 1001 cum
1966 928 2226 1023 legione
2260 955 2362 998 re·-

202 1041 410 1127 licto,
453 1040 721 1107 Uticam
770 1041 867 1107 ire
910 1038 1271 1109 contendit.
1319 1040 1451 1107 Cui
1484 1040 1560 1105 in
1603 1039 1838 1107 itinere
1881 1036 1956 1105 fit
2001 1032 2238 1105 obviu's
2282 1028 2376 1105 L.'

208 1150 485 1233 Caesar,
538 1158 606 1212 et
652 1146 871 1215 subito
924 1171 994 1215 se
1039 1144 1123 1214 ad
1166 1170 1385 1241 genua
1436 1145 1722 1240 projecit
1746 1197 1766 1232 ‚
1823 1146 2162 1236 vitamque
2205 1142 2368 1229 sibi,

212 1277 345 1321 nec
379 1249 663 1345 amplius
702 1252 1063 1346 quidquam
1092 1306 1113 1339 ‚
1160 1252 1558 1347 deprecatur
1597 1276 1612 1319 ι
1658 1253 1766 1319 cui
1809 1253 2035 1320 Caesar
2071 1248 2262 1318 facile
2303 1264 2371 1317 et

212 1384 346 1454 pro
368 1383 492 1427 sua
524 1373 797 1443 natura,
828 1372 897 1427 et
925 1384 1051 1455 pro
1080 1360 1418 1445 instituto,
1456 1359 1817 1427 concessit:
1852 1357 2026 1425 idem
2061 1356 2372 1443 Coecinae‚

217 1468 298 1535 C.
347 1465 575 1551 Ateio,
608 1468 679 1535 P.
726 1467 951 1550 Atrio,
977 1468 1054 1534 L.
1096 1464 1297 1534 Cellae
1332 1466 1507 1560 patri
1543 1479 1612 1532 et
1643 1463 1816 1551 filio,
1853 1465 1947 1531 M.
1983 1464 2238 1556 Eppio‚
2273 1464 2370 1530 M.

217 1571 509 1665 Aquinio
531 1623 550 1655 ,
584 1573 860 1641 Catonis
905 1570 1079 1657 filio,
1113 1572 1637 1665 Damasippique
1674 1566 1898 1639 liberis
1941 1562 2023 1637 ex
2063 1594 2181 1637 sua
2217 1594 2378 1637 con-

218 1677 575 1748 suetudine
595 1678 862 1767 tribuit3
884 1679 1275 1772 circiterque
1302 1667 1667 1769 [noctem]
1694 1676 2052 1745 luminibus
2080 1676 2377 1745 accensis

228 1785 500 1855 Uticam
534 1785 878 1878 pervenit,
915 1800 1115 1878 atque
1156 1798 1345 1852 extra
1391 1783 1716 1878 oppidum
1753 1806 1833 1851 ea
1875 1796 2074 1852 nocte
2112 1784 2376 1851 mansit.

330 1892 479 1959 XC.
536 1893 813 1960 Postero
849 1891 957 1960 die
993 1916 1187 1959 mane
1214 1892 1283 1959 in
1307 1889 1632 1985 oppidum
1670 1888 1996 1974 introiit¹3
2029 1872 2432 1974 concione·'‚

229 2022 358 2093 que
404 1995 761 2083 advocata,
803 2000 1155 2067 Uticenses
1197 1996 1447 2067 incolas
1488 1995 1878 2067 cohortatus
1906 2051 1924 2084 ‚
1969 1997 2213 2092 gratias
2257 2021 2382 2090 pro
2443 2072 2452 2078 ,

228 2128 464 2173 eorum
502 2127 661 2198 erga
704 2128 774 2172 se
818 2104 1036 2173 studio
1088 2106 1255 2199 agit3
1310 2105 1491 2173 cives
1534 2118 1756 2172 autem
1802 2127 2114 2173 romanos
2169 2127 2384 2197 nego-

230 2212 532 2297 tiatoreS‚
566 2223 634 2279 et
654 2234 804 2297 θος,
834 2212 946 2303 qui
983 2212 1156 2281 inter
1178 2214 1359 2280 CCC
1394 2212 1712 2305 pecunias
1747 2209 2170 2279 contulerant
2199 2212 2385 2278 Varo

230 2332 297 2385 et
335 2317 633 2409 Scipioni
663 2369 682 2403 ‚
718 2316 940 2385 multis
974 2316 1197 2385 verbis
1238 2330 1586 2385 accusatos
1613 2369 1633 2402 ‚
1671 2331 1740 2384 et
1774 2316 1856 2385 de
1893 2340 2128 2385 eorum
2173 2313 2384 2383 scele-

233 2422 419 2507 ribus
457 2421 757 2516 longiore
796 2422 1025 2491 habita
1050 2424 1308 2492 ratione
1328 2477 1347 2509 ‚
1373 2422 1459 2491 ad
1486 2437 1858 2506 extremum
1878 2476 1897 2512 ‚
1926 2437 2003 2491 ut
2028 2424 2170 2491 sinc
2197 2436 2386 2491 metu

234 2529 615 2625 prodirent,
645 2529 881 2599 edicit:
937 2560 973 2595 <c
1017 2555 1088 2600 se
1122 2532 1215 2599 eis
1259 2529 1603 2598 duntaxat
1625 2532 1832 2598 vitam
1871 2551 2387 2615 concessurum3

235 2637 416 2706 bona
450 2635 732 2728 quidem'
753 2661 986 2706 eorum
1022 2662 1095 2707 se
1128 2637 1594 2725 venditurum,
1634 2639 1730 2707 ita
1769 2651 2027 2721 tamen,
2067 2632 2220 2731 qui²
2266 2660 2386 2706 eo-

324 2866 377 2900 a.
398 2845 467 2916 Q.
489 2847 710 2916 Ligario.
736 2847 844 2901 Pro
865 2866 975 2920 quo
996 2848 1271 2903 Ciceronis
1360 2852 1526 2922 quitur
1545 2858 1722 2920 tempus
1734 2885 1748 2906 ,
1769 2848 1903 2920 quod
1913 2848 2113 2900 dicimus
2135 2845 2389 2898 luminibus

242 2925 420 2980 oratio
446 2938 631 2980 exstat.
667 2928 833 2981 Cum..
862 2928 989 2982 Mox
1015 2929 1105 2982 alii
1134 2930 1273 2982 male
1358 2933 1570 2980 accensis
1575 2950 1597 2992 ‚·
1615 2932 1803 3001 antiqui
1824 2932 1986 2998 prima
2003 2929 2124 2996 sace
2143 2925 2386 2979 dicebant.

241 3003 485 3060 Considii.
500 3006 644 3058 Tum
661 3009 869 3074 suet-ant
891 3010 1069 3062 Davis.
1094 3028 1123 3062 e
1147 3007 1270 3063 cod.
1356 3009 1487 3062 Haec
1517 3009 1589 3062 ita
1621 3010 1732 3061 fere
1757 3008 2064 3062 Oberlinus.

238 3085 463 3139 Norvic.
482 3087 839 3140 Consentiunt
856 3089 963 3141 alii.
974 3089 1155 3160 Vulgo
1160 3091 1275 3156 fue-

239 3176 343 3218 rat.
366 3196 447 3208 --
468 3165 605 3218 Idem
638 3166 848 3220 Caecinoe
868 3187 888 3221 .·
916 3180 970 3222 et
991 3188 1101 3222 non
1122 3173 1231 3220 item
1250 3190 1273 3231 ,-

240 3263 370 3299 nam
397 3246 638 3316 sequitur
660 3247 841 3299 tribuit.
858 3279 943 3290 --
958 3249 1127 3316 Ateio.
1149 3249 1277 3301 For-

242 3343 343 3379 san
362 3343 393 3376 e
405 3337 561 3395 gente
572 3326 747 3379 Atteia
758 3328 1115 3398 plebeia.Vid.
1136 3330 1191 3380 V
1187 3329 1277 3381 ail-

246 3407 381 3466 lant,
399 3416 437 3457 t.
454 3423 497 3471 1,
511 3425 564 3476 p.
578 3405 697 3459 156.
714 3407 843 3460 Mox
857 3421 1038 3460 noctem
1050 3421 1171 3481 post
1184 3414 1276 3460 cir-

243 3489 457 3555 citer-que
486 3503 517 3536 a
545 3486 793 3556 plurimis
822 3488 974 3542 libris
1000 3490 1161 3543 abest.
1194 3489 1273 3543 M.

243 3561 510 3618 Additum
537 3565 604 3618 ab
638 3565 730 3631 iis,
757 3568 852 3638 qui
886 3586 997 3621 non
1035 3568 1275 3624 attende·

242 3655 374 3698 rant
426 3649 614 3696 circiter
672 3647 834 3700 etiam
905 3647 1278 3702 adverbialiter

244 3723 385 3797 poni
403 3742 575 3795 posse.
590 3724 695 3778 Sed
713 3727 789 3780 sic
814 3728 923 3798 jam
938 3729 1111 3782 Casar
1126 3729 1187 3782 B.
1206 3727 1273 3782 G.

248 3821 322 3870 11,
338 3803 370 3856 3
383 3803 569 3858 2.Vid.
586 3804 795 3860 Sallust.
814 3809 953 3873 Cat„
972 3809 1002 3861 5
1010 3812 1043 3862 6
1057 3826 1073 3873 ς
1085 3810 1275 3875 Vana,

246 3885 319 3938 R.
336 3885 405 3936 R.
418 3901 511 3950 111,
537 3902 559 3936 1
570 3905 625 3949 o,
640 3886 733 3938 ubi
748 3889 939 3942 circiter·
952 3888 1136 3940 duobus
1154 3908 1281 3940 men-

246 3963 399 4017 sibus.
445 3965 632 4018 Delevi
669 3985 797 4037 ergo
822 3980 1030 4031 noctem,
1074 3981 1280 4022 secutus

244 4040 412 4100 codd.
433 4061 558 4096 cum
572 4045 924 4120 Oudendorp.
938 4049 1019 4102 De
1044 4061 1283 4119 tempore

248 4123 581 4178 Censorinus
598 4126 673 4180 ita
698 4146 814 4201 cap.
844 4135 949 4195 24:
975 4131 1102 4182 Post
1128 4129 1185 4182 id
1207 4150 1283 4182 se·

359 4233 455 4301 II.

1440 3089 1570 3142 Cn.
1599 3090 1716 3143 XC.
1749 3107 1798 3140 1.
1832 3090 1894 3141 Iu
1920 3088 2144 3160 oppidum
2176 3089 2379 3140 introiit.

1360 3168 1445 3222 Sic
1454 3167 1612 3222 codd.
1625 3200 1706 3212 --
1723 3166 2124 3222 Trecentos.Vid.
2137 3184 2182 3221 c.
2199 3171 2292 3222 88.
2304 3165 2381 3219 M.

1446 3268 1496 3302 2.
1519 3249 1602 3302 Ita
1634 3261 1810 3309 tamen,
1843 3252 1943 3321 qui.
1967 3249 2174 3319 Vulgo,
2201 3252 2274 3298 ita
2306 3259 2385 3298 ta-

1361 3348 1492 3391 men,
1533 3340 1616 3391 ut,
1655 3333 1814 3401 quim.
1848 3326 1953 3380 Sed
1983 3340 2040 3380 ut
2079 3327 2386 3381 auctoribus

1361 3407 1520 3462 codd.
1552 3407 1872 3480 quibusdam
1893 3409 2048 3461 bonis
2073 3421 2127 3460 et
2150 3405 2272 3460 edd.
2295 3425 2386 3458 an·

1362 3489 1685 3561 tiquiorihus
1714 3487 1925 3542 sustulit
1959 3486 2210 3540 Oudend.
2237 3503 2254 3551 ς
2285 3504 2386 3539 nec

1362 3568 1595 3622 admittit
1617 3569 1868 3642 syntaxis.
1896 3568 2172 3639 Legerim:
2203 3568 2283 3620 Ita
2315 3578 2389 3618 ta·

1364 3669 1497 3711 meu,
1533 3654 1578 3701 si
1605 3653 1787 3720 quin...
1813 3649 1889 3700 M.
1917 3650 2107 3719 Inepta
2136 3648 2274 3700 foret
2303 3665 2389 3698 re-

1360 3730 1553 3800 petitio
1583 3729 1856 3799 particulae
1893 3739 1972 3790 ια,
2020 3746 2138 3798 quae
2177 3727 2234 3779 in
2280 3725 2388 3778 fine

1364 3807 1576 3880 periodi
1617 3810 1874 3872 recurrit,
1912 3807 2006 3859 ubi
2050 3808 2186 3859 male
2228 3807 2387 3877 vulgo

1365 3889 1560 3958 legitur
1567 3900 1777 3959 possent.
1791 3887 1893 3940 On.
1905 3919 1966 3929 --
1977 3887 2121 3940 Bona
2134 3907 2238 3940 sua.
2251 3887 2392 3958 Lege

1366 3968 1493 4020 bona
1525 3972 1623 4039 ipse
1649 3989 1762 4027 sua,
1798 3968 1921 4039 quia
1945 3966 2154 4020 codices
2181 3968 2312 4019 boni
2341 3978 2396 4020 et

1368 4046 1492 4102 edd.
1543 4060 1672 4100 vett.
1713 4049 1912 4101 habent
1929 4084 1946 4112 ,
1979 4048 2106 4100 bona
2140 4051 2246 4118 ipsa
2285 4065 2390 4100 sua.

1370 4130 1702 4182 Monuerunt
1715 4128 1962 4182 Clarkius
1975 4140 2030 4180 et
2051 4125 2300 4182 Oudeud.
2316 4128 2394 4180 M.

1928 4233 2023 4306 33
