3025 5025
581 435 720 504 DE
775 435 1124 502 BELLO
1178 435 1546 504 CIVILI.
1606 437 1795 506 LIB.
1864 439 2012 506 III.
2246 437 2395 510 255

271 566 544 652 tolerari,
589 565 844 660 reliqua
887 589 1050 635 vero
1093 567 1390 660 jumenta
1427 569 1787 656 interiisse3
1827 572 1924 637 uti
1960 586 2183 660 autem
2219 573 2399 667 ipsos

268 672 625 743 valetudine
669 699 809 742 non
844 672 1022 742 bona
1042 727 1062 761 ,
1095 698 1306 766 quum
1341 675 1663 767 angustiis
1694 673 1823 744 loci
1844 729 1863 763 ,
1890 690 1960 744 et
1987 677 2193 747 odore
2220 693 2397 747 tetro

270 806 341 848 ex
379 779 798 850 multitudine
841 779 1242 848 cadaverum
1265 834 1284 868 ,
1329 794 1395 849 et
1438 781 1838 874 quotidianis
1878 780 2250 872 laboribus,
2288 787 2398 854 in-

270 902 474 956 suetos
495 912 775 982 operum
799 939 817 975 ,
846 900 991 956 tum
1033 911 1222 981 aquae
1269 911 1529 958 summa
1558 889 1781 982 inopia
1818 888 2131 958 affectos:
2176 893 2400 960 omnia

267 995 431 1062 enim
453 994 727 1064 flumina
743 1047 763 1082 ,
788 1007 987 1086 atque
1011 1018 1242 1062 omnes
1261 995 1440 1062 rivos
1456 1045 1474 1080 ,
1494 996 1609 1088 qui
1632 993 1717 1062 ad
1737 1019 1919 1064 mare
1944 997 2401 1090 pertinebant,

269 1103 474 1170 Caesar
516 1115 632 1170 aut
675 1114 1050 1188 averterat,
1091 1113 1209 1168 aut
1261 1101 1520 1194 magnis
1564 1100 1877 1196 operibus
1921 1102 2399 1172 obstruxerat².

269 1209 469 1300 Atque
501 1222 577 1277 ut
605 1222 796 1276 erant
832 1205 980 1276 loca
1016 1220 1370 1276 montuosa
1389 1259 1410 1294 ,
1440 1221 1506 1276 et
1542 1207 1626 1276 ad
1658 1233 1895 1302 specus
1920 1210 2240 1304 angustiae
2268 1208 2405 1276 val-

268 1311 415 1380 lium
427 1299 476 1399 ³,
517 1314 639 1382 has
685 1311 953 1382 sublicis
1000 1315 1071 1381 in
1111 1327 1358 1382 terram
1403 1313 1701 1384 demissis
1744 1330 2178 1410 praesepserat
2200 1369 2220 1404 ,
2264 1329 2397 1384 ter-

267 1443 525 1516 ramque
561 1433 980 1515 aggesserat,
1018 1434 1094 1488 ut
1130 1443 1371 1513 aquam
1410 1421 1847 1489 continerent.
1879 1425 2115 1514 Itaque
2154 1420 2247 1514 illi
2283 1447 2401 1489 ne-

269 1528 536 1595 cessario
559 1523 709 1595 loca
748 1527 932 1620 sequi
961 1525 1242 1594 demissa
1282 1551 1359 1593 ac
1383 1524 1703 1620 palustria
1723 1581 1742 1615 ,
1770 1541 1838 1595 et
1868 1542 2104 1621 puteos
2142 1527 2403 1617 fodere,

268 1633 701 1727 cogebantur3
727 1648 928 1726 atque
950 1631 1132 1702 hunc
1164 1629 1462 1702 laborem
1501 1632 1584 1701 ad
1627 1633 2012 1727 quotidiana
2052 1657 2259 1729 opera
2288 1633 2403 1702 ad·

265 1739 528 1810 debant:
565 1741 681 1835 qui
725 1754 949 1808 tamen
989 1738 1204 1808 fontes
1242 1763 1283 1806 a
1321 1738 1717 1832 quibusdam
1762 1740 2081 1835 praesidiis
2123 1742 2406 1809 aberant

265 1843 509 1941 longius
532 1901 553 1932 ,
611 1860 680 1914 et
739 1845 1041 1914 celeriter
1092 1845 1357 1914 aestibus
1427 1847 1922 1915 exarescebant.
1980 1848 2069 1915 At
2124 1848 2405 1916 Caesaris

263 1955 578 2022 exercitus
621 1954 874 2047 optima
912 1950 1292 2022 valetudine
1336 1976 1727 2047 summaque
1768 1978 1957 2046 aquae
2014 1955 2209 2048 copia
2251 1968 2405 2022 ute-

264 2059 483 2142 batur3
532 2073 677 2128 tum
715 2073 1125 2128 commeatus
1169 2060 1352 2126 omni
1409 2084 1653 2152 genere
1700 2074 1945 2154 praeter
1994 2059 2408 2128 frumentum

261 2165 634 2235 abundabat
655 2191 675 2254 ;
702 2166 942 2260 quibus
974 2165 1268 2259 quotidie
1290 2165 1524 2234 melius
1549 2166 1904 2234 succedere
1931 2179 2194 2261 tempus
2207 2153 2255 2254 ⁴,
2279 2190 2409 2234 ma-

254 2270 592 2366 joremque
625 2297 813 2368 spem
838 2273 1222 2342 maturitate
1239 2271 1731 2340 frumentorum
1753 2275 2043 2367 proponi
2070 2272 2408 2340 videbant.

263 2481 331 2490 --
345 2459 516 2531 Equos
533 2461 628 2511 vix
651 2457 864 2511 tolerari.
889 2458 956 2511 In
982 2475 1172 2529 magna
1191 2475 1284 2529 pe-

261 2538 405 2591 nuria
427 2558 518 2591 eos
539 2552 833 2609 utcumque
859 2550 1168 2593 sustentare.
1199 2541 1284 2591 Ita

1369 2457 1512 2508 mole
1541 2455 1743 2528 quavis.
1766 2457 1839 2508 At
1853 2493 1869 2523 ,
1890 2455 1995 2508 hoc
2015 2455 2163 2521 loce,
2181 2456 2409 2508 verbum

1369 2538 1706 2599 obstruxerat,
1740 2555 1851 2589 non
1883 2536 2021 2606 regit
2034 2537 2276 2605 flumina,
2313 2535 2407 2589 sed

261 2617 542 2673 Oberlinus
571 2619 633 2671 in
657 2616 852 2673 indice.
867 2642 944 2651 -
957 2618 1130 2671 ,Odore
1163 2630 1284 2671 tecm

259 2718 314 2748 ex
340 2698 645 2751 multitudine
669 2699 972 2753 cadaverum,
1009 2700 1092 2761 Ita
1115 2697 1284 2751 codex

261 2791 432 2831 noster
455 2778 652 2849 Regius
681 2778 853 2847 5768.
881 2780 946 2831 In
984 2778 1152 2833 altero
1189 2796 1284 2831 au·

260 2869 360 2911 tem
386 2860 540 2929 5764
557 2898 572 2925 ,
597 2857 696 2911 ista
717 2870 970 2929 corrupte
993 2856 1286 2927 admodum

259 2936 500 3008 leguntur
517 2959 538 2991 :
563 2940 638 2991 uti
667 2950 826 2991 autem
853 2941 982 3008 ipsos
1006 2938 1287 2991 valetudine

259 3018 533 3071 cadaverum
549 3057 562 3079 ,
609 3029 662 3068 et
705 3018 998 3090 quotidianis
1045 3019 1287 3071 laboribus

261 3100 459 3171 insuetos
497 3117 707 3170 operum.
743 3099 972 3169 Vulgata
1010 3098 1174 3152 habet
1191 3136 1208 3163 ,
1239 3110 1289 3149 ee

261 3172 558 3238 multitudine
587 3179 872 3233 cadaverum
903 3198 924 3231 .·
953 3179 1126 3245 male;
1161 3196 1287 3231 nam

259 3256 391 3311 odor
416 3272 554 3313 teter
581 3258 746 3329 magis
771 3259 1023 3330 provenit
1047 3280 1109 3313 ex
1131 3259 1290 3311 multi-

261 3339 418 3391 tudine
448 3339 764 3400 cadaverum,
797 3358 956 3410 quam
983 3358 1048 3392 ex
1079 3339 1182 3392 alia
1209 3356 1285 3391 re·-

266 3417 402 3469 Odor
446 3440 510 3471 ex
557 3418 862 3473 multitudino
911 3416 1057 3473 idem
1101 3432 1182 3472 est
1229 3437 1289 3473 ac

257 3497 374 3549 odor
423 3498 746 3551 multitudinis
766 3538 785 3561 ,
839 3512 900 3552 ut
940 3498 1116 3570 ,paulo
1165 3510 1288 3553 ante

259 3584 471 3631 cot-tiam
513 3599 578 3631 ex
621 3578 872 3633 arboribus
917 3596 1020 3649 pro
1063 3578 1288 3631 arborum

259 3664 474 3711 corticem
485 3658 685 3729 posuit.
695 3690 758 3701 ·-
769 3658 1011 3725 Affiotos.
1027 3660 1108 3711 Ita
1127 3657 1287 3711 codd.

261 3754 454 3791 omnes.
494 3738 568 3791 At
595 3756 694 3793 ms.
725 3738 870 3793 Ciac.
897 3752 954 3793 et
991 3736 1146 3793 haid.
1185 3757 1287 3791 sec.

259 3817 484 3885 afficeret.
510 3818 694 3875 Minus
717 3820 870 3874 bene.

339 3917 390 3951 2.
420 3900 532 3951 Aut
562 3902 752 3968 maguis
791 3898 1010 3969 operibus
1041 3898 1290 3951 ahmam-

259 3989 350 4029 rat.
385 3978 530 4034 Fieri
569 3980 758 4049 nequit
773 4017 787 4040 ,
817 3980 971 4033 aiunt
1009 3977 1260 4033 nonnulli
1274 4016 1291 4043 ,

261 4068 318 4107 ut
336 4055 556 4111 flumina
573 4059 924 4113 obstruantur
935 4096 952 4125 ,
972 4071 1132 4130 atque
1145 4076 1295 4129 aquo

259 4134 315 4187 in
345 4152 502 4191 cursu
519 4156 618 4195 suo
635 4139 1018 4209 sistantur,vel
1043 4152 1184 4203 arte,
1206 4138 1294 4193 vel

1368 2621 1512 2669 n'vos.
1535 2616 1711 2671 Caeoar
1742 2616 1843 2669 ait:
1862 2628 1953 2666 aut
1978 2627 2223 2671 averterat
2231 2618 2408 2687 flumi-

1368 2716 1462 2757 na,
1501 2709 1593 2747 aut
1627 2700 1752 2749 rivos
1792 2695 2113 2748 obstruxerat.
2161 2693 2409 2760 Quodam

1371 2776 1537 2829 modo
1564 2776 1707 2841 fonS,
1728 2776 1812 2829 vel
1830 2776 1978 2827 rivus
2000 2775 2185 2827 obstr-ui
2204 2787 2381 2846 potest
2395 2814 2411 2843 ,

1372 2854 1522 2928 quod
1566 2854 1759 2909 eodem
1806 2854 1949 2908 redit
1966 2892 1983 2919 ,
2024 2874 2133 2926 quo
2185 2855 2413 2908 verbum

1371 2941 1528 2991 averti
1537 2958 1559 2999 ,·
1586 2954 1715 2989 nam
1728 2973 1745 3001 ,
1774 2936 1923 2988 fonte
1962 2936 2047 2988 vel
2088 2936 2270 2987 rivulo
2312 2936 2411 2987 ob-

1373 3030 1607 3082 structo,
1621 3016 1795 3069 tenuis
1814 3034 1963 3086 aquae
1974 3033 2115 3068 vena
2128 3014 2313 3069 refluit
2324 3055 2340 3084 ,
2358 3028 2413 3069 et

1374 3098 1531 3151 aliam
1548 3137 1563 3165 ,
1598 3114 1698 3167 per
1742 3096 2004 3149 foramina
2046 3108 2101 3148 et
2125 3114 2288 3148 venas
2318 3115 2413 3148 ru-

1372 3178 1526 3249 pium
1536 3214 1553 3241 ,
1568 3189 1724 3229 nacta
1739 3176 1911 3241 viam,
1922 3174 2049 3228 inde
2070 3175 2129 3227 in
2146 3174 2413 3229 diversam

1373 3270 1583 3329 partem
1622 3256 1877 3325 elabitur,
1901 3256 1989 3311 vel
2016 3256 2085 3309 ab
2114 3256 2229 3328 ipsa
2272 3268 2413 3309 terra

1373 3336 1711 3391 exhauritur.

1459 3420 1510 3471 3.
1541 3419 1620 3471 Et
1638 3417 1711 3469 ad
1730 3436 1897 3489 specus
1922 3420 2165 3485 negantia,-
2188 3415 2411 3467 vallium.

1373 3497 1442 3551 Id
1465 3511 1577 3566 est,
1603 3498 1856 3569 angustiae
1886 3496 2137 3562 vallium,
2166 3512 2283 3565 quae
2315 3512 2415 3565 po-

1375 3590 1551 3633 terant
1586 3596 1699 3631 esse
1736 3578 1857 3630 loco
1900 3593 2155 3646 specuum
2172 3611 2189 3639 ,
2218 3574 2419 3627 habere

1376 3678 1535 3711 usum
1562 3670 1615 3710 et
1644 3657 1757 3711 vim
1786 3674 2061 3728 specuum.
2098 3654 2297 3725 Specus
2328 3672 2421 3707 au-

1377 3752 1488 3792 tem
1520 3750 1675 3791 erant
1700 3750 1907 3790 meatus
1936 3732 2298 3797 subterranei,
2330 3752 2419 3785 ca-

1375 3819 1551 3882 mles,
1569 3836 1667 3889 per
1680 3836 1841 3888 quos,
1862 3828 1955 3869 aut
1972 3827 2162 3886 sponte
2182 3831 2277 3866 sua
2295 3832 2421 3884 pro-

1377 3896 1571 3950 flueret
1600 3914 1739 3967 aqua
1768 3914 1797 3949 e
1830 3896 2107 3949 montibus
2134 3894 2191 3946 in
2226 3893 2419 3946 vallem

1379 3976 1580 4042 delata,
1602 3988 1695 4029 aut
1715 3987 1827 4029 arte
1844 3973 2022 4047 adjuta
2036 4012 2051 4039 ,
2073 3987 2134 4027 ut
2153 3974 2416 4038 hocloco,

1381 4057 1641 4127 fossisque
1667 4054 1843 4109 ductis
1868 4054 2103 4109 derivari
2134 4064 2329 4126 posset.

1463 4144 1518 4201 4.
1540 4136 1721 4191 Melius
1740 4135 1991 4189 succedere
2018 4147 2217 4206 tempus.
2240 4130 2418 4187 Codd.
