3025 5025
941 519 1017 587 C.
1075 517 1362 588 JULII
1419 517 1899 588 CAESARIS
1954 518 2516 588 COMMENT.

631 664 930 720 nostram
945 704 963 738 ‚
1003 665 1120 719 aut
1158 675 1357 746 quem
1403 651 1487 720 ad
1532 651 1736 721 finem
1779 649 2001 722 adhuc
2036 675 2143 721 res
2176 653 2503 747 processit
2522 648 2599 740 ¹³,
2636 649 2779 720 for-

632 771 998 852 tunamque
1041 783 1163 828 cur
1197 755 1633 853 praeteream?
1652 760 1757 828 An
1797 761 2077 854 poenitet
2108 783 2231 827 vos
2245 813 2264 847 ‚
2300 758 2484 853 quod
2524 756 2781 828 salvum

633 878 834 958 atque
876 861 1278 934 incolumem
1317 867 1681 935 exercitum
1700 919 1721 954 ‚
1764 864 1949 935 nulla
1990 867 2266 934 omnino
2304 889 2476 935 nave
2518 865 2783 934 deside-

633 984 808 1060 rata,
840 971 1384 1042 transduxerim?
1417 971 1601 1066 quod
1632 971 1911 1044 classem
1950 971 2243 1042 hostium
2280 973 2500 1069 primo
2530 973 2783 1066 impetu

634 1077 994 1148 adveniens
1045 1079 1577 1174 profligaverim.
1562 1077 1593 1132 ἵ)
1632 1079 1816 1174 quod
1864 1079 1967 1148 his
2012 1103 2136 1199 per
2174 1079 2452 1149 biduum
2500 1079 2786 1173 equestri

629 1183 858 1279 praelio
909 1184 1416 1281 superaverim?
1453 1186 1639 1318 quod
1680 1210 1763 1256 ex
1795 1201 1999 1283 portu
2044 1188 2324 1282 sinuque
2365 1186 2785 1256 adversario-

631 1315 784 1361 rum
819 1294 936 1362 CG
975 1315 1180 1362 naves
1217 1291 1561 1363 oneratas¹
1566 1279 2004 1363 ³abduxerim
2020 1317 2287 1388 ‚eoque
2320 1291 2468 1362 illos
2506 1316 2785 1386 compu-

632 1395 853 1486 lerim,
884 1413 960 1469 ut
986 1423 1202 1495 neque
1237 1401 1547 1494 pedestri
1544 1401 1791 1470 itinere
1807 1425 2069 1496 ‚neque
2098 1399 2378 1469 navibus
2408 1412 2786 1470 commeatu

625 1452 853 1598 juvari
886 1505 1184 1600 possint?
1219 1511 1364 1578 Hac
1407 1531 1530 1577 vos
1575 1507 1847 1578 fortuna
1881 1522 2081 1603 atque
2116 1507 2221 1576 his
2259 1506 2545 1577 ducibus
2582 1529 2785 1600 repu-

632 1609 827 1681 diatis
849 1666 868 1701 ,
919 1614 1404 1684 Corfiniensem
1459 1600 1981 1710 ignominiam¹⁴‚
2026 1639 2113 1683 an
2153 1614 2365 1684 Italiae
2400 1612 2631 1708 fugam
2650 1666 2669 1700 ‚
2706 1635 2788 1680 an

632 1719 1105 1812 Hispaniarum
1165 1721 1568 1792 deditionem
1594 1775 1615 1809 ‚
1665 1745 1755 1790 an
1806 1721 2014 1792 Africi
2055 1718 2212 1790 belli
2258 1719 2647 1815 praejudicia
2692 1743 2788 1788 se·

633 1825 966 1918 quimini?
1008 1827 1339 1922 Equidem
1395 1854 1504 1898 me
1560 1830 1842 1899 Caesaris
1894 1828 2171 1899 militem
2222 1827 2355 1896 dici
2404 1825 2633 1896 volui:
2672 1849 2790 1894 vos

633 1953 743 1998 me
771 1935 1205 2028 Imperatoris
1229 1937 1500 2004 nomine
1523 1933 1990 2032 appellavistis.
2016 1936 2227 2029 Cujus
2252 1936 2307 2005 si
2337 1957 2458 2003 vos
2482 1933 2790 2029 paenitet,

635 2051 935 2107 vestrum
973 2041 1164 2110 vobis
1201 2041 1602 2111 beneficium
1639 2044 1909 2113 remitto
1939 2069 1955 2111 ε
1992 2042 2158 2112 mihi
2198 2066 2426 2110 meum
2466 2041 2791 2110 restituite

636 2167 915 2233 nomen,
947 2147 1032 2216 rie
1059 2147 1146 2216 ad
1171 2148 1647 2218 contumeliam
1674 2150 2003 2218 honorem
2038 2149 2294 2220 dedisse
2330 2148 2709 2217 videamini.
2750 2173 2783 2211 ι

743 2255 1076 2322 XXXIII.
1130 2256 1290 2344 Qua
1331 2259 1639 2325 oratione
1680 2257 1969 2351 permoti
2005 2255 2281 2343 milites»,
2310 2255 2549 2324 crebro
2592 2254 2788 2322 etiam

637 2355 968 2428 dicentem
1012 2361 1565 2456 interpellabant,
1608 2377 1687 2431 ut
1732 2387 1982 2459 magno
2036 2387 2192 2433 cum
2230 2361 2460 2431 dolore
2502 2358 2792 2429 infideli·-

639 2466 792 2535 tatis
831 2467 1274 2562 suspicionem
1321 2471 1645 2539 sustinere
1684 2468 2074 2541 viderentur
2102 2467 2595 2540 :discedentem
2632 2490 2793 2536 vero

643 540 786 614 170

727 2659 750 2695 1
766 2662 817 2696 ει.
864 2644 1123 2698 Processit.
1171 2644 1417 2699 Clarkius
1459 2647 1675 2701 volebat
1751 2647 2061 2719 proejudicia.
2084 2644 2152 2699 Id
2182 2644 2330 2719 quod
2353 2643 2544 2699 accidit
2574 2646 2679 2697 suh
2698 2643 2795 2697 ini-

631 2727 921 2795 processerit
926 2745 946 2786 ;
969 2722 1062 2779 sed
1090 2724 1340 2796 frequens
1365 2738 1444 2779 est
1467 2724 1527 2779 id
1553 2728 1675 2780 ἀνοι-
1760 2726 1839 2781 tio
1852 2727 1981 2781 belli
2003 2726 2269 2793 Africani,
2284 2738 2339 2779 et
2350 2726 2440 2778 cui
2468 2724 2644 2777 simile
2666 2720 2795 2797 quid

639 2803 858 2856 κόλουθον
871 2803 1676 2878 apudnosuum.ConferWop-
1760 2826 1947 2861 rursus
1977 2805 2214 2861 accidere
2242 2818 2449 2879 potest,
2478 2802 2795 2874 videturque

640 2881 814 2934 kensii
857 2883 980 2936 lect.
1029 2882 1333 2951 Tullianas,
1370 2904 1431 2938 11
1455 2924 1476 2951 ‚
1509 2886 1541 2939 5
1563 2924 1581 2951 ,
1621 2898 1676 2939 et

639 2960 814 3015 obser.
851 2961 1077 3016 Miscell.
1113 2982 1165 3016 v.
1193 2982 1296 3032 ιιι,
1320 2984 1375 3037 p.
1407 2965 1541 3036 257.
1568 2966 1672 3019 On.

729 3058 753 3093 1
767 3042 818 3094 3.
845 3042 1096 3095 Ducentas
1115 3063 1260 3099 naves
1281 3058 1523 3099 oneratas.
1544 3048 1676 3099 Res·

640 3118 764 3172 titui
794 3135 1016 3174 oneratas
1038 3142 1102 3175 ex
1125 3125 1320 3179 nostris
1344 3124 1502 3179 codd.
1530 3127 1673 3191 RR.;

643 3199 734 3253 alii
763 3199 965 3255 habent
991 3208 1254 3258 onerarias.
1293 3206 1510 3261 Etenim
1544 3224 1675 3259 one-

641 3282 798 3334 rariae
823 3301 984 3337 naves
1007 3302 1186 3337 vacuae
1204 3299 1431 3357 possunt
1457 3304 1598 3339 esse:
1623 3298 1676 3339 at

643 3361 698 3412 τὸ
721 3376 946 3415 oneratas
967 3362 1171 3418 indicat
1199 3384 1284 3418 eas
1315 3367 1466 3419 omni
1491 3385 1675 3419 rerum

641 3441 795 3513 copia
851 3444 1158 3505 instructas.
1189 3464 1300 3499 esse
1318 3484 1334 3511 ,
1379 3444 1527 3517 quod
1566 3448 1675 3516 jam

640 3520 943 3577 observavit
984 3524 1264 3579 Gruterus.
1307 3523 1436 3577 vid.
1481 3523 1552 3578 de
1591 3527 1676 3579 his

640 3602 897 3669 navibus,
928 3623 1046 3676 sup.
1070 3624 1118 3659 c.
1155 3604 1332 3659 25.—-·
1352 3604 1673 3659 Abda-verim.

641 3680 838 3735 Melius
873 3702 1035 3755 quam
1072 3685 1380 3747 adduxerim,
1415 3698 1478 3738 ut
1512 3686 1674 3757 Vulg.

639 3760 822 3815 habet.
835 3765 892 3817 A
893 3764 1092 3816 bducere
1112 3777 1192 3819 est
1205 3763 1404 3819 ducere
1415 3765 1483 3817 ab
1497 3764 1676 3837 aliquo

640 3840 762 3895 loco
803 3844 864 3895 in
899 3845 1132 3916 aliquem
1170 3845 1369 3899 locum.
1415 3844 1678 3899 Adducet-e

641 3932 721 3973 est
762 3920 962 3978 ducere
1005 3942 1186 3979 secum
1229 3944 1448 3998 quoquo
1491 3923 1675 3981 modo.

729 4019 754 4055 1
766 4009 822 4065 4.
843 4003 1182 4074 Corfiniensem
1201 4009 1533 4077 ignominiam,
1545 4007 1679 4059 Vul-

639 4092 760 4151 gata
779 4082 944 4137 habet
977 4084 1359 4156 Corfiniensium.
1387 4086 1605 4141 Rectius
1625 4100 1679 4140 et

642 4160 930 4232 elegantius
959 4164 1316 4235 Corfiniensem.
1347 4168 1432 4219 Ita
1461 4184 1678 4237 quoque

642 4243 813 4296 nostri
843 4242 1003 4298 codd.
1035 4245 1252 4299 habent.
1267 4246 1535 4314 ——Asn‘ci
1566 4246 1683 4299 betta·

1761 2899 2112 2941 eventurum:
2130 2889 2242 2958 jam
2264 2884 2403 2939 dixit
2410 2886 2544 2952 sacti
2558 2883 2795 2955 proejudi·

1762 2971 1903 3021 cim.
1951 2965 2084 3021 Vid.
2127 2986 2275 3039 supr.
2311 2978 2425 3019 not.
2455 2971 2523 3027 4:
2555 2963 2664 3017 hoc
2694 2964 2793 3017 ele-

1748 3047 2067 3118 gantissime
2088 3059 2143 3101 et
2167 3045 2438 3101 verissime
2464 3043 2691 3097 dictum.
2716 3044 2795 3097 An

1762 3126 2049 3199 sequimini
2115 3126 2501 3179 Corfiniensem
2569 3122 2797 3195 ignomi-

1762 3206 1909 3259 niam
1933 3207 2033 3261 sub
2064 3206 2331 3271 Domitio,
2356 3203 2629 3277 Hispania
2655 3200 2799 3256 dedi-

1764 3287 1970 3339 tionem
1994 3288 2095 3341 sub
2118 3286 2345 3339 Afranio
2358 3323 2375 3352 ,
2398 3304 2469 3337 an
2500 3282 2673 3337 Africi
2696 3280 2799 3337 bel-

1761 3365 1803 3419 li
1822 3366 2151 3437 praejudicia,
2182 3362 2491 3437 praeludia?
2530 3364 2799 3417 Caeterum

1764 3446 1995 3501 maxima
2018 3458 2097 3501 est
2119 3444 2278 3499 codd.
2304 3446 2550 3499 varietas.
2574 3445 2643 3497 In
2674 3440 2791 3497 edd.

1764 3545 1902 3580 rom.
1922 3527 2163 3592 ,.:Ven
2202 3524 2543 3596 Cofiniaensem
2594 3525 2797 3593 ι’θποηιί-

1764 3610 1895 3659 m’am
1918 3612 1970 3659 ἱιι
1991 3606 2154 3659 Italia
2164 3608 2328 3676 suga,
2365 3622 2433 3657 an
2454 3608 2505 3657 in
2524 3604 2797 3673 Hispania·

1764 3705 1871 3739 rum
1892 3686 2161 3749 deditione,
2186 3706 2253 3739 an
2280 3690 2331 3737 in
2352 3684 2523 3752 Africi
2542 3682 2661 3735 bella·
2668 3702 2796 3755 pm·

1752 3767 1945 3837 judicio
1960 3770 2210 3838 sequimini
2221 3774 2251 3817 Ρ
2266 3764 2383 3819 MS.
2396 3764 2617 3817 Nox-vic.
2642 3782 2673 3815 a
2691 3762 2799 3815 vul·
2816 3814 2830 3827 ,

1766 3858 1885 3917 gata
1912 3846 2142 3900 lectione
2170 3864 2283 3899 non
2312 3842 2549 3920 recedit,
2578 3855 2794 3915 praeter·

1766 3946 1929 4000 quam
1954 3924 2105 3999 quod
2132 3926 2365 3998 primam
2384 3924 2707 3997 particulam
2723 3922 2798 3975 in·

1766 4020 2123 4078 tei-rogantem
2146 4006 2373 4059 omittat.
2399 4004 2603 4057 Omnes
2624 4000 2798 4057 delen-

1765 4086 1861 4141 das
1908 4086 2116 4141 censuit
2157 4085 2471 4141 ciacconius
2484 4120 2502 4148 ,
2536 4102 2699 4157 quem
2739 4082 2795 4133 in

1767 4185 1861 4220 sua
1905 4164 2034 4220 edit.
2082 4180 2292 4220 secutus
2335 4177 2415 4217 est
2453 4164 2567 4217 Jos.
2614 4162 2799 4231 scalig.

1768 4245 1905 4299 Sana
1942 4258 2022 4299 eet
2048 4246 2207 4299 lectio
2248 4245 2475 4317 vulgata.
