3025 5025
1036 474 1606 573 AFRIGANO.
2240 481 2391 567 465⁴
2479 480 2486 485 ’

247 604 489 698 laeque
506 600 783 697 singulae
825 614 1211 695 perveteres
1240 614 1435 683 erant
1468 584 1870 673 collocataess
1903 623 2189 699 quarum
2221 606 2398 699 apud

246 710 559 780 ultimam
598 706 978 803 praesidium
1019 722 1085 775 et
1126 708 1323 779 statio
1367 706 1493 775 fuit
1537 707 1882 801 Scipionis
2163 732 2172 739 ·

354 816 759 888 XXXVIII.
778 816 1163 909 Postquam
1200 815 1424 883 Caesar
1460 812 1601 881 ad
1578 836 1854 907 jugum,
1885 812 1969 881 de
1997 838 2134 907 quo
2170 760 2400 905 docui,

247 921 633 1007 adscendit,
672 935 872 1015 atque
908 922 981 991 in
1012 917 1584 1037 unumquemque¹
1623 917 1862 991 collem
1905 933 2122 989 turres
2151 924 2398 995 ·-eastel

246 1028 449 1123 laque
482 1028 702 1097 facere
747 1028 984 1122 eoepit,
1012 1041 1220 1119 atque
1252 1050 1331 1095 ea
1366 1028 1585 1099 minus
1630 1025 1962 1099 semihora
1997 1026 2291 1099 effecit²·
2273 1046 2402 1117 ,et

243 1148 627 1231 postquam
666 1157 802 1201 non
846 1136 949 1204 ita
1001 1132 1199 1227 longe
1247 1130 1331 1201 ab
1376 1129 1614 1203 ultimo
1667 1130 1852 1262 coll-e3
1880 1134 2176 1227 turrique
2233 1134 2361 1213 fuit
2380 1188 2405 1225 5

242 1266 399 1335 quae
452 1240 755 1335 proxima
811 1238 937 1316 fuit
992 1239 1257 1309 eastris
1278 1223 1876 1325 adversariorumfi
1915 1240 1986 1307 in
2025 1264 2159 1333 qua
2201 1240 2402 1323 docui

242 1372 392 1417 esse
417 1345 807 1441 praesidium
822 1345 1305 1446 stationemque
1324 1343 1818 1414 Numidarum·
1798 1386 1818 1429 ‚-
1843 1344 2201 1441 paullisper
2225 1374 2404 1425 com-

240 1465 585 1538 moratuS,
616 1466 1097 1547 perspectaque
1148 1465 1390 1525 natura
1428 1448 1598 1535 loci,
1643 1452 1944 1544 equitatu
1995 1454 2064 1519 in
2115 1457 2397 1527 statione

241 1557 601 1653 disposito,
635 1557 1005 1652 legionibus
1040 1581 1211 1651 opus
1252 1555 1592 1644 attribuit,
1623 1546 2145 1653 brachiumque⁴
2175 1562 2398 1632 medio

232 1666 407 1760 jugo
445 1666 531 1733 ab
574 1688 657 1733 eo
700 1663 892 1752 loce,
934 1664 1049 1733 ad·
1074 1685 1273 1757 quem
1327 1676 1767 1757 pervenerat,
1809 1688 2018 1758 usque
2061 1664 2156 1733 ad
2201 1692 2396 1757 eum,

240 1771 752 1865 unde-egressus
780 1786 953 1858 erat,
970 1769 1163 1865 jubet
1186 1768 1382 1864 dirigi
1410 1792 1489 1837 ac
1504 1770 1776 1843 muniri.
1808 1770 2013 1859 Quod
2043 1786 2398 1869 postquam

241 1880 470 1997 Scipio
524 1878 989 1973 Labienusque
1038 1874 1692 1961 animadverterunt3
1735 1879 2034 1971 equitatu
2077 1883 2258 1948 omni
2315 1908 2397 1956 ex

238 1985 479 2053 eastris
530 1983 812 2072 educte,
856 1985 1129 2076 acieque
1182 1984 1473 2075 equestri
1510 1983 1874 2072 instructa,
1911 2008 1952 2051 a
1994 1987 2128 2055 suis
2169 1991 2396 2061 muni..

237 2090 537 2160 tionibus
575 2091 840 2159 circiter
882 2114 1115 2184 passus
1159 2087 1337 2159 mille
1380 2088 1945 2183 progrediuntur,
1988 2092 2392 2186 pedestrem·

240 2222 377 2291 que
412 2182 705 2291 copiam⁵
736 2198 807 2265 in
844 2195 1137 2267 secunda
1172 2197 1357 2287 acie,
1380 2197 1602 2267 minus
1645 2219 1878 2297 passus
1925 2199 2052 2269 CD
2081 2224 2123 2269 a
2165 2204 2406 2277 castris,

214 2354 221 2359 ·
239 2305 414 2393 SUiS,
456 2306 888 2379 constituunt.
942 2352 947 2357 -

325 2472 383 2526 3.
408 2470 712 2542 ‘collocata
752 2468 936 2526 Editio
966 2469 1107 2524 Ven.
1139 2486 1273 2540 prm·

238 2552 410 2606 mittit
437 2563 567 2605 ante.

1359 2468 1526 2523 tuerit
1546 2505 1563 2535 ,
1594 2468 1797 2522 nedum
1826 2480 1970 2523 tanta
1995 2488 2158 2543 opera
2183 2474 2388 2546 perfici.

1356 2548 1437 2602 M.
1462 2550 1648 2615 Quum
1676 2562 1852 2602 nutem
1873 2569 2057 2604 omnes
2083 2551 2244 2608 codd.
2275 2555 2389 2610 haec

321 2633 454 2687 Cu.
510 2631 825 2689 XXXVIII.
884 2649 934 2689 1-
997 2631 1163 2702 Atquae
1220 2650 1271 2686 m

238 2731 436 2783 unumq.
460 2711 665 2764 ‘Vocem
693 2724 835 2788 atque
858 2711 947 2763 hie
969 2723 1157 2763 notare
1171 2723 1273 2762 sta.-

241 2797 357 2853 tim,
389 2803 451 2844 ut
481 2791 606 2844 alins
626 2809 1015 2862 nonnunquam
1029 2785 1167 2852 (vid.
1202 2790 1269 2842 Β.

238 2871 307 2926 C.
336 2887 417 2936 11,
444 2868 573 2936 42),
594 2883 751 2942 putat
780 2871 957 2924 Πανὶ».
985 2871 1073 2922 vel
1100 2869 1269 2922 deleri

232 2951 423 3022 jubet,
455 2951 615 3010 falsus
648 2969 747 3017 eo,
772 2949 919 3043 quod
948 2969 1060 3008 non
1098 2963 1267 3004 atten-

237 3029 348 3096 dit,
377 3031 615 3102 πρότασιν
648 3031 951 3088 continuari
990 3026 1061 3083 ad
1104 3031 1269 3083 verba

231 3110 509 3182 paullisper
544 3122 872 3164 commoratus.
905 3108 1007 3162 ΟΒ.

324 3209 379 3244 2.
410 3189 579 3264 Atque
605 3209 664 3242 ea
691 3195 845 3243 mium
874 3190 1109 3242 semihora
1139 3191 1263 3256 effe-

228 3273 317 3324 cit.
354 3269 475 3322 Hoc
520 3264 913 3342 propemodum
954 3266 1267 3323 incredibile

236 3362 347 3414 est,
368 3349 574 3402 etiamsi
592 3350 799 3422 singula
822 3350 1032 3402 castella
1048 3349 1266 3419 singulis

234 3429 519 3483 semihoris
564 3429 750 3482 effecta
786 3428 1047 3493 dicamus,
1078 3430 1264 3481 etiam-

233 3509 279 3562 si
318 3521 622 3581 perveteres
658 3523 861 3575 turres,
898 3527 1017 3581 quae
1050 3511 1266 3580 jamjam

236 3588 487 3655 aderant,
506 3588 903 3662 quodammodo
924 3587 1264 3642 reaedificatae

230 3681 546 3742 aptatasque
587 3681 851 3740 putemus.
903 3666 1264 3728 Guisehardus

232 3744 422 3812 (Μόνη.
442 3750 711 3812 militam-s,
727 3751 835 3802 vol.
856 3765 929 3814 ιι,
948 3752 1133 3820 Ρῃαδ
1147 3784 1164 3813 ,
1178 3749 1263 3800 vel

232 3829 301 3882 T.
343 3847 423 3893 11,
452 3848 509 3900 p.
550 3827 697 3894 314)
733 3830 847 3888 hac
884 3831 1045 3882 verba
1087 3839 1265 3880 censet

228 3907 454 3975 adsuta,
470 3925 578 3968 non
600 3907 763 3968 modo
789 3921 1011 3980 propter
1036 3905 1266 3964 difficul-

226 4001 401 4042 tatem
410 3987 812 4048 efficiendorum
822 3985 1129 4060 hujusmodi
1140 4005 1264 4057 ope·-

226 4083 395 4132 rum3
421 4065 593 4130 sedet
614 4066 737 4122 ideo
754 4109 775 4136 ,
802 4069 927 4140 quia
956 4068 1061 4122 hoc
1088 4065 1260 4138 spatio

222 4166 299 4202 ne
327 4145 398 4200 ad
426 4147 854 4218 collemquidem
872 4147 1141 4220 perveniri
1160 4165 1258 4218 po·

336 4249 439 4315 II.

1357 2629 1520 2684 verba
1539 2630 1769 2684 habeant
1784 2669 1802 2698 ,
1814 2630 1892 2681 nil
1905 2644 2128 2702 propter
2154 2635 2388 2689 rationes

1356 2709 1536 2777 allatas
1566 2707 1882 2762 mutandum
1897 2708 2279 2780 judicavimus.
2307 2747 2387 2763 „-

1358 2789 1415 2842 E
1402 2790 1567 2857 fficit.
1590 2790 1732 2842 Male
1766 2789 1853 2844 alii
1881 2789 2045 2860 efficit.

1439 2869 1492 2924 3.
1563 2869 1751 2924 Castris
1811 2869 2208 2926 adver-sambrum.
2285 2875 2386 2930 Hie

1354 2960 1515 3006 castra
1537 2968 1694 3003 sensu
1713 2951 1890 3003 latiori
1917 2952 2056 3004 sumi
2079 2953 2196 3005 vult
2221 2953 2380 3008 Guis-

1353 3027 1536 3082 ehard.
1557 3024 1738 3090 (Me‘m.
1761 3031 1858 3082 mil.
1871 3043 1890 3092 ,·
1910 3031 2019 3085 vol.
2037 3049 2102 3100 11,
2121 3052 2176 3103 p.
2206 3031 2382 3101 226),

1352 3127 1453 3179 pro
1483 3122 1598 3162 toto
1629 3110 1832 3162 ambitu
1863 3122 2126 3163 terrarum
2157 3115 2223 3166 ab
2255 3114 2382 3170 hos-

1353 3189 1496 3243 tibus
1518 3203 1923 3260 occupatarum,
1947 3205 2000 3244 et
2021 3194 2294 3263 speciatim
2319 3215 2384 3251 ea

1352 3281 1526 3339 parte,
1541 3288 1659 3342 quae
1671 3271 1914 3342 proxima
1930 3271 2032 3324 fuit
2047 3274 2259 3328 Caesari.
2272 3275 2376 3332 On.

1436 3356 1489 3412 4.
1510 3349 1789 3402 Brachium.
1815 3351 2098 3404 Brachium
2121 3367 2197 3406 est
2213 3374 2376 3424 genus

1350 3430 1665 3482 munitionis
1684 3469 1700 3495 ,
1731 3449 1783 3484 v.
1825 3449 1874 3500 g.
1913 3434 2115 3502 aggeris
2133 3471 2151 3497 ,
2190 3434 2374 3501 fossae,

1350 3521 1413 3562 ut
1430 3510 1722 3580 plurimu-m
1742 3508 1960 3581 reliquae
1979 3512 2270 3568 munitioni
2291 3535 2376 3568 su-

1349 3586 1692 3659 peradditum
1714 3627 1730 3653 ,
1762 3590 1836 3642 ita
1878 3593 2202 3662 conjungens
2233 3593 2374 3648 inter

1350 3687 1406 3722 se
1426 3669 1600 3734 locos,
1615 3682 1678 3722 ut
1691 3670 1757 3720 ab
1773 3687 1883 3721 uno
1903 3685 2183 3740 procurrat
2205 3685 2373 3727 trans-

1348 3749 1544 3802 versim
1581 3747 1648 3800 ad
1681 3749 1922 3800 alterum.
1942 3748 2084 3802 Vide
2119 3753 2249 3805 Bell.
2288 3755 2372 3808 Al.

1348 3846 1396 3888 c.
1420 3829 1514 3892 3o;
1535 3828 1775 3898 Lipsium
1803 3828 2033 3882 Poliorc.
2060 3848 2136 3894 11,
2162 3851 2218 3884 α·
2204 3835 2376 3919 ,Drav-

1346 3907 1642 3966 kenborch.
1672 3906 1740 3960 ad
1767 3908 2064 3974 Liv.xx11,
2099 3911 2192 3963 52.

1432 3988 1483 4039 5.
1500 3987 1626 4042 Ped.
1643 3991 1842 4058 copiam.
1855 3975 1950 4040 Sic
1965 3989 2140 4060 Virg.,
2157 3995 2370 4059 Eli-11,

1352 4066 1491 4128 564·
1511 4065 1674 4120 Silius
1697 4085 1762 4133 11,
1788 4071 1920 4138 267.
1939 4069 2181 4124 Pedestn's
2157 4077 2383 4143 scopia,-

1352 4147 2370 4222 numeruscertus,multitudopeditum,

1907 4246 2003 4320 30
