3025 5025
614 472 755 539 DE
811 470 1161 539 BEL-Lo
1215 468 1592 540 01v1L1.
1649 416 1838 541 mn.
1908 472 1961 539 ι.

2268 473 2357 545 61

261 601 436 669 Anam
469 601 728 671 duabus
754 601 1158 697 legionibus3
1177 604 1410 671 tertius
1431 602 1520 670 ab
1551 604 1700 671 Ana
1726 595 2094 675 Vettonum
2135 628 2370 701 agrum

259 710 758 804 Lusitaniamque
795 710 942 804 pari
976 734 1258 778 numero
1293 707 1629 803 legionum
1668 710 2011 779 obtinebat
2028 766 2047 801 ‚
2083 703 2110 801 )
2150 713 2375 783 officia

257 814 396 883 inter
417 840 482 884 se
508 818 895 911 partiuntur
913 868 932 902 ,
964 818 1066 884 uti
1103 817 1400 885 Petreius
1423 841 1506 883 ex
1529 817 1867 885 Lusitania
1896 842 2017 911 per
2043 821 2369 889 Vettones

251 944 376 989 cum
417 922 729 993 omnibus
775 924 984 1017 copiis
1029 922 1116 991 ad
1165 922 1519 992 Afranium
1567 922 2071 1017 proficiscatur3
2108 927 2365 995 Varro²

245 1106 443 1167 u,sicuti
469 1127 572 1179 pro
599 1106 860 1159 Tusculum
883 1104 1072 1159 dicunt
1089 1112 1246 1159 Τοῦσ-

241 1191 336 1237 κλον
353 1222 368 1250 ,
397 1181 449 1238 et¹
484 1186 588 1239 alia
615 1186 828 1238 similia.
855 1184 985 1238 Vid.
1031 1185 1143 1239 ind.
1191 1200 1245 1239 et

237 1280 458 1337 mappam
487 1266 780 1338 geograph.

313 1364 353 1398 ι.
387 1346 562 1399 Varro.
596 1348 679 1398 De
709 1344 789 1398 Μ.
828 1345 1078 1399 Terentio
1102 1347 1244 1399 Var-

233 1442 379 1491 rone,
403 1427 524 1500 quia
542 1426 634 1479 hic
665 1444 862 1497 pauca,
885 1438 946 1478 ut
975 1424 1044 1477 de
1063 1426 1242 1491 hoste,

231 1519 568 1572 memoratur,
593 1506 880 1577 magnique
906 1505 1011 1559 fuit
1035 1506 1120 1557 vir
1149 1524 1245 1557 no·

229 1585 402 1651 minis,
432 1583 638 1658 aliquid
661 1582 970 1638 dicendum.
997 1586 1077 1649 Is,
1101 1586 1244 1637 bello

228 1666 461 1736 piratico,
502 1666 708 1736 legatus
754 1664 998 1737 Pompeii
1040 1665 1211 1717 fuerat
1225 1704 1240 1731 ,

228 1764 256 1796 n
287 1765 386 1817 quo
419 1746 623 1811 navali,
659 1764 754 1797 seu
790 1756 1016 1798 rostrata
1046 1764 1245 1799 corona

230 1824 466 1893 donanis,
485 1838 619 1879 teste
643 1824 849 1890 Plinio,
873 1842 992 1895 quae
1014 1825 1244 1879 maxime

226 1906 434 1958 celebris
449 1925 510 1959 ea
529 1917 644 1958 erat
661 1916 988 1975 tempestate.
1008 1903 1144 1957 Inde
1166 1906 1242 1959 le-

226 1997 370 2061 gatus
393 1984 627 2058 ejusdem
653 1985 712 2035 in
729 1984 988 2056 Hispania
1003 2023 1019 2049 ,
1045 1983 1191 2037 unde
1213 2005 1244 2038 a

226 2066 420 2119 Caesare
447 2066 700 2137 expulsus
725 2077 821 2117 est.
857 2066 1028 2117 Totus
1058 2078 1243 2135 postea

221 2144 276 2197 in
291 2146 477 2199 litteris
499 2146 630 2211 fuit,
659 2144 854 2217 quibus
873 2145 949 2197 sic
971 2145 1243 2211 excelluit,

222 2237 278 2277 ut
301 2230 412 2297 ejus
437 2244 654 2297 operam
683 2224 797 2295 ipse
831 2225 1005 2277 Caesar
1035 2223 1243 2278 deside-

217 2306 411 2359 raverit
438 2318 622 2377 postea
642 2343 659 2371 ,
701 2317 860 2377 atque
897 2302 1202 2357 adhibuerit
1225 2344 1243 2372 ,

219 2405 384 2457 quum
423 2386 772 2439 bibliothecas
801 2403 994 2456 graecas
1033 2398 1088 2437 et
1123 2386 1243 2439 lati-

217 2485 306 2521 nas
323 2505 344 2534 ,
371 2486 532 2539 quam
555 2466 814 2519 maximas
843 2478 1046 2536 posset,
1070 2466 1248 2538 publi-

215 2565 328 2600 care
349 2548 550 2614 voluit,
583 2565 812 2618 quarum
834 2565 1018 2598 curam
1049 2565 1244 2616 paran-

217 2625 398 2680 darum
424 2647 485 2680 ac
512 2625 938 2680 ordinandarum
960 2626 1040 2677 illi
1062 2625 1243 2690 dedit,

215 2719 338 2760 teste
387 2707 665 2760 Suetonio,
715 2683 902 2778 Neque
947 2706 1023 2758 sic
1062 2720 1244 2758 tamen

215 2788 659 2880 proscriptionem
699 2787 868 2840 vitare
907 2787 1086 2856 potuit
1099 2825 1115 2852 ‚
1149 2785 1244 2838 sed

216 2869 504 2921 amicorum
519 2918 524 2922 .
534 2866 778 2938 diligenti
794 2884 958 2938 opera
969 2931 972 2936 Ι
982 2879 1216 2919 servatus
1226 2903 1242 2932 ,

215 2959 306 3000 eta
323 2949 556 3012 Calene,
575 2946 646 3000 de
667 2965 775 3018 quo
792 2946 849 2997 in
869 2945 952 2998 his
969 2945 1122 2999 libris
1135 2965 1245 2999 cre-

215 3027 302 3080 bra
314 3028 378 3081 fit
399 3028 610 3080 mentio
625 3065 642 3094 ,
669 3025 882 3078 abditus
895 3063 912 3092 ,
937 3025 994 3078 in
1011 3026 1136 3078 villa
1155 3025 1245 3078 de-

215 3106 374 3174 lituit,
401 3107 579 3162 donec
605 3107 812 3179 primus
837 3105 1242 3177 proscriptionis

217 3186 436 3260 impetus
455 3185 790 3240 deferbuerit
799 3211 825 3251 ,·
837 3184 1039 3256 diuque
1061 3199 1246 3256 postea

217 3267 334 3321 vixit
359 3288 376 3324 ε
409 3287 544 3320 nam
581 3285 752 3319 unum
780 3278 834 3319 et
861 3266 1245 3336 octogesimum

214 3347 324 3401 vitae
350 3367 559 3402 annum
593 3351 750 3418 agens
764 3385 781 3411 ,
810 3345 976 3398 libros
1007 3344 1076 3397 de
1107 3345 1244 3416 agri-

217 3427 410 3482 cultura
424 3467 444 3494 ‚
490 3446 628 3500 quos
673 3427 930 3481 habemus
943 3464 959 3491 ,
1000 3426 1209 3497 scripsit
1226 3463 1244 3490 ,

215 3518 332 3561 teste
367 3509 589 3573 Plinio,
616 3506 711 3559 lib.
746 3524 886 3558 xv111
903 3544 920 3572 ,
945 3525 991 3558 c.
1025 3506 1085 3570 5,
1113 3506 1244 3558 scri-

216 3585 472 3662 bendique
499 3599 555 3642 et
575 3584 794 3640 vivendi
813 3584 1060 3639 eumdem
1081 3585 1244 3638 finem

218 3665 356 3735 fecit,
377 3665 400 3731 (
424 3668 552 3722 val.
582 3668 725 3719 Max.
752 3684 891 3732 v111,
911 3685 960 3719 c.
991 3685 1043 3736 7.
1069 3662 1090 3729 )
1117 3667 1248 3718 Lac-

217 3756 332 3800 tant.
363 3750 400 3802 l.
439 3767 463 3800 1
497 3747 750 3814 ,institut.
783 3765 829 3798 c.
865 3750 931 3811 6,
963 3746 1146 3798 scribit
1181 3765 1245 3798 eo

219 3828 476 3882 neminem
495 3827 828 3888 doctiorem,
849 3845 920 3878 ne
939 3823 1081 3897 apud
1100 3825 1245 3878 Grae-

218 3921 296 3958 cos
324 3908 581 3981 quidem,
613 3904 817 3959 nedum
855 3905 998 3977 apud
1025 3906 1246 3958 Latinos

220 3985 413 4043 vixisse.
435 3987 548 4042 Sed
571 4005 672 4040 nec
696 3985 1055 4038 omittendum
1078 3985 1248 4050 Quin-

165 4034 379 4120 'tiliani
399 4067 469 4122 de
496 4083 566 4122 eo
596 4064 891 4138 ιξιιάἰιιίιιιιη
914 4066 1010 4118 lib.
1039 4085 1101 4131 x,
1119 4083 1166 4118 c.
1195 4083 1244 4118 1:

231 4143 463 4202 Terentius
495 4149 560 4203 V
553 4163 667 4198 arro
693 4150 778 4198 vir·
797 4147 1117 4200 Romanorum
1141 4165 1250 4198 eru·

1331 1106 1621 1169 ditissima&
1643 1107 1878 1177 plurimos
1900 1107 1979 1158 laic
2008 1107 2153 1160 libros
2175 1123 2225 1159 et
2251 1110 2366 1163 doc·

1333 1190 1538 1238 tissimos
1550 1190 1815 1257 composuit
1825 1224 1841 1251 ,
1855 1190 2169 1257 peritissimus
2186 1190 2367 1259 ling-ua·

1333 1266 1525 1329 latinae,
1546 1278 1598 1317 et
1616 1270 1767 1317 omnis
1784 1270 2088 1339 antiquitate}
2098 1307 2114 1330 ,
2144 1281 2197 1319 et
2208 1290 2365 1321 rerum

1327 1347 1629 1415 groecarum,
1661 1358 2019 1419 nostrarumque
2033 1348 2180 1418 :plus
2210 1361 2367 1403 tamen

1329 1428 1542 1477 scientioe
1579 1426 1842 1478 collaturus
1887 1446 2029 1497 quam
2066 1428 2364 1501 eloquentiae.

1333 1504 1585 1557 Gonnus.
1600 1504 2160 1572 M.TerentiusVarr0,
2170 1526 2199 1560 e
2212 1520 2369 1580 gente

1331 1584 1585 1637 Terentia
1624 1584 1885 1639 oriundus
1904 1622 1921 1650 ,
1952 1586 2161 1657 plebeia
2175 1626 2193 1653 ,
2222 1588 2368 1643 unde

1330 1664 1584 1717 Terentia
1627 1666 1713 1717 lex
1757 1664 1824 1716 de
1864 1666 2077 1719 civitate
2106 1668 2209 1720 lata
2228 1708 2245 1734 ,
2278 1688 2362 1723 an.

1342 1744 1475 1807 564.
1524 1745 1653 1815 Ejus
1698 1745 1909 1797 familiae
1952 1749 2268 1817 cognomina
2310 1750 2367 1803 in

1329 1824 1565 1877 nummis
1590 1837 1743 1877 sunt:
1768 1826 1989 1876 Lucanus
2010 1825 2159 1897 quod
2170 1828 2225 1880 in
2255 1830 2365 1882 Lu-

1330 1905 1481 1955 cania
1511 1918 1630 1957 orta
1668 1917 1827 1969 esset,
1860 1918 1913 1957 et
1955 1907 2163 1977 primus
2200 1926 2265 1961 ex
2304 1929 2367 1963 ea

1330 1996 1487 2053 gente
1527 1997 1687 2036 notus
1716 1985 1854 2037 Τιιιι.
1896 1986 2024 2040 ch.
2057 1987 2114 2039 in
2145 2006 2255 2041 asse
2296 1988 2363 2042 ad

1329 2065 1480 2133 cujus
1492 2064 1658 2116 latera
1676 2051 1780 2133 (Ι),
1794 2077 1922 2117 nota
1938 2066 2086 2132 assis,
2099 2069 2248 2121 navis
2266 2088 2279 2123 ε
2296 2070 2369 2123 al·

1329 2155 1440 2195 tera
1457 2156 1611 2215 parte
1628 2144 1662 2195 J
1664 2162 1796 2196 anus
1816 2144 2037 2199 bifrons.
2068 2148 2162 2201 Est
2184 2163 2361 2203 autem

1329 2220 1689 2277 Sextantarius
1699 2242 1752 2276 as
1763 2242 1777 2276 :
1788 2240 2114 2297 quapropter
2126 2246 2364 2299 quoeren-

1331 2300 1432 2355 dus
1461 2316 1541 2355 est
1568 2304 1633 2355 ab
1662 2304 1765 2356 isto
1796 2322 1967 2371 ann0,
1986 2326 2095 2377 quo
2126 2308 2361 2376 Plinius,

1329 2382 1425 2435 lib.
1449 2402 1657 2447 xxxnx,
1690 2402 1735 2437 c.
1771 2390 1867 2449 13,
1891 2403 2059 2437 assem
2090 2404 2154 2439 ex
2186 2388 2365 2441 librali

1329 2462 1709 2516 sextantarium
1730 2463 1928 2518 factum
1950 2483 2061 2519 esse
2077 2467 2151 2518 ait
2166 2504 2181 2532 ,
2198 2487 2363 2540 usque

1331 2541 1397 2596 ad
1417 2542 1619 2596 bellum
1636 2542 1930 2597 secundum
1949 2545 2240 2613 Punicum,
2255 2569 2365 2621 quo

1331 2635 1575 2694 tempore
1590 2662 1605 2687 ‚
1633 2635 1858 2695 propter
1892 2623 2066 2677 clades
2095 2642 2331 2698 acceptas
2346 2670 2363 2696 ,

1330 2721 1396 2755 ex
1413 2704 1733 2756 sextantario
1750 2721 1807 2757 as
1830 2703 2051 2766 uncialis
2068 2723 2225 2758 eusus
2250 2721 2331 2761 est
2347 2750 2363 2776 ‚

1330 2782 1559 2854 ideoque
1586 2782 1778 2835 incidit
1818 2802 1871 2835 as
1901 2796 2083 2836 noster
2107 2786 2249 2840 inter
2272 2807 2355 2841 an.

1333 2865 1446 2932 489
1461 2901 1477 2929 ,
1495 2875 1550 2916 et
1564 2881 1647 2915 an.
1670 2862 1779 2915 535
1800 2881 1813 2914 τ
1830 2877 1884 2916 et
1899 2864 2073 2935 reipsa
2086 2866 2163 2919 Μ.
2181 2886 2363 2938 quem-

1329 2941 1454 2995 dam
1483 2943 1798 2996 Terentium
1813 2981 1829 3008 ,
1856 2944 1931 2996 M.
1957 2944 2131 2997 filium
2158 2951 2361 3020 reperi-

1329 3043 1470 3089 mus,
1487 3023 1581 3094 qui
1592 3023 1695 3079 fuit
1707 3024 1952 3076 tribunus
1959 3026 2102 3096 pleb.
2118 3046 2203 3080 an.
2226 3030 2255 3080 5
2270 3049 2291 3083 1
2304 3051 2336 3099 9
2351 3073 2363 3084 .

1329 3104 1575 3156 Alterum
1598 3104 1757 3173 hujus
1780 3105 1951 3173 gentis
1975 3124 2269 3177 cognomen
2284 3125 2366 3164 est

1334 3183 1515 3236 Varro.
1541 3184 1650 3236 Alii
1664 3185 1937 3237 Varrones
1950 3187 2141 3239 volunt
2161 3188 2235 3241 ita
2254 3189 2363 3245 diei

1331 3264 1402 3315 ob
1416 3264 1720 3328 stultitiam3
1736 3263 1825 3315 alii
1841 3280 2028 3317 vocem
2046 3267 2211 3319 Varro
2226 3287 2365 3324 eam-

1331 3342 1454 3396 dem
1483 3363 1595 3396 esse
1624 3354 1839 3420 censent
1854 3384 1867 3411 ‚
1886 3364 1945 3397 ac
1963 3346 2101 3398 Baro
2121 3369 2140 3400 .·
2159 3349 2233 3402 sic
2259 3369 2365 3423 pro

1329 3425 1460 3478 viris
1491 3424 1720 3476 fortibus
1750 3424 2033 3478 habentur.
2072 3427 2151 3478 Ex
2196 3447 2255 3481 ea
2286 3432 2363 3483 fa-

1330 3503 1476 3556 milia
1514 3505 1821 3556 notissimus
1858 3517 1938 3557 est
1976 3506 2037 3558 C.
2080 3507 2363 3566 Terentius

1333 3585 1508 3636 Varro
1538 3585 1661 3637 Cos.
1698 3603 1822 3637 cum
1852 3586 1914 3638 L.
1950 3585 2188 3638 AEmilio
2196 3589 2363 3644 Paulo

1331 3683 1417 3717 an.
1451 3664 1561 3726 534
1580 3703 1597 3729 ,
1618 3677 1672 3717 et
1696 3646 1869 3717 victus
1894 3664 1963 3717 ad
1990 3665 2223 3731 Cannae,
2248 3672 2363 3742 qui-

1332 3763 1462 3816 que,
1487 3757 1621 3797 teste
1645 3745 1767 3796 Val.
1796 3744 1966 3810 Max.,
1987 3743 2081 3796 lib.
2106 3762 2204 3812 111,
2236 3768 2281 3802 c
2306 3759 2361 3816 4,

1333 3843 1397 3876 ex
1441 3825 1741 3876 macellaria
1784 3825 1949 3894 patris
1995 3824 2214 3880 taberna
2236 3867 2252 3893 ,
2294 3832 2361 3884 ad

1332 3923 1551 3975 magnos
1558 3903 1890 3974 magistratus
1904 3903 2365 3966 conscendit.Nos-

1333 3983 1406 4037 tri
1423 3996 1599 4036 autem
1625 3981 1915 4034 doctissimi
1926 3983 2189 4040 Varronis
2204 4009 2363 4045 num·

1335 4082 1486 4116 mum
1530 4063 1743 4116 exhibet
1788 4075 2092 4134 argenteum
2142 4069 2200 4118 V
2193 4073 2369 4126 uillam

1336 4145 1408 4198 ita
1425 4153 1697 4198 notatum:
1715 4144 1919 4223 Vnum.
1930 4145 2062 4199 Pno.
2094 4147 2269 4220 Caput
2284 4173 2362 4206 se-
