3025 5025
386 493 389 500 '
496 517 505 527 ·
556 481 693 549 DE
748 479 1093 547 BELLO
1149 477 1522 546 CIVILI.
1581 479 1769 545 LIB.
1827 479 1981 547 ΙΙΙ.
2202 473 2370 549 333.

244 614 349 683 has
374 638 551 683 more
586 611 980 708 praedonum
1015 611 1301 705 diripere
1338 626 1846 680 consueverunt.
1881 613 1973 680 Iis
2006 626 2230 680 autem
2254 616 2354 682 in·

242 723 405 808 vitis,
439 744 475 788 a
518 720 759 813 quibus
801 719 1057 787 Pharus
1102 731 1367 786 tenetur
1385 771 1404 805 ,
1446 742 1585 785 non
1633 731 1855 811 potest
1888 743 2032 788 esse
2080 734 2358 814 propter

242 828 549 921 angustias
604 825 887 893 navibus
943 825 1254 893 introitus
1294 825 1364 891 in
1401 837 1688 917 portum.
1737 827 1885 892 Hoc
1923 839 2065 893 tum
2105 829 2355 896 veritus

244 934 482 1021 Caesar,
517 931 823 1006 hostibus
864 933 933 1000 in
969 954 1197 1024 pugna
1236 932 1578 1023 occupatis
1599 983 1617 1016 ,
1653 929 2104 1024 militibusque
2145 957 2355 1026 expo-

239 1040 392 1125 sitis,
431 1039 723 1106 Pharum
776 1036 1252 1132 apprehendit,
1300 1051 1499 1129 atque
1545 1037 1635 1104 ibi
1687 1037 2069 1132 praesidium
2114 1041 2353 1132 posuit.

238 1145 477 1232 Quibus
514 1160 614 1213 est
649 1144 848 1213 rebus
882 1143 1228 1230 effectum,
1260 1156 1334 1210 ut
1363 1156 1508 1210 tuto
1541 1142 1952 1212 frumentum
1988 1143 2358 1262 auxiliaque

237 1251 497 1319 navibus
524 1250 611 1319 ad
634 1275 785 1318 eum
826 1250 1201 1344 supportari
1233 1262 1531 1344 possent.
1573 1235 1875 1318 Dimisit³
1899 1251 2075 1320 enim
2105 1251 2356 1319 circum

236 1381 449 1426 omnes
488 1358 896 1453 propinquas
931 1355 1273 1450 regioneS‚
1316 1369 1514 1448 atque
1551 1353 1705 1423 inde
1749 1355 1989 1424 auxilia
2031 1358 2356 1425 evocavit.

234 1462 511 1557 Reliquis
584 1461 815 1557 oppidi
879 1461 1179 1555 partibus
1240 1463 1335 1530 sic
1396 1475 1495 1528 est
1572 1475 1980 1556 pugnatum,
2040 1476 2119 1531 ut
2169 1487 2362 1557 aequo

233 1568 447 1664 praelio
496 1569 977 1655 discederetur,
1007 1582 1075 1634 et
1115 1568 1333 1635 neutri
1368 1564 1775 1660 pellerentur
1809 1560 1838 1656 (
1869 1568 1938 1635 id
1982 1567 2360 1638 efficiebant

234 1677 543 1770 angustiae
587 1667 813 1764 loci):
862 1675 1218 1770 paucisque
1277 1673 1613 1766 utrimque
1657 1675 2056 1764 interfectis,
2101 1677 2364 1766 Caesar,

231 1780 371 1853 loca
405 1783 689 1851 maxime
724 1781 1095 1850 necessaria
1132 1778 1547 1874 complexuS,
1571 1794 1778 1849 noctu
1801 1782 2172 1874 praemunit.
2213 1784 2362 1849 Hoc

232 1901 443 1956 tractu
488 1887 717 1982 oppidi
746 1911 903 1982 pars
938 1901 1082 1955 erat
1118 1887 1312 1980 regiae
1352 1887 1618 1980 exigua,
1645 1887 1714 1954 in
1743 1911 1948 1980 quam
1991 1889 2130 1982 ipse
2173 1884 2361 1955 habi·

232 1994 407 2063 tandi
450 2019 649 2062 causa
690 1995 878 2061 initio
916 2007 1059 2060 erat
1100 1993 1443 2079 inductuS,
1486 2007 1554 2061 et
1600 1992 1982 2081 theatrum,
2037 1994 2362 2087 conjunc-

232 2115 367 2168 tum
394 2101 662 2188 domui,
688 2098 871 2193 quod
900 2100 1071 2167 arcis
1106 2098 1377 2167 tenebat
1404 2097 1626 2167 locum
1642 2047 2038 2193 ,aditusqiie
2074 2100 2364 2168 habebat

231 2207 309 2274 ad
344 2222 655 2302 portum,
692 2221 759 2274 et
794 2204 879 2274 ad
920 2204 1171 2299 reliqua
1214 2191 1532 2273 navalia‘l.
1581 2207 1720 2274 Has
1750 2207 2151 2275 munitiones
2193 2207 2362 2276 inse·

230 2313 577 2405 quentibus
633 2314 816 2380 auxit
859 2311 1133 2398 diebus,
1176 2324 1252 2378 ut
1305 2334 1430 2402 pro
1466 2335 1662 2378 muro
1704 2310 1995 2404 objectas
2049 2311 2365 2401 haberet,

230 2444 357 2488 neu
400 2419 717 2488 dimicare
750 2418 996 2486 invitus
1041 2431 1409 2512 cogeretur.
1448 2418 1725 2484 Interim
1756 2416 1905 2484 filia
1923 2419 2141 2485 minor
2156 2403 2361 2487 ⁵-Pto

230 2525 437 2596 lemaei
494 2528 718 2620 regiS,
774 2549 1053 2593 vacuam
1116 2524 1598 2643 possessionem
1658 2526 1848 2618 regni
1907 2549 2228 2617 sperans,
2281 2526 2368 2593 ad

227 2630 531 2701 Achillan
574 2657 715 2705 sese
754 2656 835 2699 ex
876 2633 1059 2725 regia
1096 2629 1491 2722 transjecit,
1535 2653 1798 2722 unaque
1847 2628 2096 2724 bellum
2149 2630 2365 2700 admi-

228 2741 509 2807 nistrare
560 2739 783 2831 coepit.
824 2736 953 2805 Sed
992 2734 1291 2805 celeriter
1335 2749 1436 2805 est
1489 2737 1662 2804 inter
1706 2760 1819 2805 eos
1863 2736 1947 2805 de
1990 2716 2367 2830 principatu

228 2846 682 2913 controversia
709 2828 889 2911 orta⁶
907 2893 925 2927 ,
910 2866 1092 2935 ·quae
1124 2866 1228 2910 res
1256 2841 1433 2938 apud
1463 2839 1702 2910 milites
1736 2841 2116 2937 largitiones
2148 2843 2365 2911 auxit:

227 2951 485 3046 magnis
514 2952 689 3019 enim
722 2949 997 3042 jacturis
1033 2949 1154 3017 sibi
1189 2949 1466 3043 quisque
1504 2973 1736 3017 eorum
1775 2950 2031 3017 animos
2061 2949 2369 3018 concilia·

306 3150 607 3214 ammisit.
637 3154 812 3211 codd.
840 3155 1068 3209 maxima
1095 3174 1219 3227 pars
1236 3193 1253 3221 ‚

224 3240 449 3300 deduxit,
484 3236 631 3310 quod
675 3256 887 3290 sensum
927 3237 1256 3289 contrarium

226 3322 405 3372 offert.
428 3318 688 3371 Nonnulli
710 3329 763 3369 et
779 3329 960 3369 noster
984 3317 1049 3368 R.
1082 3316 1255 3384 5764,

224 3400 431 3453 deauxit
450 3435 465 3459 ‚
520 3399 715 3468 absque
762 3415 935 3449 sensu.
996 3395 1259 3455 Nonnulli

224 3476 581 3532 emendarunt
618 3480 762 3528 misit.
799 3476 891 3527 Nil
922 3474 1255 3527 mutandum.

302 3566 361 3623 4.
394 3557 601 3629 Reliqua
626 3556 837 3609 navalia.
857 3556 1045 3607 Morus
1063 3572 1260 3626 propo-

223 3640 302 3691 nit
342 3640 485 3706 regia
520 3637 739 3697 navalia,
780 3634 876 3687 ubi
918 3635 1074 3705 regiae
1100 3651 1259 3686 naves

224 3719 455 3771 stabant.
496 3714 637 3768 Vide
688 3714 867 3778 infra,
908 3714 1039 3766 Bell.
1078 3714 1259 3778 Alex.,

225 3817 337 3869 cap.
370 3796 473 3850 13:
497 3814 608 3848 non
634 3795 795 3855 male,
820 3791 915 3847 sed
944 3794 1056 3845 sine
1083 3805 1259 3845 aucto·

228 3878 410 3930 ritate.

305 3957 362 4009 5.
399 3955 536 4007 F1'lia
563 3957 733 4005 minor.
762 3952 987 4005 Arsinoe
1006 3990 1023 4017 ‚
1055 3949 1124 4002 de
1154 3970 1261 4021 qua

225 4034 337 4091 vid.
375 4035 500 4087 infr.
533 4034 594 4086 B.
625 4033 797 4098 Alex.,
825 4051 872 4085 c.
909 4038 977 4096 43
1009 4043 1064 4084 et
1093 4032 1253 4083 Dion.

225 4116 395 4181 Gaza„
411 4132 555 4180 uu,
577 4111 1036 4182 108.--Sperans.
1059 4110 1260 4164 Contra

1342 3168 1716 3211 testamentum
1742 3158 1925 3228 patris.
1959 3157 2088 3211 vid.
2123 3178 2291 3231 supr.,
2322 3180 2368 3217 c.

1350 3240 1477 3291 108.
1502 3237 1581 3289 Μ.

1426 3320 1481 3369 6.
1496 3316 1632 3368 Inter
1647 3336 1725 3368 eos
1745 3316 1804 3367 de
1815 3321 2117 3388 principatu,
2133 3331 2220 3372 etc.
2239 3318 2368 3371 Vid.

1344 3395 1519 3461 infra,
1551 3397 1611 3449 B.
1637 3398 1723 3459 A..
1755 3415 1869 3467 cap.
1903 3405 1956 3461 4.
1985 3398 2124 3451 Cum
2145 3400 2371 3451 Arsinoe

1343 3475 1448 3527 fuit
1470 3473 1811 3547 Ganymedes
1831 3515 1848 3541 ,
1878 3478 1973 3548 qui
1991 3496 2109 3530 eam
2135 3476 2371 3531 abduxe-

1341 3568 1425 3607 rat
1465 3556 1524 3607 in
1564 3568 1762 3621 castra,
1798 3570 1852 3609 et
1897 3558 2141 3609 Achillan
2184 3572 2370 3611 contra

1343 3653 1398 3687 se
1423 3648 1475 3687 et
1497 3636 1761 3688 Arsinoen
1783 3636 2013 3691 irritavit
2042 3638 2115 3688 ita
2133 3674 2148 3700 ,
2165 3650 2226 3689 ut
2257 3639 2369 3708 ipse

1344 3714 1555 3784 potiore
1578 3727 1712 3767 esset
1728 3714 2055 3768 auctoritate.
2077 3717 2183 3768 Dio
2210 3714 2375 3785 Casa„

1342 3811 1495 3857 xul,
1522 3794 1600 3846 M.
1634 3826 1716 3836 -—
1745 3794 1946 3862 Magnis
1988 3799 2111 3846 enim
2143 3798 2369 3865 jactari-5.

1345 3872 1595 3937 Frustra,
1621 3891 1683 3923 ex
1714 3871 1870 3925 codd.
1914 3875 2096 3927 Brant.
2131 3890 2182 3928 et
2209 3877 2341 3930 Lov.
2359 3918 2373 3945 ‚

1344 3952 1594 4004 nonnulli
1623 3952 1914 4023 praeferunt
1943 3957 2170 4009 aucturis.
2199 3956 2371 4008 Jactu·

1349 4051 1417 4081 7·oe
1452 4044 1576 4083 sunt
1615 4029 1772 4085 dona.
1815 4032 1958 4085 Vide
2003 4052 2122 4105 quae
2163 4037 2371 4091 notavi-

1347 4129 1493 4175 mus,
1512 4110 1610 4165 lib.
1625 4130 1683 4163 vr
1699 4150 1715 4178 ‚
1732 4113 1790 4165 Β.
1811 4111 1898 4175 G„
1921 4132 2034 4185 cap.
2069 4133 2090 4168 1
2107 4134 2156 4168 a.
