3025 5025
623 421 768 497 352
1328 422 2107 509 PRAEMoNlTlo

617 525 842 641 Μῦες
859 568 1012 649 post
1031 579 1045 620 :
1065 554 1409 623 INCIPIT
1446 555 1721 623 LIBER
1752 553 2257 623 SECUNDUs.
2279 556 2369 622 Et
2401 554 2505 624 hae
2535 553 2769 626 litterae

601 664 822 756 minio
850 675 917 730 et
946 659 1162 755 viridi,
1183 658 1408 729 colore
1449 660 1967 755 distinguuntur.
1998 662 2107 727 Ita
2148 659 2231 729 de
2262 662 2515 731 caeteris
2557 686 2768 758 usque

617 769 701 839 ad
741 768 945 837 finem
981 765 1132 835 libri
1169 768 1460 861 septimi,
1493 790 1694 861 quem
1720 781 1797 835 ut
1822 764 2066 835 librum
2110 780 2426 836 octavum
2470 769 2771 839 attribuit

617 863 733 941 A.
775 863 1080 955 Hirtio
1114 861 1470 939 Pansae.
1501 871 1759 941 Bellum
1796 871 2011 941 Civile
2048 860 2327 967 appa'ret
2365 876 2617 969 absque
2644 900 2767 945 no-

619 983 800 1051 mine
819 981 1143 1049 auctoris:
1173 981 1519 1050 INCIPIT
1551 981 1825 1049 LIBER
1853 982 2202 1050 PRIMUS
2237 983 2509 1051 BELLI
2546 984 2770 1052 CIVI-

619 1090 795 1173 LIS;
823 1089 982 1157 item
1019 1086 1103 1155 de
1143 1085 1304 1155 aliis.
1330 1088 1490 1155 Post
1511 1084 1770 1156 Bellum
1797 1084 2011 1155 Civile
2038 1086 2364 1156 habemus
2390 1090 2773 1159 :INCIPIT

619 1195 695 1265 C.
747 1195 1140 1265 CAESARIS
1184 1194 1571 1263 BELLUM
1621 1192 2387 1263 ALEXANDRINUM
2428 1196 2770 1265 FELICI-

619 1302 836 1386 TER3
857 1301 940 1370 ad
971 1298 1222 1371 calcem
1249 1300 1440 1393 cujus
1467 1300 1687 1393 operis
1712 1298 1857 1369 haec
1876 1297 2191 1393 leguntur
2206 1316 2380 1395 exp
2392 1286 2617 1383 licit,
2646 1316 2767 1373 etc.

620 1406 805 1493 dein,
823 1408 1171 1476 INCIPIT
1201 1407 1474 1475 LIBER
1499 1406 1770 1475 BELLI
1789 1407 2157 1495 AFRICE‚
2171 1420 2239 1475 et
2260 1406 2345 1475 ad
2370 1406 2575 1477 finem
2593 1406 2771 1497 libri,

619 1514 1052 1583 EXPLICIT
1067 1515 1345 1582 LIBER
1367 1514 1444 1581 C.
1473 1513 1873 1583 CAESARIS
1896 1514 2165 1583 BELLI
2192 1514 2306 1581 AF
2307 1516 2527 1583 RICE
2543 1540 2565 1601 ;
2582 1514 2735 1584 dein
2753 1569 2773 1605 ,

619 1621 968 1689 INCIPIT
1001 1620 1304 1690 ALTER
1335 1620 1610 1688 LIBER
1638 1620 2142 1689 FELICITER.
2168 1623 2275 1689 Ita
2302 1633 2376 1689 ut
2400 1620 2483 1689 de
2512 1621 2773 1693 duobus

620 1724 1158 1813 libris‚videlicet
1174 1725 1257 1793 de
1279 1724 1464 1794 Bello
1477 1724 1799 1795 Africano
1814 1739 1883 1795 et
1904 1724 1989 1793 de
2010 1724 2195 1795 Bello
2215 1728 2539 1821 Hispane,
2564 1753 2773 1798 unum

621 1856 792 1928 opus
841 1832 1041 1903 faciat
1075 1830 1338 1900 duobus
1375 1831 1763 1901 distinctum
1798 1829 2003 1901 libris,
2040 1834 2123 1900 In
2160 1835 2358 1903 tertio
2393 1839 2620 1903 autein
2662 1858 2771 1905 co·

623 1938 768 2007 dice
800 1939 984 2033 regio
1019 1934 1220 2033 5768
1238 1990 1259 2023 ‚
1281 1937 1709 2025 Colbertino‚
1736 1927 1875 2006 ΧΙο
1900 1962 2044 2007 saec.
2084 1953 2354 2008 exarato
2365 1950 2395 2028 ‚'
2413 1965 2573 2035 pars
2604 1940 2773 2011 tituli

623 2045 879 2118 miniati
903 2044 1123 2137 operis
1151 2067 1298 2137 quae
1325 2042 1531 2111 hahet
1560 2067 1811 2111 nomen
1836 2046 2129 2111 auctoris
2156 2043 2370 2115 deleta
2392 2046 2550 2135 fuit,
2578 2050 2773 2143 atque

553 2156 558 2160 ’
626 2149 862 2223 eodem
892 2148 1094 2218 modo
1118 2162 1266 2217 tum
1297 2148 1382 2216 ad
1411 2146 1689 2235 calcem,
1703 2162 1849 2217 tum
1872 2147 1958 2217 ad
1979 2150 2245 2221 initium
2265 2152 2588 2247 cujusque
2604 2153 2772 2241 libri,

626 2256 743 2329 ubi
781 2279 1020 2327 manus
1071 2252 1300 2324 infelix
1343 2256 1537 2325 nobis
1578 2278 1823 2324 nomen
1870 2256 2211 2350 scriptoris
2250 2258 2599 2353 subripuit.
2646 2260 2774 2331 Sed

627 2362 714 2433 ad
751 2362 955 2431 finem
1005 2361 1160 2430 libri
1195 2362 1391 2457 primi
1427 2360 1595 2431 Belli
1638 2359 1871 2430 Civilis
1914 2362 2059 2432 haec
2112 2364 2371 2457 integra
2414 2364 2769 2461 leguntur:

629 2456 1050 2539 Suetonii
1079 2453 1581 2564 tranquilli
1616 2456 1800 2532 viri
1832 2455 2337 2536 clarissimi
2370 2456 2483 2538 de
2522 2461 2775 2540 bellis

632 2565 1048 2644 civilibus
1095 2564 1481 2644 Caesaris
1520 2561 1908 2670 explicit
1946 2562 2179 2642 liber
2200 2559 2584 2674 primus,
2628 2572 2772 2648 In-

631 2672 863 2779 cipit
909 2668 1515 2768 secundas;·et
1566 2680 1654 2750 ad
1718 2681 1971 2751 calcem
2029 2681 2181 2753 libri
2235 2687 2413 2756 tertii
2470 2686 2555 2756 de
2599 2687 2774 2761 Bello

633 2788 832 2860 Civili
867 2789 1011 2858 haec
1040 2788 1266 2858 videre
1297 2787 1450 2858 licet
1479 2813 1494 2856 :
1536 2790 1647 2858 Su
1685 2835 2077 2856 ........
2123 2777 2234 2856 cle
2280 2779 2543 2859 bellis
2576 2785 2773 2861 civi-

635 2881 870 2961 libus
941 2883 1208 2960 liber·
1244 2885 1565 2960 tertius
1600 2901 1605 2906 ’
1642 2881 2051 2991 explicit.
2135 2887 2487 2995 Incipit
2562 2890 2779 2968 liber

485 3065 491 3072 .
631 3005 1036 3097 quartu&
1074 3006 1182 3072 Ita
1214 3017 1290 3071 ut
1325 3000 1583 3072 Bellum
1621 2999 2145 3072 Alexandrinum
2184 3007 2268 3074 sit
2302 3021 2581 3099 quartus
2617 3008 2772 3078 liber

631 3106 798 3179 Belli
827 3108 1100 3197 Civilis,
1125 3108 1306 3203 quod
1343 3123 1575 3178 nostro
1600 3108 1851 3203 judicio
1890 3109 2123 3180 melius
2164 3117 2588 3184 conveniret:
2628 3140 2769 3184 nam

629 3213 889 3284 Bellum
928 3214 1454 3284 Alexandrinum
1490 3217 1607 3284 vix
1649 3216 1937 3286 mediam
1962 3237 1969 3244 ·
1990 3231 2249 3313 partem
2295 3216 2446 3288 libri
2490 3223 2771 3308 obtinet,

519 3335 522 3340 '
635 3321 798 3390 dum
843 3321 1054 3392 altera
1089 3322 1172 3390 de
1217 3326 1417 3416 gestis
1463 3325 1745 3392 Caesaris
1786 3324 1857 3392 in
1896 3325 2051 3392 Asia
2092 3324 2371 3394 disserit.
2418 3329 2509 3397 At
2563 3331 2634 3398 in
2676 3335 2769 3399 sess·

729 3428 992 3500 entibus
1027 3428 1343 3523 leguntur
1377 3431 1424 3497 S
1442 3477 1831 3495 ........
1882 3416 2025 3502 De
2065 3417 2326 3498 bellis
2368 3422 2771 3502 civilibus

635 3453 1282 3631 liberqaartus
1317 3523 1725 3632 explicit.
1756 3523 2111 3633 Incipit
2143 3524 2383 3603 liber
2404 3527 2515 3606 de
2554 3527 2769 3608 bello

643 3629 1034 3709 Caesaris
1064 3631 1156 3707 in
1185 3629 1547 3734 Africa.
1582 3645 1877 3712 Demum
1906 3645 1994 3713 :S
2012 3691 2401 3711 ........
2450 3652 2621 3715 etc.
2644 3639 2771 3715 In-

637 3737 878 3844 cipit
925 3735 1565 3843 hyspaniense.
1626 3750 1878 3818 Omnes
1937 3750 2199 3820 codices
2248 3777 2391 3822 aevo
2444 3755 2767 3824 inferiores

639 3853 906 3924 easdem
961 3853 1216 3925 habent
1271 3856 1752 3950 inscriptiones.
1802 3855 1934 3925 Sed
1987 3881 2161 3926 vana
2204 3874 2359 3929 sunt
2399 3857 2767 3956 argumenta

638 3967 787 4054 qiiae
806 3966 812 3974 ’
829 3986 910 4030 ex
949 3961 1289 4031 codicibus
1329 3963 1468 4056 peti
1509 3964 1769 4058 possint
1798 3987 1813 4030 t
1860 3976 1928 4031 et
1969 3967 2293 4034 Veterum
2337 3969 2765 4037 testimonium

639 4067 720 4137 in‘
745 4091 820 4135 ea
859 4093 934 4135 re
972 4068 1241 4160 majoris
1268 4083 1368 4140 est
1401 4067 1616 4163 pretii.
1654 4072 1865 4140 Porro
1906 4071 2178 4144 minime
2217 4071 2649 4145 dubitandum
2684 4085 2764 4141 est
