3025 5025
670 520 817 567 212
986 497 1063 562 C.
1119 492 1401 560 JULII
1456 491 1918 560 CAESARIS
1973 487 2517 560 COMMENT.

664 652 751 698 ne
787 651 893 697 res
937 626 1239 697 maximae
1283 625 1422 720 spei
1464 624 1898 718 maximaeque
1939 622 2238 694 utilitatis
2269 624 2426 718 -ejus
2465 624 2776 694 iracundia

666 733 1190 829 impedirentur3
1233 733 1532 825 Pompeii
1590 754 1918 800 summam
1969 755 2110 799 esse
2166 755 2246 799 ac
2303 731 2502 800 fuisse
2544 749 2779 825 semper

664 866 709 909 x
713 841 1116 928 oluntatem,
1150 852 1227 907 ut
1270 851 1870 958 componerentur,
1905 851 2104 955 atque
2147 837 2234 904 ab
2275 838 2474 906 armis
2513 837 2776 906 discede-

666 962 911 1035 retur3
925 945 1039 1014 sed
1076 958 1473 1040 potestatem
1519 968 1590 1012 se
1629 945 1784 1038 ejus
1829 944 1924 1012 rei
1965 941 2216 1011 nullam
2271 943 2518 1012 habere
2543 995 2562 1031 ‚
2591 961 2777 1037 prop·

665 1068 847 1122 terea
883 1052 1064 1145 quod
1102 1051 1187 1122 de
1223 1049 1485 1121 concilii
1521 1036 1879 1118 sententia⁴
1909 1071 2240 1120 summam
2270 1047 2424 1118 belli
2454 1071 2780 1142 rerumque

666 1161 968 1230 omnium
1030 1159 1353 1276 Pompeio
1404 1157 1884 1253 permiserint.
1931 1155 2047 1224 sed
2109 1154 2462 1250 postulatis
2531 1156 2780 1224 Caesaris

667 1267 985 1360 cognitiS‚
1019 1265 1338 1332 missuros
1374 1263 1459 1331 ad
1494 1264 1919 1357 Pompeium,
1951 1276 2148 1356 atque
2185 1261 2370 1330 illum
2403 1260 2648 1354 reliqua
2683 1285 2782 1355 per

668 1398 739 1442 se
766 1370 1109 1458 acturum,
1135 1369 1616 1438 hortantibus
1597 1371 1802 1465 ipsis.
1832 1371 2084 1437 interea
2111 1383 2461 1438 manerent
2497 1365 2782 1454 induciae,

668 1479 831 1546 dum
880 1478 969 1546 ab
1012 1475 1125 1546 illo
1185 1475 1386 1544 rediri
1444 1489 1708 1570 posset3
1761 1499 1932 1544 neve
1991 1472 2160 1544 alter
2195 1455 2386 1544 alteri
2429 1481 2777 1544 noceret.»

670 1589 821 1653 Huc
859 1583 1043 1652 addit
1082 1567 1330 1678 pauca⁵
1370 1582 1453 1652 de
1491 1605 1721 1668 causa,
1757 1597 1825 1651 et
1861 1581 1946 1650 de
1982 1582 2192 1676 copiis
2231 1581 2616 1676 auxiliisque
2653 1581 2782 1648 suis.

776 1691 1005 1760 XVII.
1053 1690 1317 1776 Quibus
1346 1689 1576 1758 rebus
1571 1713 1798 1782 neque
1829 1703 1973 1756 tum
2010 1687 2552 1782 respondendum
2592 1689 2786 1756 Caesar

656 1796 1114 1880 -existimavit3
1158 1819 1375 1890 neque
1416 1819 1634 1883 nunc,
1659 1809 1746 1864 'ut
1786 1797 2124 1864 memoriae
2182 1793 2616 1889 prodanturss
2657 1793 2786 1862 satis

670 1982 764 2033 lib.
800 1999 991 2048 xxxvx,
1017 2000 1073 2051 p.
1111 1983 1187 2033 60
1211 1998 1226 2032 z
1260 1971 1329 2032 de
1358 1983 1591 2051 praetura
1621 1980 1700 2032 nil

672 2061 945 2113 invenitur
978 2078 1061 2131 ap.
1093 2060 1396 2132 scriptores.
1424 2061 1507 2111 De
1539 2057 1704 2112 aedili-

672 2151 781 2192 tate
806 2147 983 2193 autem
1000 2139 1211 2210 scripsit
1228 2139 1513 2192 Suetonius
1531 2157 1702 2210 usque

672 2218 807 2272 adeo
820 2220 1083 2274 Caesarem
1104 2219 1474 2272 communium
1499 2221 1705 2290 impen-

674 2318 852 2352 sarum
878 2295 1103 2370 gratiam
1134 2298 1332 2370 cepisse
1351 2338 1366 2365 ‚
1384 2313 1444 2352 ut
1464 2318 1575 2350 non
1600 2297 1705 2351 dis-

674 2377 945 2431 simularet
992 2378 1216 2431 Bibulus
1266 2369 1367 2431 sibi
1422 2380 1657 2432 evenisse
1691 2419 1706 2447 ,

676 2455 823 2532 quod
846 2458 1083 2525 Polluci3
1108 2471 1167 2512 ut
1193 2458 1337 2513 enim
1360 2459 1585 2530 geminis
1604 2459 1707 2511 fra·

664 2540 849 2593 tribus
874 2538 1011 2591 edes
1036 2539 1109 2593 in·
1123 2540 1243 2591 foro
1269 2540 1558 2592 constituta
1587 2551 1706 2593 tan·

678 2632 796 2672 tum
827 2619 1059 2672 Castoris
1086 2631 1369 2672 vocaretur
1383 2656 1399 2687 ,
1420 2611 1498 2672 ita
1520 2618 1590 2671 de
1613 2638 1709 2671 sua

679 2712 731 2752 et
754 2699 973 2760 Caesaris
998 2698 1363 2753 munificentia
1389 2697 1569 2761 fuisse.
1600 2697 1710 2751 Cae·

660 2791 855 2849 terum
883 2779 1107 2831 Bibulus
1135 2778 1269 2845 iste,
1302 2797 1463 2849 quem
1495 2780 1710 2831 iracun-

662 2858 814 2925 dum
847 2858 1124 2911 hominem
1143 2896 1159 2924 ‚
1192 2869 1245 2910 et
1274 2856 1526 2921 vindictae
1563 2858 1712 2929 cupi-

667 2938 817 3011 ·dum
844 2938 1001 2999 nobis
1030 2935 1272 3008 depingit
1302 2938 1504 3006 Caesar,
1531 2937 1713 2991 mode-

681 3017 905 3071 rationis
960 3018 1087 3071 alias
1129 3035 1385 3088 magnum
1441 3019 1712 3089 specimen

684 3096 835 3149 dedit
864 3115 947 3167 ap.
982 3097 1103 3149 val.
1136 3096 1278 3161 Max.
1296 3136 1315 3163 ‚
1341 3099 1401 3149 in
1430 3098 1619 3166 titulo,
1653 3098 1713 3151 de

686 3176 1008 3241 moderatione
1028 3179 1207 3238 animi,
1231 3177 1270 3231 l.
1296 3196 1427 3246 τηε.
1462 3197 1514 3245 1,
1541 3174 1590 3239 S.
1619 3178 1709 3231 15.

666 3258 871 3322 ‚Quum
897 3258 1043 3310 enim
1060 3256 1297 3309 duorum
1318 3258 1539 3329 egregias
1561 3255 1716 3311 indo·-

686 3336 754 3389 lis
784 3336 1021 3389 filiorum
1040 3376 1054 3405 ‚
1077 3355 1211 3407 quos
1233 3337 1491 3390 habuerat
1510 3376 1528 3405 ‚
1555 3338 1718 3391 inter·

670 3417 913 3479 ‚sectores
943 3416 1011 3469 ad
1040 3436 1167 3469 eum
1193 3416 1402 3471 vinctos
1434 3418 1718 3489 Cleopatra

688 3497 872 3568 regina
900 3497 1126 3551 misisset
1144 3534 1161 3561 ‚
1192 3496 1437 3567 carng'fices
1466 3500 1718 3566 sanguinis

688 3580 767 3629 sui
798 3581 1007 3639 intactos
1028 3598 1055 3627 e
1076 3580 1285 3646 ‘vestigio
1306 3577 1379 3629 ad
1409 3576 1718 3648 Cleopatram

690 3656 857 3710 reduci
880 3660 1030 3727 jussit
1044 3696 1061 3719 ,
1098 3656 1259 3709 dicens
1297 3667 1582 3727 potestatem
1615 3661 1719 3727 ejus

692 3737 925 3787 vindictae
948 3756 1061 3803 ‚non
1090 3756 1226 3787 suam
1237 3775 1252 3799 ,
1278 3737 1368 3789 sed
1398 3750 1590 3792 senatus
1621 3758 1720 3791 esse

674 3817 878 3889 ‘deber-e.
910 3848 994 3861 -—-
1022 3816 1386 3886 Impedit-entur.
1425 3817 1535 3871 Alii
1555 3820 1718 3889 ¹impe-

654 3909 659 3913 ’
696 3896 893 3949 dir-etur.
918 3897 1227 3967 Utrumque
1246 3908 1421 3963 recte;
1454 3911 1507 3951 et
1540 3898 1616 3951 ita
1643 3899 1725 3953 in-

694 3976 779 4029 fra
798 4017 816 4044 ,
844 3988 1216 4046 componeretur.

676 4112 686 4119 ,
778 4064 835 4119 4.
872 4054 1083 4109 Concilii
1108 4060 1360 4111 sententia.
1388 4057 1613 4112 Vossius
1643 4076 1724 4113 se·

698 4148 885 4191 natum
916 4136 1192 4207 inteuigit,
1222 4148 1278 4191 et
1301 4150 1556 4194 senatum·
1574 4138 1666 4193 hic
1695 4158 1726 4193 a

1790 1981 1997 2034 Caesare
2027 1998 2125 2052 per
2153 1988 2524 2051 contemptum
2553 1977 2654 2032 dici
2680 1995 2785 2030 con·

1789 2061 1974 2114 cilium
2006 2071 2276 2127 autumat,
2301 2055 2570 2125 (Gallice,
2602 2078 2662 2110 un
2692 2075 2786 2108 con-

1790 2139 2014 2192 ciliabule
2025 2138 2062 2204 ),
2084 2140 2208 2211 quia
2235 2157 2359 2211 pars
2384 2151 2682 2193 senatorum
2694 2151 2784 2189 ina·

1790 2237 1894 2291 gna
1926 2222 2109 2273 Romae
2147 2231 2410 2272 manserat
2429 2259 2446 2287 ,
2467 2231 2524 2272 et
2547 2218 2789 2280 consules,

1791 2301 1848 2352 in
1888 2318 2121 2371 quorum
2163 2317 2389 2352 numero
2438 2312 2575 2352 esset
2591 2339 2606 2367 ,
2634 2310 2683 2350 et
2719 2295 2789 2348 alii

1791 2381 2124 2450 magistratus
2156 2379 2296 2431 inter
2321 2379 2670 2450 Pompeianos
2699 2395 2788 2429 ιιοιι

1793 2458 2030 2513 aderant.
2071 2458 2177 2512 Alii
2221 2459 2409 2513 malint
2453 2459 2718 2519 consilium,
2747 2466 2790 2506 at

1793 2539 1918 2593 vidae
1945 2558 2067 2611 qum
2097 2539 2400 2593 notavimus
2427 2539 2527 2593 lib.
2561 2555 2607 2592 ιι
2637 2540 2693 2592 Β.
2719 2537 2788 2599 C.‚

1793 2638 1910 2692 cap.
1948 2622 2014 2675 31
2053 2632 2110 2672 et
2144 2621 2236 2673 32.

1881 2700 1932 2753 5.
1948 2700 2066 2753 Huc
2089 2700 2230 2752 addit
2244 2712 2528 2770 paucamtc.
2550 2698 2684 2753 Nota
2697 2696 2787 2749 h.l.

1795 2780 2060 2833 Libonem
2082 2779 2220 2833 nihil
2239 2779 2383 2833 aliud
2399 2780 2690 2852 quoesiisse,
2707 2775 2790 2829 nisi

1797 2872 1858 2912 ut
1887 2872 2100 2931 tempus
2127 2872 2342 2925 temet,
2367 2872 2528 2931 atque
2553 2859 2651 2915 sibi
2677 2873 2792 2929 prae·

1797 2940 1981 2993 sertim
1995 2940 2053 2991 in
2069 2952 2268 2993 terram
2277 2938 2600 2995 descendere
2613 2939 2772 2991 lioeret
2781 2972 2795 3000 ,

1797 3032 1861 3073 ut
1893 3038 2011 3090 quse
2035 3020 2186 3073 classi
2217 3038 2326 3073 suae
2353 3020 2643 3073 necessaria
2669 3024 2794 3069 erant

1799 3100 1914 3153 sine
1951 3100 2064 3151 ullo
2105 3100 2347 3171 periculo
2389 3112 2618 3171 pararet.
2660 3092 2795 3150 Unde

1800 3177 2053 3251 culpandi
2085 3192 2210 3235 sunt
2239 3180 2456 3233 Caesaris
2493 3179 2677 3251 legati,
2701 3173 2797 3227 Aci·

1799 3260 1904 3312 lius
1932 3271 1989 3312 et
2019 3258 2215 3313 Statius
2235 3300 2252 3327 ‚
2275 3262 2370 3331 qui
2403 3258 2642 3314 inducias
2655 3294 2672 3323 ‚
2705 3271 2796 3307 non

1803 3348 2068 3394 annuente
2091 3337 2236 3393 -duce
2249 3379 2267 3407 ‚
2293 3340 2539 3393 hostibus
2562 3352 2800 3393 conoesse-

1788 3432 1939 3473 ·rant.
1965 3419 2020 3472 A
2039 3420 2093 3471 la
2115 3438 2312 3491 guerre,
2354 3419 2536 3491 inquit
2563 3420 2736 3488 Turpia
2751 3412 2800 3465 de

1807 3500 1995 3561 Crissd,
2023 3510 2153 3553 tom..
2187 3518 2256 3553 ιιι
2271 3539 2286 3567 ,
2310 3518 2429 3571 pag.
2459 3500 2490 3553 3
2505 3519 2564 3570 ι,
2585 3508 2690 3550 tout
2707 3491 2802 3564 offi·

1773 3636 1775 3643 Ι
1803 3583 1903 3631 cler
1943 3581 2148 3648 gdue'ral
2177 3599 2251 3631 -ou,
2297 3591 2434 3633 aun-e
2475 3598 2536 3631 m
2567 3588 2688 3650 peut
2719 3577 2804 3626 rien

1803 3659 1996 3713 decider-
2029 3679 2088 3711 en
2122 3680 2180 3711 ce
2203 3678 2353 3729 genre
2391 3676 2505 3715 sans
2543 3674 2756 3729 mamque!-
2777 3653 2806 3703 ἆ

1807 3740 1858 3791 la
1879 3774 1886 3781 ·
1909 3739 2298 3802 subordination,
2329 3752 2384 3806 et
2421 3758 2534 3791 sans
2576 3759 2626 3791 se
2661 3733 2807 3789 undu

1775 3871 1784 3891 1
1807 3818 2050 3890 coupable.
2067 3817 2308 3891 Ideoque
2325 3820 2524 3885 Cesar,
2543 3818 2634 3873 cui
2647 3818 2807 3870 fucum

1809 3900 1982 3954 facere
2010 3918 2122 3953 non
2143 3910 2366 3973 poterat·
2381 3900 2550 3966 Libo,
2578 3899 2670 3953 has
2695 3910 2806 3949 oon·

1810 3979 2026 4035 firmare
2054 3980 2232 4034 noluit
2260 3979 2520 4033 inducias.

1895 4060 2026 4115 cst.
2057 4060 2240 4113 xvn.
2273 4078 2320 4113 1.
2351 4060 2602 4113 Mauorte
2622 4054 2813 4129 pmaan-
2921 4036 2923 4048 ²

1819 4152 1914 4193 tur.
1970 4140 2066 4195 Est
2111 4138 2416 4197 emendatio
2467 4138 2815 4195 recentiorum·
2920 4140 2923 4181 ἓ

2921 3854 2925 3973 l
