3025 5025
993 443 1571 514 AFRICANO.
2213 437 2352 512 511

232 571 395 642 Sulla
428 578 707 682 Faustus
746 575 941 664 fecit,
986 599 1067 644 ac
1095 577 1181 646 de
1221 600 1339 645 sua
1379 575 1666 670 pecunia
1705 573 1978 668 largitus
2019 589 2161 643 est:
2201 600 2366 645 una-

233 704 347 772 que
387 706 537 752 cum
579 685 657 754 iis
694 683 781 752 ab
818 630 1024 753 Utica
1062 681 1540 777 proficiscitur,
1577 695 1776 776 atque
1812 681 1882 748 in
1923 667 2242 774 regnum⁵
2271 685 2368 751 ire

236 789 573 858 contendit.

246 961 253 968 .
325 897 774 974 LXXXVIII.
834 896 1231 992 Complures
1274 896 1542 966 interim
1587 917 1666 963 ex
1713 894 1874 990 fuga
1911 895 2183 963 Uticam
2220 918 2369 987 per-

232 1003 503 1072 veniunt.
560 1005 753 1092 Quos
794 1028 1029 1074 omnes
1064 1006 1239 1074 Cato
1281 1016 1688 1072 convocatos
1707 1055 1726 1088 ‚
1762 1025 1898 1070 una
1935 1023 2091 1070 cum
2131 1002 2309 1070 CCC
2329 1001 2374 1083 ¹,

232 1109 333 1200 qui
367 1112 719 1203 pecuniam
756 1111 1055 1205 Scipioni
1086 1109 1171 1179 ad
1212 1107 1462 1180 bellum
1499 1107 1883 1177 faciendum
1921 1106 2374 1194 contulerant,

232 1213 519 1287 hortatur
542 1271 563 1304 ,
607 1231 685 1286 ut
728 1219 995 1286 servitia
1030 1218 1612 1304 manumittet-ent,
1651 1215 2106 1310 oppidumque
2147 1214 2376 1283 defen-

233 1317 464 1390 derent.
503 1325 816 1413 Quorum
850 1349 1059 1417 quum
1092 1337 1353 1418 partem
1391 1323 1744 1410 assentire,
1773 1337 2032 1417 partem
2075 1322 2375 1390 animum

234 1442 641 1525 mentemque
683 1433 1109 1525 perterritam
1145 1445 1345 1523 atque
1380 1431 1451 1497 in
1488 1429 1720 1523 fugam
1737 1427 1758 1452 ²
1805 1429 2200 1498 destinatam
2244 1428 2372 1496 ha·-

234 1530 379 1604 bere
420 1535 1191 1634 intellexisset3amplius
1228 1535 1313 1606 de
1348 1560 1429 1604 ea
1458 1559 1534 1603 re
1565 1559 1762 1630 agere
1806 1536 2099 1623 destitit,
2131 1559 2375 1604 naves-

234 1663 351 1731 que
386 1643 463 1712 iis
491 1641 830 1729 attribuit,
868 1657 947 1712 ut
981 1644 1051 1711 in
1096 1666 1263 1736 quas
1296 1642 1575 1736 quisque
1617 1656 1842 1736 partes
1883 1641 2119 1728 vellet,
2163 1641 2377 1736 profi-

238 1747 1169 1844 eisceretur.1pse,omnibus
1207 1749 1407 1818 rebus
1436 1747 1936 1844 diligentissime
1971 1751 2381 1836 constitutiS,

237 1849 444 1924 liberis
486 1859 621 1926 suis
674 1859 753 1925 L.
806 1858 1051 1926 Caesari
1110 1857 1227 1950 qui
1270 1871 1415 1925 tum
1472 1858 1531 1924 ei
1580 1881 1706 1950 pro
1771 1870 2099 1950 quaestore
2165 1855 2386 1924 fuerat

238 1963 745 2052 commendatis,
804 1977 875 2030 et
923 1965 1066 2033 sine
1120 1964 1532 2058 suspicione,
1569 1961 1760 2032 vultu
1819 1976 2020 2058 atque
2079 1987 2384 2031 sermone

236 2089 361 2158 quo
384 2072 725 2164 superiore
751 2083 1057 2164 tempore
1088 2095 1249 2139 usus
1272 2070 1520 2156 fuerat,
1545 2094 1754 2162 quum
1783 2069 2190 2139 dormitum
2172 2072 2381 2152 iisset,

239 2169 477 2246 ferrum
518 2179 701 2246 intro
734 2175 955 2244 clam
936 2201 1006 2244 m
1042 2176 1427 2246 cubiculum
1466 2174 1619 2244 tulit
1637 2191 1892 2270 ,atque
1925 2179 2018 2244 ita
2061 2202 2130 2244 se
2175 2190 2388 2246 trans·

233 2267 435 2368 jecit³.
467 2283 607 2371 Qui
648 2267 917 2376 quum⁴,
950 2284 1175 2356 anima
1216 2282 1518 2352 nondum
1557 2285 1926 2377 exspirata,
1953 2283 2388 2368 concidisset,

127 2553 129 2559 ,
242 2482 398 2555 telligi
426 2497 605 2557 potest
635 2482 780 2537 aliud
794 2522 810 2549 ,
835 2501 997 2555 quam
1026 2488 1265 2537 sestertios

245 2576 450 2631 centiam3
476 2565 645 2637 idque
666 2564 947 2618 confirmat
978 2564 1266 2618 Petavinus

246 2642 434 2711 codex,
462 2646 521 2699 in
556 2662 667 2717 quo
702 2644 763 2699 C.
798 2649 1017 2719 sestertia
1041 2645 1266 2715 legitur,

245 2724 387 2793 quod
418 2738 600 2779 tamen
651 2724 876 2780 modum
924 2723 1147 2779 excedit.
1188 2725 1271 2779 Μ.

247 2802 382 2858 Vide
412 2820 600 2859 notam
624 2802 693 2859 ad
724 2806 807 2861 Al.
843 2808 937 2870 48.

329 2885 378 2937 5.
412 2887 475 2942 In
500 2904 719 2956 regnum.
752 2886 870 2941 Hoc
893 2886 1015 2939 loco
1044 2904 1275 2957 regnum

248 2982 345 3034 pro
356 2984 521 3037 regno
544 2967 579 3019 J
582 2966 703 3019 uba
715 2964 833 3019 κατ’
844 2966 1013 3034 ἐξοχὴν
1024 2966 1249 3037 ponitur
1262 3006 1277 3033 ,

252 3056 309 3097 ut
331 3064 377 3097 c.
414 3064 484 3115 9²
502 3086 517 3113 ,
542 3045 639 3116 93.
663 3047 797 3099 Dm.
819 3046 965 3117 Ergo
982 3064 1159 3116 neque
1186 3044 1280 3097 Ro-

247 3142 391 3195 gmcm
414 3126 559 3179 Juboe
589 3125 901 3197 legendum,
928 3144 1105 3197 neque
1134 3125 1280 3178 Juboe

252 3222 349 3277 pro
389 3209 456 3259 irc
495 3205 813 3279 ponendum
854 3218 951 3259 est.
974 3204 1119 3259 Vide
1160 3224 1277 3277 cap.

258 3285 347 3353 95.
380 3286 597 3341 Manus.

333 3366 841 3421 emLxxxvm.
854 3384 877 3419 ι
889 3366 1033 3420 .Cum
1044 3370 1286 3429 trecentis.

259 3444 421 3499 Erant
436 3442 649 3499 romani
656 3447 817 3514 civeS,
834 3448 891 3499 in
899 3447 1079 3499 Africa
1090 3464 1287 3499 merca·

259 3536 433 3579 turam
448 3540 505 3579 et
518 3528 691 3583 foenus
704 3539 1005 3582 exercentes
1019 3546 1035 3592 ,·
1052 3539 1287 3599 quornm

260 3607 480 3661 consilio
489 3620 544 3661 et
553 3624 717 3679 opera
728 3606 863 3658 Ceto
874 3607 1141 3660 utebatur.
1157 3604 1287 3660 vid.

262 3703 309 3742 o.
334 3704 411 3755 90
424 3724 443 3753 ‚
460 3686 733 3740 Plutarch.
752 3686 889 3751 Cat„
910 3704 1047 3757 cap„
1071 3686 1164 3755 59,
1192 3690 1227 3740 6
1241 3705 1263 3739 1
1276 3727 1287 3739 .

263 3762 501 3821 Cuma.
550 3767 791 3820 Omnino
835 3766 1152 3819 Plutarchus
1196 3768 1291 3819 illo

1355 2496 1542 2539 contra
1577 2463 1738 2537 codd.
1794 2484 1966 2537 bonos
2003 2495 2056 2537 et
2093 2481 2218 2537 edd.
2259 2496 2387 2537 vett.

1359 2563 1558 2617 Noster
1577 2562 1699 2617 cod.
1735 2563 1888 2634 5768
1905 2602 1922 2628 ,
1939 2566 2145 2634 infuga.

1441 2645 1492 2697 3.
1527 2645 1611 2697 Ita
1631 2663 1682 2695 se
1711 2647 1973 2714 trwnjecit.
1996 2646 2076 2697 De
2095 2656 2271 2696 morte
2289 2644 2392 2697 Ca-

1359 2724 1503 2778 tonis
1545 2725 1733 2795 utique
1783 2722 2040 2795 legendus
2075 2722 2392 2777 Plutarchus

1360 2803 1507 2858 dicto
1530 2805 1567 2857 l.
1587 2824 1703 2876 cap.
1731 2808 1804 2875 67
1835 2823 1952 2875 sqq.
1969 2804 2177 2877 Nempe
2197 2806 2394 2857 curatis

1362 2885 1614 2938 omnibus
1643 2886 1871 2956 publicis
1888 2884 2215 2956 privatisque
2239 2904 2396 2956 nego-

1364 2966 1485 3031 tiis,
1520 2966 1720 3018 balneo
1756 2966 1954 3031 utitur3
1988 2978 2103 3017 tum
2133 2983 2310 3030 coena,
2337 2966 2394 3017 in

1364 3064 1471 3117 qua
1499 3064 1626 3099 cum
1645 3046 1980 3117 philosophis
2009 3045 2177 3100 multa
2211 3044 2279 3097 de
2315 3064 2399 3099 sa-

1366 3126 1564 3198 pientis
1580 3127 1828 3179 libertate
1853 3124 2122 3197 disputat3
2147 3126 2222 3179 sic
2247 3127 2400 3178 cubi-

1368 3219 1485 3259 tum
1506 3207 1565 3259 it.
1585 3207 1670 3259 Ibi
1691 3204 1868 3277 gladio
1889 3204 2211 3272 desiderato,
2237 3224 2400 3278 quem

1370 3286 1515 3339 filius
1543 3299 1844 3339 removerat
1871 3281 2036 3347 (nam
2079 3287 2248 3339 multa
2289 3296 2402 3339 erat

1372 3366 1606 3437 suspicio
1637 3368 1814 3432 necis,
1842 3378 2004 3438 quam
2035 3367 2168 3421 Cato
2206 3366 2404 3420 inferre

1374 3447 1475 3504 sibi
1506 3444 1856 3513 moliretur),
1888 3444 2111 3499 tamdiu'
2125 3446 2289 3499 servis
2319 3446 2405 3497 in·

1375 3540 1479 3581 stat
1488 3565 1504 3591 ,
1519 3525 1691 3580 donec
1705 3529 1754 3580 ei
1766 3528 2048 3592 afferatur,
2063 3539 2222 3599 atque
2235 3544 2407 3578 unum

1376 3626 1656 3664 servorum
1681 3608 2044 3661 recusantium
2071 3625 2256 3678 pugno
2284 3624 2408 3677 per·

1378 3688 1532 3739 cutit.
1571 3688 1715 3739 Dum
1747 3706 1873 3759 ergo
1914 3687 2150 3739 Platonis
2181 3684 2408 3739 Phaedo-

1378 3785 1506 3820 nem
1538 3768 1668 3838 legit
1683 3804 1700 3832 ,
1735 3766 2086 3820 obdormiscit
2111 3786 2124 3820 ε
2161 3785 2411 3839 experge-

262 3843 381 3899 loco
438 3845 619 3901 studia
684 3858 1007 3917 conatusque
1074 3846 1294 3899 Catonis
1382 3847 1550 3917 factus
1595 3848 1741 3919 varia
1793 3846 2040 3909 mandat,
2087 3848 2414 3918 remotisque

266 3936 318 3979 ct
354 3946 574 3980 omnem
628 3946 745 3980 rem
787 3926 1071 3997 diligenter
1114 3945 1294 3998 perse-

267 4018 420 4063 cutus
452 4018 549 4061 est.
581 4008 657 4061 M.

354 4106 406 4139 τι.
424 4087 685 4156 Infiqam.
703 4088 885 4163 Vulgo
905 4089 1069 4155 male,
1082 4090 1133 4139 in
1144 4088 1291 4158 fuga·

1382 3927 1634 3980 omnibus
1663 3926 1880 3980 tandem
1905 3946 1960 3979 se
1986 3928 2261 3999 transjicit.
2293 3928 2372 3980 Μ.

1468 4014 1523 4070 4.
1542 4008 1646 4078 Qui
1663 4027 1824 4079 quum.
1839 4007 1973 4074 Alii,
1991 4011 2075 4080 qui
2085 4008 2215 4061 dum.
2231 4008 2415 4075 Minus

1384 4100 1547 4146 recte.
1557 4118 1638 4132 --
1651 4087 1966 4143 concidisset.
1980 4089 2025 4141 E
2043 4088 2183 4143 lecto
2197 4086 2417 4159 decidit,
