3025 5025
1026 436 1616 506 AFRICANO.
2245 441 2393 536 497

256 568 549 664 legiones
580 582 1019 663 cognoverat,
1044 583 1113 638 et
1146 591 1439 662 quonam
1475 568 1681 637 modo
1711 568 2034 638 sustinere
2075 596 2144 640 se
2176 590 2403 667 posset

255 677 337 744 ab
379 701 615 745 eorum
648 677 945 768 equitatu
989 674 1249 770 levique
1293 689 1670 758 armatura,
1712 699 1862 768 quae
1905 689 2048 744 erat
2083 679 2360 750 mirifica
2382 729 2402 770 ,

255 785 307 852 si
364 781 658 877 legiones
708 791 975 875 quoqu‘e
1042 783 1487 850 accessissent.
1543 781 1928 850 Accedebat
1995 785 2197 852 etiam
2256 787 2402 858 haec

254 914 489 974 causa,
525 889 707 983 quod
738 886 1247 981 elephantorum
1285 888 1678 983 magnitudo
1713 886 2204 985 multitudoque
2235 892 2401 961 mili-

254 1011 397 1068 tum
435 997 693 1064 animos
718 994 1057 1064 detinebat
1085 997 1153 1064 in
1190 1009 1446 1063 terrore
1474 1019 1489 1062 :
1521 996 1630 1062 cui
1669 996 1786 1063 uni
1823 997 1918 1062 rei
1953 1010 2176 1066 tamen
2219 1001 2402 1068 inve-

254 1117 447 1172 nerat
467 1101 853 1170 remedium.
880 1103 1190 1195 Namque
1214 1100 1608 1196 elephantos
1623 1127 1705 1170 ex
1727 1087 1951 1170 Italia³
1966 1115 2406 1199 transportari

246 1209 561 1303 jusserat,
580 1233 715 1302 quo
740 1221 809 1275 et
832 1207 1020 1276 miles
1047 1222 1277 1278 noster
1306 1209 1726 1302 speciemque
1750 1223 1820 1277 et
1841 1209 2156 1280 virtutem
2180 1213 2408 1286 bestiae

255 1328 727 1410 cognosceret,
762 1327 829 1382 et
865 1316 973 1383 cui
1016 1317 1186 1408 parti
1228 1315 1532 1409 corporis
1568 1315 1710 1408 ejus
1745 1313 1952 1384 telum
1995 1317 2190 1388 facile
2230 1320 2406 1420 adigi

253 1407 557 1518 posset⁴3
590 1435 997 1514 ornatusque
1039 1445 1117 1489 ac
1154 1419 1467 1490 loricatus
1510 1445 1720 1514 quum
1764 1437 1937 1493 esset
1977 1423 2404 1520 elephantus,

253 1553 403 1623 quae
446 1551 602 1622 pars
636 1527 779 1619 ejus
814 1528 1113 1620 corporis
1154 1525 1335 1594 nuda
1366 1528 1506 1595 sine
1550 1529 1842 1621 tegmine
1890 1528 2407 1628 relinqueretur,

253 1650 333 1705 ut
365 1658 448 1704 eo
490 1633 621 1703 tela
646 1633 1168 1725 conjicerentur;
1204 1646 1524 1727 praeterea
1544 1686 1564 1720 ,
1595 1648 1672 1702 ut
1703 1635 2008 1730 jumenta
2041 1638 2401 1712 bestiarum

254 1741 535 1811 odorem
562 1794 581 1829 ,
639 1739 993 1835 stridorem
1014 1793 1033 1828 ,
1092 1740 1377 1834 speciem
1408 1792 1427 1826 ,
1488 1741 1970 1812 consuetudine
2023 1760 2222 1840 capta
2269 1773 2406 1819 non

252 1847 785 1918 reformidarent.
825 1846 1087 1934 Quibus
1116 1871 1198 1914 ex
1234 1846 1435 1914 rebus
1473 1844 1744 1940 largiter
1771 1863 1915 1918 erat
1943 1842 2404 1926 consecutus⁵:

252 1979 413 2022 nam
451 1967 519 2022 et
557 1951 796 2021 milites
838 1952 1081 2021 bestias
1124 1952 1431 2022 manibus
1470 1955 2001 2047 pertractabant,
2044 1983 2408 2056 earumque

251 2059 637 2130 tarditatem
678 2059 1171 2153 cognoscebant
1188 2113 1208 2147 ,
1238 2061 1624 2153 equitesque
1654 2061 1724 2128 in
1759 2085 1874 2130 eos
1904 2063 2036 2157 pila
2066 2068 2410 2162 praepilata

254 2167 740 2259 conjiciebant3
764 2179 963 2258 atque
998 2167 1069 2232 in
1099 2165 1652 2235 consuetudinem
1681 2191 1891 2261 equos
1919 2173 2236 2264 patientia
2261 2176 2410 2246 bes-

232 2277 499 2344 tiarum
544 2271 928 2340 adduxerat.

340 2477 371 2531 3
381 2518 395 2530 .
412 2477 464 2529 E
464 2497 499 2529 a:
506 2475 673 2529 Italia.
687 2473 774 2527 Sic
792 2471 1135 2528 scribendum
1147 2491 1257 2527 esse
1268 2509 1285 2540 ‚

1378 2472 1568 2528 Morus
1607 2486 1659 2528 et
1699 2475 1873 2530 Bentl.
1903 2476 2046 2532 Male
2086 2493 2230 2552 capta
2274 2485 2410 2539 refe.

255 2557 513 2613 Ciaccon.
541 2555 678 2608 adh.
695 2556 753 2619 l.‚
769 2568 821 2608 et
840 2555 1053 2627 Lipsius
1086 2549 1285 2615 (Elect.

1376 2566 1505 2607 runt
1527 2554 1616 2607 alii
1636 2553 1703 2607 ad
1723 2574 1912 2609 vocem
1931 2564 2282 2619 consuetudine.
2300 2566 2404 2621 On.

254 2656 337 2702 11,
371 2656 439 2689 υ
466 2634 488 2700 )
513 2634 815 2687 docuerunt
844 2654 857 2688 ε
889 2652 1011 2687 nam
1040 2646 1289 2686 constan·

253 2730 371 2771 tem
394 2714 555 2769 codd.
580 2728 634 2769 et
663 2727 791 2768 vett.
824 2713 947 2767 edd.
976 2714 1288 2779 lectionem,

254 2802 312 2851 ἱιι
329 2798 527 2849 Italiam
542 2834 557 2856 ,
581 2793 853 2865 redarguit
881 2814 991 2847 non
1015 2792 1179 2846 modo
1204 2794 1289 2846 res

253 2878 395 2949 ipsa,
410 2874 503 2929 sed
512 2887 565 2927 et
580 2875 728 2928 locus
746 2875 905 2927 Dion.
920 2873 1084 2927 Cassii
1100 2870 1288 2941 (nur,

259 2965 296 3022 4
321 2954 379 3022 ),
406 2955 503 3008 ubi
533 2953 745 3008 disertis
764 2954 941 3007 verbis
970 2964 1048 3007 est
1068 2992 1085 3019 ,
1116 2955 1287 3006 Caesa-

254 3056 375 3092 rem
391 3047 444 3088 et
463 3035 657 3088 milites
671 3046 724 3087 et
739 3034 1049 3106 elephantos
1062 3054 1123 3085 ex
1136 3034 1290 3085 Italia

255 3114 571 3171 arcessiisse.
611 3115 728 3167 Hoc
760 3132 943 3167 omnes
980 3115 1091 3166 fere
1123 3113 1290 3168 inter·

254 3208 439 3270 pretes
450 3206 793 3247 monuerunt.
807 3195 889 3247 M.
903 3194 1136 3265 Operam
1149 3191 1290 3246 ludit

258 3273 553 3331 Goduinus
570 3314 585 3340 ‚
608 3274 704 3347 qui
729 3275 974 3328 vitiosam
1005 3274 1291 3329 lectionem

255 3366 595 3430 propugnat,
622 3367 676 3408 et
711 3355 851 3407 tueri
888 3367 1129 3408 conatur.

349 3442 406 3501 4.
447 3435 609 3505 Adigi
638 3446 814 3505 posset.
845 3433 931 3487 Sic
959 3435 1096 3487 bene
1130 3432 1290 3487 codd.

259 3529 321 3571 et
343 3514 469 3569 edd.
497 3527 626 3567 vett.
653 3515 795 3567 Male
832 3514 963 3567 Scal.
1002 3514 1165 3584 adfici.
1211 3546 1293 3557 --

258 3597 383 3651 Sine
431 3598 653 3667 tegmine.
696 3592 931 3646 Videtur
978 3594 1293 3665 interpreta-

261 3687 529 3731 mentum.
560 3676 638 3727 M.
675 3706 758 3716 ——
792 3674 1072 3744 Captarum.
1101 3673 1157 3726 Si
1188 3672 1294 3725 ele-

261 3755 459 3829 phanti
502 3754 645 3827 capti
685 3765 837 3805 erant
862 3772 890 3805 a
922 3753 1125 3806 Caesare
1145 3792 1161 3821 ,
1200 3772 1296 3804 cur

264 3856 333 3890 ex
369 3835 524 3888 Italia
570 3831 934 3905 transportat?
962 3833 1087 3903 Leg.
1118 3850 1147 3884 e
1173 3830 1292 3884 cod.

264 3914 473 3970 Davisii
492 3954 508 3981 ,
530 3927 705 3986 capta:
734 3913 808 3966 sic
834 3914 1074 3985 jumenta
1105 3910 1295 3967 dicun-

265 4012 361 4051 tur
410 4006 564 4065 capta
608 4014 717 4048 esse
766 3990 1180 4056 consuetudine,
1228 4011 1296 4045 ne

264 4072 683 4131 reformidarent
708 4074 916 4129 bestias.
941 4072 1019 4126 M.
1047 4073 1193 4125 Bene
1222 4071 1297 4125 sic

375 4187 477 4253 II.

1460 2634 1513 2687 5.
1564 2636 1795 2705 Largiter
1835 2650 1944 2688 emt
1981 2655 2270 2697 consecutus.
2303 2646 2406 2701 Vel

1376 2713 1703 2785 intelligetur
1717 2752 1733 2780 ,
1751 2717 1836 2769 vel
1855 2715 2109 2786 addetur,
2129 2724 2261 2791 quod
2270 2737 2410 2796 opta·

1378 2806 1526 2846 verae.
1549 2794 1764 2847 Monuit
1792 2796 2067 2853 Cellarius.
2092 2802 2242 2857 Mon.
2265 2805 2404 2861 Scal.

1376 2871 1604 2926 delenda
1627 2888 1780 2945 putat
1806 2871 1946 2944 hoec,
1973 2880 2143 2948 quibus
2167 2904 2228 2933 ex
2249 2886 2403 2941 rebus.

1378 2952 1558 3008 Clark.
1604 2955 1893 3027 ellipticam
1929 2958 2258 3016 locutionem
2298 2967 2407 3019 ele-

1373 3046 1587 3104 gantem
1613 3038 1945 3106 pronuntiat.
1980 3071 2062 3081 —
2098 3042 2373 3115 Proepilata
2386 3068 2406 3100 .-

1376 3132 1488 3165 non
1537 3114 1759 3187 cuspide
1799 3118 2042 3189 praefixa,
2079 3121 2172 3175 sed
2210 3126 2404 3181 obtuso

1380 3194 1626 3247 acumine
1649 3231 1666 3260 ‚
1708 3208 1762 3248 et
1797 3197 1965 3250 instar
1991 3199 2112 3270 pilae
2147 3206 2407 3261 rotundo.

1375 3272 1548 3345 Lipsii
1584 3275 1813 3330 Poliorc.
1840 3296 1933 3346 ιν,
1964 3286 2015 3344 a.
2044 3281 2282 3337 caum.
2321 3287 2402 3339 Eo

1377 3372 1536 3407 sensu
1567 3356 1829 3425 pra-pilata
1869 3356 2003 3411 dicit
2053 3364 2252 3414 missilia
2283 3367 2404 3421 Liv.

1376 3434 1413 3487 l.
1448 3454 1609 3501 xxvi,
1636 3454 1683 3489 c.
1713 3436 1779 3489 51
1802 3456 1818 3503 ς
1849 3450 1903 3490 et
1932 3440 2097 3492 hastas
2111 3448 2405 3515 proepilatas

1379 3514 1550 3580 Plin„
1579 3533 1720 3581 vm,
1750 3520 1783 3570 6
1813 3540 1828 3582 ;
1865 3516 2038 3584 idem,
2066 3540 2149 3589 xx,
2181 3526 2275 3589 30,
2311 3527 2405 3597 51,

1379 3594 1742 3666 metaphorice
1771 3617 1950 3649 cornua
1975 3600 2263 3657 locustarum
2277 3626 2407 3677 proe·

1374 3675 1536 3743 pilata
1572 3672 1736 3741 dicit3
1771 3689 1826 3729 et
1854 3679 2079 3743 Quint&
2106 3701 2162 3749 v,
2193 3703 2283 3751 υ,
2312 3707 2406 3758 17,

1381 3754 1750 3808 declamationes
1751 3758 2036 3828 proepilatas
2043 3764 2281 3816 exercitii
2293 3786 2410 3838 gra·

1382 3833 1455 3885 tia
1499 3834 1782 3895 institutas.
1828 3870 1910 3879 —
1945 3839 2194 3895 Patientia
2231 3844 2409 3899 bestia·

1384 3932 1488 3965 rum
1512 3932 1532 3965 .·
1571 3911 1703 3966 dum
1739 3930 2004 3987 coguntur
2042 3924 2167 3993 equi
2195 3928 2408 3998 perpeti

1383 3991 1622 4045 indolem
1642 3995 1932 4049 bestiarum
1947 4037 1964 4065 ,
1983 3998 2324 4058 adducuntur
2349 4008 2408 4061 in

1384 4072 1826 4129 consuetudinem
1839 4096 2041 4132 earum.
2065 4082 2143 4137 M.
2168 4085 2233 4138 In
2249 4068 2406 4145 codd.

1938 4184 2030 4257 32
