<?xml version="1.0" encoding="UTF-8"?>
<!DOCTYPE html PUBLIC "-//W3C//DTD XHTML 1.0 Transitional//EN"
    "http://www.w3.org/TR/xhtml1/DTD/xhtml1-transitional.dtd">
<html xmlns="http://www.w3.org/1999/xhtml" xml:lang="en" lang="en">
 <head>
  <title>
</title>
<meta http-equiv="Content-Type" content="text/html;charset=utf-8" />
  <meta name='ocr-system' content='tesseract 3.04.00' />
  <meta name='ocr-capabilities' content='ocr_page ocr_carea ocr_par ocr_line ocrx_word'/>
</head>
<body>
  <div class='ocr_page' id='page_1' title='image "./caiusjuliuscsar00plutgoog_0215.png"; bbox 0 0 3025 5025; ppageno 0'>
   <div class='ocr_carea' id='block_1_1' title="bbox 540 512 762 560">
    <p class='ocr_par' dir='ltr' id='par_1_1' title="bbox 540 512 762 560">
     <span class='ocr_line' id='line_1_1' title="bbox 540 512 762 560; baseline 0.009 -2"><span class='ocrx_word' id='word_1_1' title='bbox 540 537 552 550; x_wconf 90' lang='lat'><strong>·</strong></span> <span class='ocrx_word' id='word_1_2' title='bbox 613 512 762 560; x_wconf 78' lang='lat'><strong>200</strong></span> 
     </span>
    </p>
   </div>
   <div class='ocr_carea' id='block_1_2' title="bbox 917 487 2501 564">
    <p class='ocr_par' dir='ltr' id='par_1_2' title="bbox 917 487 2501 564">
     <span class='ocr_line' id='line_1_2' title="bbox 917 487 2501 564; baseline 0.002 -5"><span class='ocrx_word' id='word_1_3' title='bbox 917 493 1005 560; x_wconf 71' lang='grc'><strong>(3.-</strong></span> <span class='ocrx_word' id='word_1_4' title='bbox 1050 489 1348 559; x_wconf 86' lang='lat' dir='ltr'><strong>JULII</strong></span> <span class='ocrx_word' id='word_1_5' title='bbox 1405 487 1886 560; x_wconf 86' lang='lat' dir='ltr'><strong>CAESARIS</strong></span> <span class='ocrx_word' id='word_1_6' title='bbox 1942 489 2501 564; x_wconf 81' lang='lat' dir='ltr'><strong>COMMENT.</strong></span> 
     </span>
    </p>
   </div>
   <div class='ocr_carea' id='block_1_3' title="bbox 606 613 2756 1149">
    <p class='ocr_par' dir='ltr' id='par_1_3' title="bbox 606 613 2756 1149">
     <span class='ocr_line' id='line_1_3' title="bbox 606 613 2749 720; baseline 0.001 -28"><span class='ocrx_word' id='word_1_7' title='bbox 606 623 783 692; x_wconf 84' lang='lat' dir='ltr'><strong>secto</strong></span> <span class='ocrx_word' id='word_1_8' title='bbox 820 618 1118 718; x_wconf 84' lang='lat' dir='ltr'><strong>negotio,</strong></span> <span class='ocrx_word' id='word_1_9' title='bbox 1146 649 1187 691; x_wconf 87' lang='lat' dir='ltr'><strong>a</strong></span> <span class='ocrx_word' id='word_1_10' title='bbox 1222 622 1483 692; x_wconf 89' lang='lat' dir='ltr'><strong>Salonis</strong></span> <span class='ocrx_word' id='word_1_11' title='bbox 1528 623 1612 692; x_wconf 84' lang='lat' dir='ltr'><strong>ad</strong></span> <span class='ocrx_word' id='word_1_12' title='bbox 1651 625 1833 694; x_wconf 86' lang='lat' dir='ltr'>Orici</span> <span class='ocrx_word' id='word_1_13' title='bbox 1875 639 2144 720; x_wconf 84' lang='lat' dir='ltr'><strong>portum</strong></span> <span class='ocrx_word' id='word_1_14' title='bbox 2162 613 2188 658; x_wconf 65' lang='lat'><strong><em>⁶</em></strong></span> <span class='ocrx_word' id='word_1_15' title='bbox 2224 617 2538 698; x_wconf 81' lang='lat' dir='ltr'><strong>stationes</strong></span> <span class='ocrx_word' id='word_1_16' title='bbox 2588 626 2749 696; x_wconf 61' lang='lat' dir='ltr'><strong>litto*</strong></span> 
     </span>
     <span class='ocr_line' id='line_1_4' title="bbox 606 729 2754 828; baseline 0.002 -31"><span class='ocrx_word' id='word_1_17' title='bbox 606 754 813 824; x_wconf 85' lang='lat' dir='ltr'><strong>raque</strong></span> <span class='ocrx_word' id='word_1_18' title='bbox 830 731 1053 799; x_wconf 87' lang='lat' dir='ltr'><strong>omnia</strong></span> <span class='ocrx_word' id='word_1_19' title='bbox 1072 729 1269 824; x_wconf 84' lang='lat' dir='ltr'><strong>longe</strong></span> <span class='ocrx_word' id='word_1_20' title='bbox 1287 729 1550 824; x_wconf 86' lang='lat' dir='ltr'><strong>lateque</strong></span> <span class='ocrx_word' id='word_1_21' title='bbox 1569 729 1886 801; x_wconf 88' lang='lat' dir='ltr'><strong>classibus</strong></span> <span class='ocrx_word' id='word_1_22' title='bbox 1903 736 2283 828; x_wconf 82' lang='lat' dir='ltr'><strong>occupavit3</strong></span> <span class='ocrx_word' id='word_1_23' title='bbox 2305 733 2754 828; x_wconf 82' lang='lat' dir='ltr'><strong>custodiisque</strong></span> 
     </span>
     <span class='ocr_line' id='line_1_5' title="bbox 608 836 2748 932; baseline 0.001 -28"><span class='ocrx_word' id='word_1_24' title='bbox 608 836 983 932; x_wconf 84' lang='lat' dir='ltr'><strong>diligentius</strong></span> <span class='ocrx_word' id='word_1_25' title='bbox 1036 837 1369 931; x_wconf 80' lang='lat' dir='ltr'><strong>dispositis</strong></span> <span class='ocrx_word' id='word_1_26' title='bbox 1387 892 1406 923; x_wconf 89' lang='lat'>‚</span> <span class='ocrx_word' id='word_1_27' title='bbox 1446 840 1590 931; x_wconf 88' lang='lat' dir='ltr'><strong>ipse</strong></span> <span class='ocrx_word' id='word_1_28' title='bbox 1633 840 2021 932; x_wconf 80' lang='lat' dir='ltr'><strong>gravissima</strong></span> <span class='ocrx_word' id='word_1_29' title='bbox 2077 841 2294 910; x_wconf 86' lang='lat' dir='ltr'><strong>hieme</strong></span> <span class='ocrx_word' id='word_1_30' title='bbox 2343 843 2413 910; x_wconf 78' lang='lat' dir='ltr'><strong>in·</strong></span> <span class='ocrx_word' id='word_1_31' title='bbox 2466 841 2748 911; x_wconf 83' lang='lat' dir='ltr'><strong>navibus</strong></span> 
     </span>
     <span class='ocr_line' id='line_1_6' title="bbox 609 943 2755 1044; baseline 0.002 -34"><span class='ocrx_word' id='word_1_32' title='bbox 609 945 1014 1032; x_wconf 82' lang='lat' dir='ltr'>excubabat,</span> <span class='ocrx_word' id='word_1_33' title='bbox 1052 969 1267 1037; x_wconf 88' lang='lat' dir='ltr'><strong>neque</strong></span> <span class='ocrx_word' id='word_1_34' title='bbox 1304 943 1515 1012; x_wconf 84' lang='lat' dir='ltr'><strong>ullum</strong></span> <span class='ocrx_word' id='word_1_35' title='bbox 1564 943 1860 1014; x_wconf 83' lang='lat' dir='ltr'><strong>laborem</strong></span> <span class='ocrx_word' id='word_1_36' title='bbox 1907 961 2024 1016; x_wconf 85' lang='lat' dir='ltr'><strong>aut</strong></span> <span class='ocrx_word' id='word_1_37' title='bbox 2065 971 2310 1018; x_wconf 88' lang='lat' dir='ltr'><strong>munus</strong></span> <span class='ocrx_word' id='word_1_38' title='bbox 2347 947 2755 1044; x_wconf 78' lang='lat' dir='ltr'><strong>despicienS‚</strong></span> 
     </span>
     <span class='ocr_line' id='line_1_7' title="bbox 606 1037 2756 1149; baseline 0.002 -32"><span class='ocrx_word' id='word_1_39' title='bbox 606 1075 822 1144; x_wconf 86' lang='lat' dir='ltr'><strong>neque</strong></span> <span class='ocrx_word' id='word_1_40' title='bbox 877 1051 1243 1120; x_wconf 86' lang='lat' dir='ltr'>subsidium</span> <span class='ocrx_word' id='word_1_41' title='bbox 1302 1066 1692 1146; x_wconf 84' lang='lat' dir='ltr'><strong>exspectans</strong></span> <span class='ocrx_word' id='word_1_42' title='bbox 1707 1037 1756 1140; x_wconf 83' lang='lat'><strong>⁵,</strong></span> <span class='ocrx_word' id='word_1_43' title='bbox 1791 1054 1843 1122; x_wconf 89' lang='lat' dir='ltr'><strong>si</strong></span> <span class='ocrx_word' id='word_1_44' title='bbox 1886 1053 1951 1121; x_wconf 88' lang='lat' dir='ltr'><strong>in</strong></span> <span class='ocrx_word' id='word_1_45' title='bbox 2009 1056 2288 1124; x_wconf 86' lang='lat' dir='ltr'><strong>Caesaris</strong></span> <span class='ocrx_word' id='word_1_46' title='bbox 2329 1054 2756 1149; x_wconf 84' lang='lat' dir='ltr'><strong>complexum</strong></span> 
     </span>
    </p>
   </div>
   <div class='ocr_carea' id='block_1_4' title="bbox 601 1159 1111 1252">
    <p class='ocr_par' dir='ltr' id='par_1_4' title="bbox 601 1159 1111 1252">
     <span class='ocr_line' id='line_1_8' title="bbox 601 1159 1111 1252; baseline 0.002 -28"><span class='ocrx_word' id='word_1_47' title='bbox 601 1159 829 1226; x_wconf 87' lang='lat' dir='ltr'><strong>venire</strong></span> <span class='ocrx_word' id='word_1_48' title='bbox 870 1172 1111 1252; x_wconf 89' lang='lat' dir='ltr'><strong>posset.</strong></span> 
     </span>
    </p>
   </div>
   <div class='ocr_carea' id='block_1_5' title="bbox 600 1363 1644 4157">
    <p class='ocr_par' dir='ltr' id='par_1_5' title="bbox 605 1363 1644 2303">
     <span class='ocr_line' id='line_1_9' title="bbox 690 1363 1644 1433; baseline -0.002 -17"><span class='ocrx_word' id='word_1_49' title='bbox 690 1369 743 1427; x_wconf 74' lang='lat'><strong>4.</strong></span> <span class='ocrx_word' id='word_1_50' title='bbox 774 1363 917 1416; x_wconf 81' lang='lat' dir='ltr'><strong>Orici</strong></span> <span class='ocrx_word' id='word_1_51' title='bbox 936 1375 1133 1433; x_wconf 81' lang='lat' dir='ltr'><strong>portum</strong></span> <span class='ocrx_word' id='word_1_52' title='bbox 1146 1399 1161 1424; x_wconf 89' lang='lat'><strong>,</strong></span> <span class='ocrx_word' id='word_1_53' title='bbox 1194 1366 1422 1416; x_wconf 79' lang='lat' dir='ltr'><strong>stationes</strong></span> <span class='ocrx_word' id='word_1_54' title='bbox 1454 1363 1644 1414; x_wconf 76' lang='lat' dir='ltr'><strong>littora·</strong></span> 
     </span>
     <span class='ocr_line' id='line_1_10' title="bbox 608 1441 1640 1516; baseline 0.003 -23"><span class='ocrx_word' id='word_1_55' title='bbox 608 1463 697 1516; x_wconf 81' lang='lat' dir='ltr'><strong>que</strong></span> <span class='ocrx_word' id='word_1_56' title='bbox 717 1481 732 1503; x_wconf 91' lang='lat'><em>,</em></span> <span class='ocrx_word' id='word_1_57' title='bbox 766 1456 857 1496; x_wconf 84' lang='lat' dir='ltr'><strong>etc.</strong></span> <span class='ocrx_word' id='word_1_58' title='bbox 903 1444 972 1495; x_wconf 90' lang='lat' dir='ltr'><strong>Et</strong></span> <span class='ocrx_word' id='word_1_59' title='bbox 1021 1441 1079 1494; x_wconf 88' lang='lat' dir='ltr'><strong>id</strong></span> <span class='ocrx_word' id='word_1_60' title='bbox 1128 1442 1397 1496; x_wconf 82' lang='lat' dir='ltr'><strong>debuisset</strong></span> <span class='ocrx_word' id='word_1_61' title='bbox 1436 1444 1640 1508; x_wconf 85' lang='lat' dir='ltr'><strong>facere,</strong></span> 
     </span>
     <span class='ocr_line' id='line_1_11' title="bbox 606 1523 1641 1594; baseline 0.001 -20"><span class='ocrx_word' id='word_1_62' title='bbox 606 1535 922 1594; x_wconf 82' lang='lat' dir='ltr'><strong>anteaquam</strong></span> <span class='ocrx_word' id='word_1_63' title='bbox 955 1523 1128 1576; x_wconf 75' lang='lat' dir='ltr'><strong>Caesar</strong></span> <span class='ocrx_word' id='word_1_64' title='bbox 1158 1524 1214 1575; x_wconf 88' lang='lat' dir='ltr'><strong>in</strong></span> <span class='ocrx_word' id='word_1_65' title='bbox 1256 1523 1481 1593; x_wconf 87' lang='lat' dir='ltr'><strong>Epirum</strong></span> <span class='ocrx_word' id='word_1_66' title='bbox 1517 1543 1641 1575; x_wconf 90' lang='lat' dir='ltr'><strong>cum</strong></span> 
     </span>
     <span class='ocr_line' id='line_1_12' title="bbox 606 1603 1641 1674; baseline 0 -20"><span class='ocrx_word' id='word_1_67' title='bbox 606 1615 759 1674; x_wconf 86' lang='lat' dir='ltr'><strong>parte</strong></span> <span class='ocrx_word' id='word_1_68' title='bbox 796 1603 1057 1655; x_wconf 83' lang='lat' dir='ltr'><strong>exercitus</strong></span> <span class='ocrx_word' id='word_1_69' title='bbox 1096 1604 1177 1656; x_wconf 88' lang='lat' dir='ltr'><strong>sui</strong></span> <span class='ocrx_word' id='word_1_70' title='bbox 1224 1615 1544 1672; x_wconf 78' lang='lat' dir='ltr'><strong>penetraret.</strong></span> <span class='ocrx_word' id='word_1_71' title='bbox 1561 1635 1641 1646; x_wconf 91' lang='lat'><strong>--</strong></span> 
     </span>
     <span class='ocr_line' id='line_1_13' title="bbox 610 1681 1640 1756; baseline 0.002 -22"><span class='ocrx_word' id='word_1_72' title='bbox 610 1682 959 1756; x_wconf 79' lang='lat' dir='ltr'><strong>Custodiisque.</strong></span> <span class='ocrx_word' id='word_1_73' title='bbox 990 1685 1057 1736; x_wconf 78' lang='grc' dir='ltr'><strong>Τὸ</strong></span> <span class='ocrx_word' id='word_1_74' title='bbox 1092 1703 1182 1755; x_wconf 82' lang='lat' dir='ltr'><strong>que</strong></span> <span class='ocrx_word' id='word_1_75' title='bbox 1218 1681 1514 1746; x_wconf 80' lang='lat' dir='ltr'><strong>tollendum</strong></span> <span class='ocrx_word' id='word_1_76' title='bbox 1549 1703 1640 1738; x_wconf 78' lang='lat' dir='ltr'><strong>,ar-</strong></span> 
     </span>
     <span class='ocr_line' id='line_1_14' title="bbox 605 1761 1640 1828; baseline 0.003 -14"><span class='ocrx_word' id='word_1_77' title='bbox 605 1761 838 1816; x_wconf 85' lang='lat' dir='ltr'><strong>bitratur</strong></span> <span class='ocrx_word' id='word_1_78' title='bbox 862 1763 1045 1819; x_wconf 87' lang='lat' dir='ltr'><strong>Oberl,</strong></span> <span class='ocrx_word' id='word_1_79' title='bbox 1058 1801 1073 1828; x_wconf 93' lang='lat'>,</span> <span class='ocrx_word' id='word_1_80' title='bbox 1099 1777 1151 1816; x_wconf 91' lang='lat' dir='ltr'><strong>et</strong></span> <span class='ocrx_word' id='word_1_81' title='bbox 1169 1782 1373 1816; x_wconf 85' lang='lat' dir='ltr'><strong>comma</strong></span> <span class='ocrx_word' id='word_1_82' title='bbox 1390 1763 1493 1816; x_wconf 88' lang='lat' dir='ltr'><strong>hoc</strong></span> <span class='ocrx_word' id='word_1_83' title='bbox 1514 1781 1640 1816; x_wconf 90' lang='lat' dir='ltr'><strong>cum</strong></span> 
     </span>
     <span class='ocr_line' id='line_1_15' title="bbox 607 1841 1640 1915; baseline 0.004 -23"><span class='ocrx_word' id='word_1_84' title='bbox 607 1846 857 1913; x_wconf 78' lang='lat' dir='ltr'><strong>occupavit</strong></span> <span class='ocrx_word' id='word_1_85' title='bbox 902 1842 1269 1914; x_wconf 84' lang='lat' dir='ltr'><strong>jungendum:</strong></span> <span class='ocrx_word' id='word_1_86' title='bbox 1296 1841 1493 1896; x_wconf 85' lang='lat' dir='ltr'><strong>deinde</strong></span> <span class='ocrx_word' id='word_1_87' title='bbox 1539 1863 1640 1915; x_wconf 86' lang='lat' dir='ltr'><strong>pro</strong></span> 
     </span>
     <span class='ocr_line' id='line_1_16' title="bbox 608 1921 1640 1994; baseline 0.003 -22"><span class='ocrx_word' id='word_1_88' title='bbox 608 1923 899 1982; x_wconf 73' lang='lat' dir='ltr'><strong>excubabat,</strong></span> <span class='ocrx_word' id='word_1_89' title='bbox 918 1922 1203 1993; x_wconf 79' lang='lat' dir='ltr'><strong>legendum</strong></span> <span class='ocrx_word' id='word_1_90' title='bbox 1220 1924 1474 1983; x_wconf 74' lang='lat' dir='ltr'><em>excubans,</em></span> <span class='ocrx_word' id='word_1_91' title='bbox 1491 1921 1640 1994; x_wconf 87' lang='lat' dir='ltr'><strong>quod</strong></span> 
     </span>
     <span class='ocr_line' id='line_1_17' title="bbox 609 2001 1640 2074; baseline 0.004 -22"><span class='ocrx_word' id='word_1_92' title='bbox 609 2020 794 2054; x_wconf 84' lang='lat' dir='ltr'><strong>omnes</strong></span> <span class='ocrx_word' id='word_1_93' title='bbox 832 2001 990 2056; x_wconf 88' lang='lat' dir='ltr'><strong>codd.</strong></span> <span class='ocrx_word' id='word_1_94' title='bbox 1024 2004 1245 2068; x_wconf 87' lang='lat' dir='ltr'><strong>habent,</strong></span> <span class='ocrx_word' id='word_1_95' title='bbox 1276 2016 1471 2074; x_wconf 72' lang='lat' dir='ltr'><strong>praeter</strong></span> <span class='ocrx_word' id='word_1_96' title='bbox 1498 2004 1640 2056; x_wconf 83' lang='lat' dir='ltr'><strong>Vos·</strong></span> 
     </span>
     <span class='ocr_line' id='line_1_18' title="bbox 607 2083 1633 2156; baseline -0.001 -22"><span class='ocrx_word' id='word_1_97' title='bbox 607 2083 842 2156; x_wconf 71' lang='lat' dir='ltr'><strong>sianum,</strong></span> <span class='ocrx_word' id='word_1_98' title='bbox 864 2084 920 2136; x_wconf 91' lang='lat' dir='ltr'><strong>h.</strong></span> <span class='ocrx_word' id='word_1_99' title='bbox 946 2102 1020 2135; x_wconf 90' lang='lat' dir='ltr'><strong>m.</strong></span> <span class='ocrx_word' id='word_1_100' title='bbox 1046 2102 1060 2135; x_wconf 73' lang='grc' dir='ltr'><strong><em>ε</em></strong></span> <span class='ocrx_word' id='word_1_101' title='bbox 1082 2084 1263 2134; x_wconf 77' lang='lat' dir='ltr'><strong>littora.</strong></span> <span class='ocrx_word' id='word_1_102' title='bbox 1284 2123 1298 2135; x_wconf 91' lang='lat'><strong>.</strong></span> <span class='ocrx_word' id='word_1_103' title='bbox 1320 2123 1333 2135; x_wconf 88' lang='lat'><strong>.</strong></span> <span class='ocrx_word' id='word_1_104' title='bbox 1365 2088 1633 2152; x_wconf 74' lang='lat' dir='ltr'><strong>occupavit,</strong></span> 
     </span>
     <span class='ocr_line' id='line_1_19' title="bbox 607 2163 1637 2234; baseline 0.007 -22"><span class='ocrx_word' id='word_1_105' title='bbox 607 2163 836 2214; x_wconf 84' lang='lat' dir='ltr'><strong>custodiis</strong></span> <span class='ocrx_word' id='word_1_106' title='bbox 862 2163 1140 2232; x_wconf 75' lang='lat' dir='ltr'><strong>diligentius</strong></span> <span class='ocrx_word' id='word_1_107' title='bbox 1162 2164 1402 2234; x_wconf 76' lang='lat' dir='ltr'><em>dispositis</em></span> <span class='ocrx_word' id='word_1_108' title='bbox 1422 2183 1441 2215; x_wconf 92' lang='lat'><strong>.·</strong></span> <span class='ocrx_word' id='word_1_109' title='bbox 1461 2165 1637 2232; x_wconf 79' lang='lat' dir='ltr'><strong>ipse...-</strong></span> 
     </span>
     <span class='ocr_line' id='line_1_20' title="bbox 607 2243 1474 2303; baseline 0.002 -11"><span class='ocrx_word' id='word_1_110' title='bbox 607 2243 869 2303; x_wconf 76' lang='lat' dir='ltr'><strong>excubans,</strong></span> <span class='ocrx_word' id='word_1_111' title='bbox 896 2256 969 2294; x_wconf 83' lang='lat' dir='ltr'><strong>etc</strong></span> <span class='ocrx_word' id='word_1_112' title='bbox 983 2263 1002 2295; x_wconf 92' lang='lat'><strong>.·</strong></span> <span class='ocrx_word' id='word_1_113' title='bbox 1018 2263 1126 2295; x_wconf 89' lang='lat' dir='ltr'><strong>non</strong></span> <span class='ocrx_word' id='word_1_114' title='bbox 1158 2244 1295 2296; x_wconf 82' lang='lat' dir='ltr'><strong>male</strong></span> <span class='ocrx_word' id='word_1_115' title='bbox 1314 2255 1474 2297; x_wconf 83' lang='lat' dir='ltr'><strong>certe.</strong></span> 
     </span>
    </p>

    <p class='ocr_par' dir='ltr' id='par_1_6' title="bbox 600 2323 1640 4157">
     <span class='ocr_line' id='line_1_21' title="bbox 694 2323 1640 2396; baseline 0.003 -22"><span class='ocrx_word' id='word_1_116' title='bbox 694 2323 746 2375; x_wconf 86' lang='lat'><strong>5.</strong></span> <span class='ocrx_word' id='word_1_117' title='bbox 762 2325 932 2396; x_wconf 81' lang='lat' dir='ltr'><em>Neque</em></span> <span class='ocrx_word' id='word_1_118' title='bbox 963 2324 1221 2376; x_wconf 75' lang='lat' dir='ltr'><em>subsidium</em></span> <span class='ocrx_word' id='word_1_119' title='bbox 1255 2337 1548 2395; x_wconf 75' lang='lat' dir='ltr'><strong>exspectans.</strong></span> <span class='ocrx_word' id='word_1_120' title='bbox 1568 2324 1640 2377; x_wconf 80' lang='lat' dir='ltr'><strong>Et</strong></span> 
     </span>
     <span class='ocr_line' id='line_1_22' title="bbox 607 2401 1640 2476; baseline 0.002 -22"><span class='ocrx_word' id='word_1_121' title='bbox 607 2401 699 2454; x_wconf 89' lang='lat' dir='ltr'><strong>hic</strong></span> <span class='ocrx_word' id='word_1_122' title='bbox 710 2403 859 2456; x_wconf 88' lang='lat' dir='ltr'><strong>locus</strong></span> <span class='ocrx_word' id='word_1_123' title='bbox 873 2442 890 2468; x_wconf 90' lang='lat'><strong>,</strong></span> <span class='ocrx_word' id='word_1_124' title='bbox 902 2423 1061 2476; x_wconf 87' lang='lat' dir='ltr'><strong>quem</strong></span> <span class='ocrx_word' id='word_1_125' title='bbox 1082 2405 1347 2476; x_wconf 86' lang='lat' dir='ltr'><strong>integrum</strong></span> <span class='ocrx_word' id='word_1_126' title='bbox 1360 2405 1536 2459; x_wconf 82' lang='lat' dir='ltr'><strong>refero</strong></span> <span class='ocrx_word' id='word_1_127' title='bbox 1547 2442 1562 2468; x_wconf 91' lang='lat'>,</span> <span class='ocrx_word' id='word_1_128' title='bbox 1577 2417 1640 2456; x_wconf 88' lang='lat' dir='ltr'><strong>ut</strong></span> 
     </span>
     <span class='ocr_line' id='line_1_23' title="bbox 608 2479 1636 2539; baseline 0.002 -5"><span class='ocrx_word' id='word_1_129' title='bbox 608 2479 782 2537; x_wconf 83' lang='lat' dir='ltr'><strong>nostri</strong></span> <span class='ocrx_word' id='word_1_130' title='bbox 808 2483 963 2538; x_wconf 87' lang='lat' dir='ltr'><strong>codd.</strong></span> <span class='ocrx_word' id='word_1_131' title='bbox 990 2497 1044 2538; x_wconf 91' lang='lat' dir='ltr'><strong>et</strong></span> <span class='ocrx_word' id='word_1_132' title='bbox 1069 2503 1255 2539; x_wconf 83' lang='lat' dir='ltr'><strong>omnes</strong></span> <span class='ocrx_word' id='word_1_133' title='bbox 1283 2486 1393 2538; x_wconf 85' lang='lat' dir='ltr'><strong>fere</strong></span> <span class='ocrx_word' id='word_1_134' title='bbox 1412 2481 1636 2537; x_wconf 87' lang='lat' dir='ltr'><strong>Ouden-</strong></span> 
     </span>
     <span class='ocr_line' id='line_1_24' title="bbox 608 2560 1638 2636; baseline 0.003 -21"><span class='ocrx_word' id='word_1_135' title='bbox 608 2560 859 2636; x_wconf 80' lang='lat' dir='ltr'><strong>dorpiani</strong></span> <span class='ocrx_word' id='word_1_136' title='bbox 900 2566 1185 2634; x_wconf 83' lang='lat' dir='ltr'><strong>exhibent,</strong></span> <span class='ocrx_word' id='word_1_137' title='bbox 1209 2566 1353 2618; x_wconf 79' lang='lat' dir='ltr'><strong>mire</strong></span> <span class='ocrx_word' id='word_1_138' title='bbox 1381 2564 1638 2618; x_wconf 80' lang='lat' dir='ltr'><strong>cruciavit</strong></span> 
     </span>
     <span class='ocr_line' id='line_1_25' title="bbox 610 2644 1638 2717; baseline 0.002 -23"><span class='ocrx_word' id='word_1_139' title='bbox 610 2644 952 2717; x_wconf 79' lang='lat' dir='ltr'><strong>interpretes,</strong></span> <span class='ocrx_word' id='word_1_140' title='bbox 983 2664 1215 2717; x_wconf 85' lang='lat' dir='ltr'><strong>quorum</strong></span> <span class='ocrx_word' id='word_1_141' title='bbox 1237 2646 1520 2717; x_wconf 80' lang='lat' dir='ltr'><strong>ampliores</strong></span> <span class='ocrx_word' id='word_1_142' title='bbox 1543 2662 1638 2696; x_wconf 85' lang='lat' dir='ltr'><strong>no·</strong></span> 
     </span>
     <span class='ocr_line' id='line_1_26' title="bbox 607 2726 1634 2796; baseline 0.006 -21"><span class='ocrx_word' id='word_1_143' title='bbox 607 2736 686 2775; x_wconf 88' lang='lat' dir='ltr'><strong>tas</strong></span> <span class='ocrx_word' id='word_1_144' title='bbox 741 2728 1044 2779; x_wconf 85' lang='lat' dir='ltr'><strong>summatim</strong></span> <span class='ocrx_word' id='word_1_145' title='bbox 1100 2737 1307 2778; x_wconf 84' lang='lat' dir='ltr'><strong>tantum</strong></span> <span class='ocrx_word' id='word_1_146' title='bbox 1361 2726 1634 2796; x_wconf 85' lang='lat' dir='ltr'><strong>attingam.</strong></span> 
     </span>
     <span class='ocr_line' id='line_1_27' title="bbox 606 2804 1634 2878; baseline 0.003 -23"><span class='ocrx_word' id='word_1_147' title='bbox 606 2804 921 2859; x_wconf 78' lang='lat' dir='ltr'><strong>Ciacconius</strong></span> <span class='ocrx_word' id='word_1_148' title='bbox 935 2818 989 2858; x_wconf 87' lang='lat' dir='ltr'><strong>et</strong></span> <span class='ocrx_word' id='word_1_149' title='bbox 1002 2806 1230 2858; x_wconf 77' lang='lat' dir='ltr'><strong>Ursinus</strong></span> <span class='ocrx_word' id='word_1_150' title='bbox 1243 2808 1346 2860; x_wconf 84' lang='lat' dir='ltr'><strong>:Ne</strong></span> <span class='ocrx_word' id='word_1_151' title='bbox 1374 2806 1505 2878; x_wconf 77' lang='lat' dir='ltr'><strong>quod</strong></span> <span class='ocrx_word' id='word_1_152' title='bbox 1526 2808 1634 2859; x_wconf 84' lang='lat' dir='ltr'><strong>sub-</strong></span> 
     </span>
     <span class='ocr_line' id='line_1_28' title="bbox 607 2884 1634 2956; baseline 0.006 -23"><span class='ocrx_word' id='word_1_153' title='bbox 607 2886 777 2937; x_wconf 81' lang='lat' dir='ltr'><strong>sidium</strong></span> <span class='ocrx_word' id='word_1_154' title='bbox 786 2884 1095 2955; x_wconf 73' lang='lat' dir='ltr'><strong>exspectabat</strong></span> <span class='ocrx_word' id='word_1_155' title='bbox 1106 2885 1281 2938; x_wconf 71' lang='lat' dir='ltr'><strong>Coesar·</strong></span> <span class='ocrx_word' id='word_1_156' title='bbox 1286 2890 1634 2956; x_wconf 77' lang='lat' dir='ltr'><strong>inconspectum</strong></span> 
     </span>
     <span class='ocr_line' id='line_1_29' title="bbox 606 2964 1632 3037; baseline 0.005 -22"><span class='ocrx_word' id='word_1_157' title='bbox 606 2970 771 3017; x_wconf 55' lang='lat' dir='ltr'><strong>venei-e</strong></span> <span class='ocrx_word' id='word_1_158' title='bbox 798 2978 989 3037; x_wconf 82' lang='lat' dir='ltr'><strong>posset;</strong></span> <span class='ocrx_word' id='word_1_159' title='bbox 1020 2965 1055 3020; x_wconf 89' lang='lat' dir='ltr'><strong>i.</strong></span> <span class='ocrx_word' id='word_1_160' title='bbox 1092 2984 1138 3017; x_wconf 86' lang='lat' dir='ltr'><strong>e.</strong></span> <span class='ocrx_word' id='word_1_161' title='bbox 1160 3005 1175 3032; x_wconf 91' lang='lat'>,</span> <span class='ocrx_word' id='word_1_162' title='bbox 1196 2984 1267 3018; x_wconf 84' lang='lat' dir='ltr'><strong>ne</strong></span> <span class='ocrx_word' id='word_1_163' title='bbox 1302 2964 1601 3020; x_wconf 70' lang='lat' dir='ltr'><strong>subsidium</strong></span> <span class='ocrx_word' id='word_1_164' title='bbox 1616 3007 1632 3034; x_wconf 91' lang='lat'>,</span> 
     </span>
     <span class='ocr_line' id='line_1_30' title="bbox 606 3045 1636 3117; baseline 0.004 -21"><span class='ocrx_word' id='word_1_165' title='bbox 606 3045 753 3115; x_wconf 88' lang='lat' dir='ltr'><strong>quod</strong></span> <span class='ocrx_word' id='word_1_166' title='bbox 810 3047 985 3098; x_wconf 82' lang='lat' dir='ltr'><strong>Caesar</strong></span> <span class='ocrx_word' id='word_1_167' title='bbox 1037 3047 1368 3115; x_wconf 81' lang='lat' dir='ltr'><strong>exspectabat</strong></span> <span class='ocrx_word' id='word_1_168' title='bbox 1388 3083 1404 3110; x_wconf 86' lang='lat'>,</span> <span class='ocrx_word' id='word_1_169' title='bbox 1457 3061 1636 3117; x_wconf 87' lang='lat' dir='ltr'><strong>posset</strong></span> 
     </span>
     <span class='ocr_line' id='line_1_31' title="bbox 606 3126 1636 3197; baseline 0.003 -20"><span class='ocrx_word' id='word_1_170' title='bbox 606 3126 791 3177; x_wconf 81' lang='lat' dir='ltr'><strong>venire</strong></span> <span class='ocrx_word' id='word_1_171' title='bbox 806 3165 821 3193; x_wconf 85' lang='lat'>,</span> <span class='ocrx_word' id='word_1_172' title='bbox 837 3126 967 3196; x_wconf 83' lang='lat' dir='ltr'><strong>quin</strong></span> <span class='ocrx_word' id='word_1_173' title='bbox 998 3144 1026 3177; x_wconf 88' lang='lat' dir='ltr'><strong>a</strong></span> <span class='ocrx_word' id='word_1_174' title='bbox 1054 3144 1109 3177; x_wconf 87' lang='lat' dir='ltr'><strong>se</strong></span> <span class='ocrx_word' id='word_1_175' title='bbox 1132 3126 1281 3197; x_wconf 83' lang='lat' dir='ltr'><strong>prius</strong></span> <span class='ocrx_word' id='word_1_176' title='bbox 1308 3128 1636 3196; x_wconf 84' lang='lat' dir='ltr'><strong>conspicere-</strong></span> 
     </span>
     <span class='ocr_line' id='line_1_32' title="bbox 604 3201 1635 3278; baseline 0.001 -20"><span class='ocrx_word' id='word_1_177' title='bbox 604 3218 697 3258; x_wconf 84' lang='lat' dir='ltr'><strong>tur</strong></span> <span class='ocrx_word' id='word_1_178' title='bbox 704 3201 1087 3276; x_wconf 81' lang='lat' dir='ltr'><strong>(inconspectum,</strong></span> <span class='ocrx_word' id='word_1_179' title='bbox 1104 3224 1211 3257; x_wconf 90' lang='lat' dir='ltr'><strong>una</strong></span> <span class='ocrx_word' id='word_1_180' title='bbox 1224 3206 1635 3278; x_wconf 83' lang='lat' dir='ltr'><strong>voce‚invisum,</strong></span> 
     </span>
     <span class='ocr_line' id='line_1_33' title="bbox 606 3282 1632 3357; baseline 0.001 -19"><span class='ocrx_word' id='word_1_181' title='bbox 606 3282 885 3357; x_wconf 80' lang='grc' dir='ltr'>ἀόρατον),</span> <span class='ocrx_word' id='word_1_182' title='bbox 914 3306 1024 3337; x_wconf 91' lang='lat' dir='ltr'><strong>non</strong></span> <span class='ocrx_word' id='word_1_183' title='bbox 1058 3286 1193 3337; x_wconf 88' lang='lat' dir='ltr'><strong>male</strong></span> <span class='ocrx_word' id='word_1_184' title='bbox 1214 3325 1229 3352; x_wconf 94' lang='lat'>,</span> <span class='ocrx_word' id='word_1_185' title='bbox 1262 3285 1353 3338; x_wconf 82' lang='lat' dir='ltr'><strong>sed</strong></span> <span class='ocrx_word' id='word_1_186' title='bbox 1386 3286 1499 3338; x_wconf 88' lang='lat' dir='ltr'><strong>sine</strong></span> <span class='ocrx_word' id='word_1_187' title='bbox 1531 3289 1632 3339; x_wconf 85' lang='lat' dir='ltr'><strong>alia</strong></span> 
     </span>
     <span class='ocr_line' id='line_1_34' title="bbox 606 3364 1630 3421; baseline 0.003 -3"><span class='ocrx_word' id='word_1_188' title='bbox 606 3366 919 3419; x_wconf 83' lang='lat' dir='ltr'><strong>auctoritate</strong></span> <span class='ocrx_word' id='word_1_189' title='bbox 938 3384 951 3418; x_wconf 69' lang='grc' dir='ltr'><em>τ</em></span> <span class='ocrx_word' id='word_1_190' title='bbox 972 3384 1097 3418; x_wconf 84' lang='lat' dir='ltr'><strong>nam</strong></span> <span class='ocrx_word' id='word_1_191' title='bbox 1112 3364 1223 3418; x_wconf 89' lang='lat' dir='ltr'><strong>duo</strong></span> <span class='ocrx_word' id='word_1_192' title='bbox 1237 3378 1444 3418; x_wconf 85' lang='lat' dir='ltr'><strong>tantum</strong></span> <span class='ocrx_word' id='word_1_193' title='bbox 1470 3365 1630 3421; x_wconf 86' lang='lat' dir='ltr'><strong>codd.</strong></span> 
     </span>
     <span class='ocr_line' id='line_1_35' title="bbox 604 3445 1632 3517; baseline 0 -18"><span class='ocrx_word' id='word_1_194' title='bbox 604 3448 805 3499; x_wconf 84' lang='lat' dir='ltr'><strong>habent</strong></span> <span class='ocrx_word' id='word_1_195' title='bbox 846 3450 895 3497; x_wconf 80' lang='lat' dir='ltr'><strong>in</strong></span> <span class='ocrx_word' id='word_1_196' title='bbox 919 3458 1213 3517; x_wconf 83' lang='lat' dir='ltr'><strong>conspectum</strong></span> <span class='ocrx_word' id='word_1_197' title='bbox 1229 3485 1243 3506; x_wconf 92' lang='lat'>,</span> <span class='ocrx_word' id='word_1_198' title='bbox 1276 3445 1482 3499; x_wconf 86' lang='lat' dir='ltr'><strong>duabus</strong></span> <span class='ocrx_word' id='word_1_199' title='bbox 1522 3446 1632 3500; x_wconf 71' lang='lat' dir='ltr'><strong>dis-l</strong></span> 
     </span>
     <span class='ocr_line' id='line_1_36' title="bbox 605 3526 1633 3596; baseline 0 -17"><span class='ocrx_word' id='word_1_200' title='bbox 605 3526 785 3579; x_wconf 86' lang='lat' dir='ltr'><strong>tinctis</strong></span> <span class='ocrx_word' id='word_1_201' title='bbox 808 3527 1028 3578; x_wconf 69' lang='lat' dir='ltr'><strong>‘vocibus</strong></span> <span class='ocrx_word' id='word_1_202' title='bbox 1046 3566 1062 3596; x_wconf 86' lang='lat'>,</span> <span class='ocrx_word' id='word_1_203' title='bbox 1086 3536 1138 3580; x_wconf 92' lang='lat' dir='ltr'><strong>et</strong></span> <span class='ocrx_word' id='word_1_204' title='bbox 1166 3546 1348 3578; x_wconf 84' lang='lat' dir='ltr'><strong>omnes</strong></span> <span class='ocrx_word' id='word_1_205' title='bbox 1373 3546 1522 3596; x_wconf 81' lang='lat' dir='ltr'><strong>neque</strong></span> <span class='ocrx_word' id='word_1_206' title='bbox 1547 3546 1633 3579; x_wconf 85' lang='lat' dir='ltr'><strong>ex-</strong></span> 
     </span>
     <span class='ocr_line' id='line_1_37' title="bbox 602 3605 1630 3659; baseline -0.001 0"><span class='ocrx_word' id='word_1_207' title='bbox 602 3608 809 3659; x_wconf 87' lang='lat' dir='ltr'><strong>hibent.</strong></span> <span class='ocrx_word' id='word_1_208' title='bbox 840 3606 1061 3658; x_wconf 77' lang='lat' dir='ltr'><strong>Vossius</strong></span> <span class='ocrx_word' id='word_1_209' title='bbox 1090 3605 1277 3659; x_wconf 87' lang='lat' dir='ltr'><strong>audaci</strong></span> <span class='ocrx_word' id='word_1_210' title='bbox 1306 3606 1467 3657; x_wconf 86' lang='lat' dir='ltr'><strong>nimis</strong></span> <span class='ocrx_word' id='word_1_211' title='bbox 1505 3626 1630 3659; x_wconf 87' lang='lat' dir='ltr'><strong>con-</strong></span> 
     </span>
     <span class='ocr_line' id='line_1_38' title="bbox 601 3682 1628 3759; baseline -0.001 -19"><span class='ocrx_word' id='word_1_212' title='bbox 601 3689 837 3757; x_wconf 84' lang='lat' dir='ltr'><strong>jectura:</strong></span> <span class='ocrx_word' id='word_1_213' title='bbox 871 3706 1019 3759; x_wconf 84' lang='lat' dir='ltr'><strong>neque</strong></span> <span class='ocrx_word' id='word_1_214' title='bbox 1042 3688 1267 3757; x_wconf 68' lang='lat' dir='ltr'><strong>praelium</strong></span> <span class='ocrx_word' id='word_1_215' title='bbox 1282 3682 1413 3757; x_wconf 88' lang='lat' dir='ltr'><strong>(pro</strong></span> <span class='ocrx_word' id='word_1_216' title='bbox 1443 3688 1628 3757; x_wconf 80' lang='lat' dir='ltr'><strong>praesi-</strong></span> 
     </span>
     <span class='ocr_line' id='line_1_39' title="bbox 604 3763 1626 3837; baseline -0.001 -18"><span class='ocrx_word' id='word_1_217' title='bbox 604 3766 785 3831; x_wconf 87' lang='lat' dir='ltr'><strong>dium)</strong></span> <span class='ocrx_word' id='word_1_218' title='bbox 817 3766 1083 3818; x_wconf 79' lang='lat' dir='ltr'><strong>detrectam-</strong></span> <span class='ocrx_word' id='word_1_219' title='bbox 1102 3763 1239 3837; x_wconf 87' lang='lat' dir='ltr'><strong>(pro</strong></span> <span class='ocrx_word' id='word_1_220' title='bbox 1264 3764 1626 3837; x_wconf 81' lang='lat' dir='ltr'><strong>exspectans),</strong></span> 
     </span>
     <span class='ocr_line' id='line_1_40' title="bbox 602 3846 1623 3917; baseline -0.001 -18"><span class='ocrx_word' id='word_1_221' title='bbox 602 3852 648 3899; x_wconf 86' lang='lat' dir='ltr'><strong>si</strong></span> <span class='ocrx_word' id='word_1_222' title='bbox 662 3852 713 3899; x_wconf 86' lang='lat' dir='ltr'><strong>in</strong></span> <span class='ocrx_word' id='word_1_223' title='bbox 730 3846 779 3899; x_wconf 90' lang='lat' dir='ltr'><em>C</em></span> <span class='ocrx_word' id='word_1_224' title='bbox 776 3850 941 3897; x_wconf 83' lang='lat' dir='ltr'><strong>oesaris</strong></span> <span class='ocrx_word' id='word_1_225' title='bbox 958 3857 1252 3917; x_wconf 82' lang='lat' dir='ltr'><strong>conspectum</strong></span> <span class='ocrx_word' id='word_1_226' title='bbox 1271 3849 1437 3897; x_wconf 77' lang='lat' dir='ltr'><strong>venit-e</strong></span> <span class='ocrx_word' id='word_1_227' title='bbox 1446 3859 1623 3915; x_wconf 80' lang='lat' dir='ltr'><strong>posset.</strong></span> 
     </span>
     <span class='ocr_line' id='line_1_41' title="bbox 602 3926 1628 3998; baseline -0.002 -19"><span class='ocrx_word' id='word_1_228' title='bbox 602 3928 781 3979; x_wconf 84' lang='lat' dir='ltr'><strong>Davis.</strong></span> <span class='ocrx_word' id='word_1_229' title='bbox 801 3945 815 3979; x_wconf 75' lang='grc' dir='ltr'><em>τ</em></span> <span class='ocrx_word' id='word_1_230' title='bbox 836 3946 895 3978; x_wconf 83' lang='lat' dir='ltr'><strong>nc</strong></span> <span class='ocrx_word' id='word_1_231' title='bbox 916 3946 1009 3998; x_wconf 83' lang='lat' dir='ltr'><strong>qua</strong></span> <span class='ocrx_word' id='word_1_232' title='bbox 1024 3926 1285 3977; x_wconf 79' lang='lat' dir='ltr'><strong>subsidium</strong></span> <span class='ocrx_word' id='word_1_233' title='bbox 1308 3938 1628 3996; x_wconf 77' lang='lat' dir='ltr'><strong>exspectatum</strong></span> 
     </span>
     <span class='ocr_line' id='line_1_42' title="bbox 603 4006 1621 4077; baseline 0.003 -20"><span class='ocrx_word' id='word_1_234' title='bbox 603 4011 652 4058; x_wconf 79' lang='lat' dir='ltr'><strong>iu</strong></span> <span class='ocrx_word' id='word_1_235' title='bbox 686 4006 897 4062; x_wconf 59' lang='lat' dir='ltr'><strong>Caesar-h</strong></span> <span class='ocrx_word' id='word_1_236' title='bbox 928 4006 1221 4077; x_wconf 77' lang='lat' dir='ltr'><strong>complexum</strong></span> <span class='ocrx_word' id='word_1_237' title='bbox 1246 4009 1411 4057; x_wconf 78' lang='lat' dir='ltr'><strong>venire</strong></span> <span class='ocrx_word' id='word_1_238' title='bbox 1441 4018 1621 4076; x_wconf 81' lang='lat' dir='ltr'><strong>posset.</strong></span> 
     </span>
     <span class='ocr_line' id='line_1_43' title="bbox 600 4085 1621 4157; baseline 0.001 -19"><span class='ocrx_word' id='word_1_239' title='bbox 600 4086 666 4138; x_wconf 91' lang='lat' dir='ltr'><strong>Id</strong></span> <span class='ocrx_word' id='word_1_240' title='bbox 688 4085 876 4138; x_wconf 88' lang='lat' dir='ltr'><strong>eodem</strong></span> <span class='ocrx_word' id='word_1_241' title='bbox 908 4085 1049 4138; x_wconf 78' lang='lat' dir='ltr'><strong>redit</strong></span> <span class='ocrx_word' id='word_1_242' title='bbox 1088 4104 1195 4157; x_wconf 80' lang='lat' dir='ltr'><strong>quo</strong></span> <span class='ocrx_word' id='word_1_243' title='bbox 1234 4086 1406 4139; x_wconf 85' lang='lat' dir='ltr'><strong>Ciacc.</strong></span> <span class='ocrx_word' id='word_1_244' title='bbox 1439 4086 1621 4139; x_wconf 80' lang='lat' dir='ltr'><strong>Clark.</strong></span> 
     </span>
    </p>
   </div>
   <div class='ocr_carea' id='block_1_6' title="bbox 594 4165 1622 4238">
    <p class='ocr_par' dir='ltr' id='par_1_7' title="bbox 594 4165 1622 4238">
     <span class='ocr_line' id='line_1_44' title="bbox 594 4165 1622 4238; baseline 0 -20"><span class='ocrx_word' id='word_1_245' title='bbox 594 4165 834 4238; x_wconf 76' lang='grc' dir='ltr'><strong>παραφροί</strong></span> <span class='ocrx_word' id='word_1_246' title='bbox 839 4168 930 4226; x_wconf 81' lang='grc' dir='ltr'><strong>ζων</strong></span> <span class='ocrx_word' id='word_1_247' title='bbox 939 4167 961 4224; x_wconf 65' lang='grc' dir='ltr'><strong>,ἰ</strong></span> <span class='ocrx_word' id='word_1_248' title='bbox 968 4178 1327 4237; x_wconf 76' lang='lat' dir='ltr'><strong>ntcrpretat-ur</strong></span> <span class='ocrx_word' id='word_1_249' title='bbox 1338 4193 1357 4212; x_wconf 67' lang='lat' dir='ltr'><strong>t&lt;</strong></span> <span class='ocrx_word' id='word_1_250' title='bbox 1369 4166 1622 4218; x_wconf 79' lang='lat' dir='ltr'><strong>Bibulum</strong></span> 
     </span>
    </p>
   </div>
   <div class='ocr_carea' id='block_1_7' title="bbox 1712 1350 2762 4234">
    <p class='ocr_par' dir='ltr' id='par_1_8' title="bbox 1712 1350 2762 4234">
     <span class='ocr_line' id='line_1_45' title="bbox 1727 1350 2762 1433; baseline 0.005 -19"><span class='ocrx_word' id='word_1_251' title='bbox 1727 1350 2088 1433; x_wconf 67' lang='lat' dir='ltr'><strong>neque&#39;ullum</strong></span> <span class='ocrx_word' id='word_1_252' title='bbox 2097 1363 2356 1429; x_wconf 84' lang='lat' dir='ltr'><strong>laborem,</strong></span> <span class='ocrx_word' id='word_1_253' title='bbox 2369 1362 2762 1418; x_wconf 83' lang='lat' dir='ltr'><strong>conditionem·</strong></span> 
     </span>
     <span class='ocr_line' id='line_1_46' title="bbox 1728 1438 2758 1511; baseline 0.002 -16"><span class='ocrx_word' id='word_1_254' title='bbox 1728 1461 1793 1495; x_wconf 85' lang='lat' dir='ltr'><strong>ve</strong></span> <span class='ocrx_word' id='word_1_255' title='bbox 1823 1441 2117 1496; x_wconf 80' lang='lat' dir='ltr'><strong>detrectare</strong></span> <span class='ocrx_word' id='word_1_256' title='bbox 2139 1438 2652 1511; x_wconf 82' lang='lat' dir='ltr'><strong>(detrectatumm),</strong></span> <span class='ocrx_word' id='word_1_257' title='bbox 2667 1465 2758 1498; x_wconf 88' lang='lat' dir='ltr'><strong>ne-</strong></span> 
     </span>
     <span class='ocr_line' id='line_1_47' title="bbox 1729 1521 2755 1596; baseline 0.004 -23"><span class='ocrx_word' id='word_1_258' title='bbox 1729 1541 1834 1594; x_wconf 89' lang='lat' dir='ltr'><strong>que</strong></span> <span class='ocrx_word' id='word_1_259' title='bbox 1863 1523 2033 1575; x_wconf 88' lang='lat' dir='ltr'><strong>ullum</strong></span> <span class='ocrx_word' id='word_1_260' title='bbox 2065 1521 2362 1576; x_wconf 78' lang='lat' dir='ltr'><strong>subsidium</strong></span> <span class='ocrx_word' id='word_1_261' title='bbox 2389 1524 2635 1596; x_wconf 85' lang='lat' dir='ltr'><strong>plurium</strong></span> <span class='ocrx_word' id='word_1_262' title='bbox 2663 1544 2755 1577; x_wconf 89' lang='lat' dir='ltr'><strong>na-</strong></span> 
     </span>
     <span class='ocr_line' id='line_1_48' title="bbox 1727 1599 2756 1674; baseline 0.001 -19"><span class='ocrx_word' id='word_1_263' title='bbox 1727 1602 1875 1656; x_wconf 85' lang='lat' dir='ltr'><strong>vium</strong></span> <span class='ocrx_word' id='word_1_264' title='bbox 1887 1615 2314 1674; x_wconf 83' lang='lat' dir='ltr'><strong>exspectaturum</strong></span> <span class='ocrx_word' id='word_1_265' title='bbox 2321 1599 2404 1662; x_wconf 84' lang='lat' dir='ltr'><strong>(ut</strong></span> <span class='ocrx_word' id='word_1_266' title='bbox 2417 1617 2605 1674; x_wconf 86' lang='lat' dir='ltr'><strong>postea</strong></span> <span class='ocrx_word' id='word_1_267' title='bbox 2619 1605 2756 1657; x_wconf 80' lang='lat' dir='ltr'><strong>Libo</strong></span> 
     </span>
     <span class='ocr_line' id='line_1_49' title="bbox 1727 1681 2754 1754; baseline 0.003 -18"><span class='ocrx_word' id='word_1_268' title='bbox 1727 1701 1784 1736; x_wconf 81' lang='lat' dir='ltr'><strong>se</strong></span> <span class='ocrx_word' id='word_1_269' title='bbox 1813 1683 1864 1738; x_wconf 86' lang='lat' dir='ltr'><strong>ei</strong></span> <span class='ocrx_word' id='word_1_270' title='bbox 1895 1685 2227 1754; x_wconf 75' lang='lat' dir='ltr'><strong>conjunxisse</strong></span> <span class='ocrx_word' id='word_1_271' title='bbox 2255 1696 2604 1752; x_wconf 77' lang='lat' dir='ltr'><strong>narratur,c.</strong></span> <span class='ocrx_word' id='word_1_272' title='bbox 2647 1681 2754 1751; x_wconf 81' lang='lat'>15),</span> 
     </span>
     <span class='ocr_line' id='line_1_50' title="bbox 1727 1761 2756 1820; baseline 0.003 -6"><span class='ocrx_word' id='word_1_273' title='bbox 1727 1761 1892 1816; x_wconf 90' lang='lat' dir='ltr'><strong>modo</strong></span> <span class='ocrx_word' id='word_1_274' title='bbox 1915 1782 2038 1818; x_wconf 89' lang='lat' dir='ltr'><strong>cum</strong></span> <span class='ocrx_word' id='word_1_275' title='bbox 2057 1765 2261 1818; x_wconf 76' lang='lat' dir='ltr'><strong>Caesare</strong></span> <span class='ocrx_word' id='word_1_276' title='bbox 2277 1765 2386 1816; x_wconf 81' lang='lat' dir='ltr'><strong>ulla</strong></span> <span class='ocrx_word' id='word_1_277' title='bbox 2403 1766 2617 1818; x_wconf 84' lang='lat' dir='ltr'><strong>ratione</strong></span> <span class='ocrx_word' id='word_1_278' title='bbox 2636 1785 2756 1820; x_wconf 90' lang='lat' dir='ltr'><strong>con-</strong></span> 
     </span>
     <span class='ocr_line' id='line_1_51' title="bbox 1726 1841 2756 1916; baseline 0.001 -21"><span class='ocrx_word' id='word_1_279' title='bbox 1726 1841 1877 1912; x_wconf 81' lang='lat' dir='ltr'><strong>gredi</strong></span> <span class='ocrx_word' id='word_1_280' title='bbox 1907 1857 2101 1916; x_wconf 84' lang='lat' dir='ltr'><strong>posset.</strong></span> <span class='ocrx_word' id='word_1_281' title='bbox 2129 1871 2150 1891; x_wconf 75' lang='grc' dir='ltr'>ι</span> <span class='ocrx_word' id='word_1_282' title='bbox 2179 1842 2605 1916; x_wconf 85' lang='lat' dir='ltr'><strong>Oudendorpius</strong></span> <span class='ocrx_word' id='word_1_283' title='bbox 2635 1864 2649 1898; x_wconf 93' lang='lat'><strong>:</strong></span> <span class='ocrx_word' id='word_1_284' title='bbox 2680 1845 2756 1899; x_wconf 86' lang='lat' dir='ltr'><strong>Ne</strong></span> 
     </span>
     <span class='ocr_line' id='line_1_52' title="bbox 1728 1923 2755 2014; baseline 0.002 -39"><span class='ocrx_word' id='word_1_285' title='bbox 1728 1924 1862 1994; x_wconf 81' lang='lat' dir='ltr'><strong>quod</strong></span> <span class='ocrx_word' id='word_1_286' title='bbox 1891 1924 2150 1976; x_wconf 80' lang='lat' dir='ltr'><strong>subsidium</strong></span> <span class='ocrx_word' id='word_1_287' title='bbox 2190 1927 2507 1994; x_wconf 78' lang='lat' dir='ltr'><strong>exspectantis</strong></span> <span class='ocrx_word' id='word_1_288' title='bbox 2543 1923 2755 2014; x_wconf 60' lang='lat' dir='ltr'><strong>Coesferis</strong></span> 
     </span>
     <span class='ocr_line' id='line_1_53' title="bbox 1728 2005 2754 2076; baseline 0.005 -22"><span class='ocrx_word' id='word_1_289' title='bbox 1728 2006 1778 2054; x_wconf 80' lang='lat' dir='ltr'><strong>in</strong></span> <span class='ocrx_word' id='word_1_290' title='bbox 1815 2005 2108 2074; x_wconf 64' lang='lat' dir='ltr'><strong>complexum</strong></span> <span class='ocrx_word' id='word_1_291' title='bbox 2140 2009 2302 2056; x_wconf 78' lang='lat' dir='ltr'><strong>venire</strong></span> <span class='ocrx_word' id='word_1_292' title='bbox 2329 2015 2510 2076; x_wconf 82' lang='lat' dir='ltr'><strong>posset.</strong></span> <span class='ocrx_word' id='word_1_293' title='bbox 2537 2005 2754 2059; x_wconf 81' lang='lat' dir='ltr'><strong>oberli-</strong></span> 
     </span>
     <span class='ocr_line' id='line_1_54' title="bbox 1726 2084 2754 2156; baseline 0.002 -20"><span class='ocrx_word' id='word_1_294' title='bbox 1726 2103 1863 2140; x_wconf 83' lang='lat' dir='ltr'><strong>nus:</strong></span> <span class='ocrx_word' id='word_1_295' title='bbox 1889 2111 1911 2132; x_wconf 75' lang='grc' dir='ltr'>ι</span> <span class='ocrx_word' id='word_1_296' title='bbox 1929 2084 2121 2138; x_wconf 85' lang='lat' dir='ltr'><strong>Sensus</strong></span> <span class='ocrx_word' id='word_1_297' title='bbox 2139 2098 2217 2138; x_wconf 85' lang='lat' dir='ltr'><strong>est</strong></span> <span class='ocrx_word' id='word_1_298' title='bbox 2239 2085 2555 2156; x_wconf 82' lang='lat' dir='ltr'><strong>perspicuus</strong></span> <span class='ocrx_word' id='word_1_299' title='bbox 2564 2093 2588 2151; x_wconf 69' lang='grc' dir='ltr'><strong>ς’</strong></span> <span class='ocrx_word' id='word_1_300' title='bbox 2599 2086 2754 2138; x_wconf 88' lang='lat' dir='ltr'><strong>Bibu-</strong></span> 
     </span>
     <span class='ocr_line' id='line_1_55' title="bbox 1723 2161 2754 2236; baseline 0.003 -21"><span class='ocrx_word' id='word_1_301' title='bbox 1723 2161 1839 2216; x_wconf 88' lang='lat' dir='ltr'><strong>lum</strong></span> <span class='ocrx_word' id='word_1_302' title='bbox 1878 2161 2158 2217; x_wconf 84' lang='lat' dir='ltr'><strong>durissima</strong></span> <span class='ocrx_word' id='word_1_303' title='bbox 2205 2165 2388 2236; x_wconf 82' lang='lat' dir='ltr'><strong>quavis</strong></span> <span class='ocrx_word' id='word_1_304' title='bbox 2444 2163 2754 2218; x_wconf 89' lang='lat' dir='ltr'><strong>conditione</strong></span> 
     </span>
     <span class='ocr_line' id='line_1_56' title="bbox 1726 2243 2756 2315; baseline 0.001 -18"><span class='ocrx_word' id='word_1_305' title='bbox 1726 2244 1960 2315; x_wconf 72' lang='lat' dir='ltr'><strong>utivelle</strong></span> <span class='ocrx_word' id='word_1_306' title='bbox 1974 2282 1990 2309; x_wconf 86' lang='lat'>,</span> <span class='ocrx_word' id='word_1_307' title='bbox 2015 2244 2058 2296; x_wconf 92' lang='lat' dir='ltr'><strong>si</strong></span> <span class='ocrx_word' id='word_1_308' title='bbox 2075 2243 2240 2298; x_wconf 89' lang='lat' dir='ltr'><strong>modo</strong></span> <span class='ocrx_word' id='word_1_309' title='bbox 2255 2263 2381 2298; x_wconf 88' lang='lat' dir='ltr'><strong>cum</strong></span> <span class='ocrx_word' id='word_1_310' title='bbox 2405 2245 2618 2297; x_wconf 69' lang='lat' dir='ltr'><strong>Caesare</strong></span> <span class='ocrx_word' id='word_1_311' title='bbox 2635 2264 2756 2298; x_wconf 82' lang='lat' dir='ltr'><strong>con-</strong></span> 
     </span>
     <span class='ocr_line' id='line_1_57' title="bbox 1727 2322 2754 2396; baseline 0.002 -20"><span class='ocrx_word' id='word_1_312' title='bbox 1727 2322 1910 2393; x_wconf 81' lang='lat' dir='ltr'><strong>flig&#39;ere</strong></span> <span class='ocrx_word' id='word_1_313' title='bbox 1939 2323 2121 2395; x_wconf 78' lang='lat' dir='ltr'><strong>possit.</strong></span> <span class='ocrx_word' id='word_1_314' title='bbox 2159 2351 2180 2371; x_wconf 75' lang='grc' dir='ltr'>ι</span> <span class='ocrx_word' id='word_1_315' title='bbox 2214 2323 2457 2377; x_wconf 83' lang='lat' dir='ltr'><strong>Tandem</strong></span> <span class='ocrx_word' id='word_1_316' title='bbox 2489 2324 2754 2396; x_wconf 85' lang='lat' dir='ltr'><strong>interpres</strong></span> 
     </span>
     <span class='ocr_line' id='line_1_58' title="bbox 1725 2403 2754 2476; baseline 0.001 -20"><span class='ocrx_word' id='word_1_317' title='bbox 1725 2404 1942 2476; x_wconf 81' lang='lat' dir='ltr'><strong>gallicus</strong></span> <span class='ocrx_word' id='word_1_318' title='bbox 1960 2423 2022 2456; x_wconf 87' lang='lat' dir='ltr'><strong>ex</strong></span> <span class='ocrx_word' id='word_1_319' title='bbox 2041 2403 2310 2457; x_wconf 86' lang='lat' dir='ltr'><strong>Hotmano</strong></span> <span class='ocrx_word' id='word_1_320' title='bbox 2330 2404 2648 2472; x_wconf 84' lang='lat' dir='ltr'><strong>,lectionem</strong></span> <span class='ocrx_word' id='word_1_321' title='bbox 2665 2424 2754 2459; x_wconf 88' lang='lat' dir='ltr'><strong>co-</strong></span> 
     </span>
     <span class='ocr_line' id='line_1_59' title="bbox 1725 2481 2752 2552; baseline 0.002 -15"><span class='ocrx_word' id='word_1_322' title='bbox 1725 2481 1908 2538; x_wconf 86' lang='lat' dir='ltr'><strong>dicum</strong></span> <span class='ocrx_word' id='word_1_323' title='bbox 1938 2502 2150 2537; x_wconf 69' lang='lat' dir='ltr'><strong>sei-vans</strong></span> <span class='ocrx_word' id='word_1_324' title='bbox 2169 2525 2182 2552; x_wconf 82' lang='lat'><strong>‚</strong></span> <span class='ocrx_word' id='word_1_325' title='bbox 2200 2484 2423 2538; x_wconf 86' lang='lat' dir='ltr'><strong>admissa</strong></span> <span class='ocrx_word' id='word_1_326' title='bbox 2449 2497 2631 2539; x_wconf 86' lang='lat' dir='ltr'><strong>tamen</strong></span> <span class='ocrx_word' id='word_1_327' title='bbox 2651 2486 2752 2539; x_wconf 78' lang='lat' dir='ltr'><strong>levi</strong></span> 
     </span>
     <span class='ocr_line' id='line_1_60' title="bbox 1725 2556 2757 2637; baseline 0.001 -20"><span class='ocrx_word' id='word_1_328' title='bbox 1725 2556 2022 2619; x_wconf 79' lang='lat' dir='ltr'><strong>mutatione</strong></span> <span class='ocrx_word' id='word_1_329' title='bbox 2049 2569 2268 2633; x_wconf 60' lang='lat' dir='ltr'><strong>veniret,</strong></span> <span class='ocrx_word' id='word_1_330' title='bbox 2289 2584 2390 2637; x_wconf 85' lang='lat' dir='ltr'><strong>pro</strong></span> <span class='ocrx_word' id='word_1_331' title='bbox 2413 2570 2584 2617; x_wconf 75' lang='lat' dir='ltr'><strong>venir-e</strong></span> <span class='ocrx_word' id='word_1_332' title='bbox 2593 2580 2757 2637; x_wconf 81' lang='lat' dir='ltr'><strong>posset</strong></span> 
     </span>
     <span class='ocr_line' id='line_1_61' title="bbox 1725 2640 2752 2717; baseline 0.002 -19"><span class='ocrx_word' id='word_1_333' title='bbox 1725 2640 1906 2716; x_wconf 84' lang='lat' dir='ltr'><strong>(quam</strong></span> <span class='ocrx_word' id='word_1_334' title='bbox 1919 2646 2204 2699; x_wconf 87' lang='lat' dir='ltr'><strong>lectionem</strong></span> <span class='ocrx_word' id='word_1_335' title='bbox 2221 2647 2582 2717; x_wconf 85' lang='lat' dir='ltr'><strong>comprobant</strong></span> <span class='ocrx_word' id='word_1_336' title='bbox 2595 2644 2752 2701; x_wconf 88' lang='lat' dir='ltr'><strong>codd.</strong></span> 
     </span>
     <span class='ocr_line' id='line_1_62' title="bbox 1723 2723 2759 2796; baseline 0.002 -19"><span class='ocrx_word' id='word_1_337' title='bbox 1723 2726 1970 2779; x_wconf 81' lang='lat' dir='ltr'><strong>nonnulli</strong></span> <span class='ocrx_word' id='word_1_338' title='bbox 1983 2727 2140 2779; x_wconf 77' lang='lat' dir='ltr'><strong>bonae</strong></span> <span class='ocrx_word' id='word_1_339' title='bbox 2148 2723 2330 2792; x_wconf 70' lang='lat' dir='ltr'><strong>notae),</strong></span> <span class='ocrx_word' id='word_1_340' title='bbox 2342 2726 2594 2796; x_wconf 82' lang='lat' dir='ltr'><strong>intelligit</strong></span> <span class='ocrx_word' id='word_1_341' title='bbox 2605 2744 2620 2779; x_wconf 88' lang='lat'>:</span> <span class='ocrx_word' id='word_1_342' title='bbox 2633 2726 2759 2779; x_wconf 86' lang='lat' dir='ltr'><strong>dua-</strong></span> 
     </span>
     <span class='ocr_line' id='line_1_63' title="bbox 1723 2805 2756 2877; baseline 0.003 -20"><span class='ocrx_word' id='word_1_343' title='bbox 1723 2806 1824 2859; x_wconf 80' lang='lat' dir='ltr'><strong>bus</strong></span> <span class='ocrx_word' id='word_1_344' title='bbox 1871 2805 1940 2859; x_wconf 87' lang='lat' dir='ltr'><strong>de</strong></span> <span class='ocrx_word' id='word_1_345' title='bbox 1983 2806 2152 2859; x_wconf 78' lang='lat' dir='ltr'><strong>causis</strong></span> <span class='ocrx_word' id='word_1_346' title='bbox 2202 2818 2479 2877; x_wconf 82' lang='lat' dir='ltr'><strong>tantopere</strong></span> <span class='ocrx_word' id='word_1_347' title='bbox 2528 2807 2756 2860; x_wconf 88' lang='lat' dir='ltr'><strong>Bibulus</strong></span> 
     </span>
     <span class='ocr_line' id='line_1_64' title="bbox 1723 2884 2759 2956; baseline 0.001 -18"><span class='ocrx_word' id='word_1_348' title='bbox 1723 2887 2016 2940; x_wconf 82' lang='lat' dir='ltr'><strong>excubabat</strong></span> <span class='ocrx_word' id='word_1_349' title='bbox 2038 2904 2053 2938; x_wconf 73' lang='grc' dir='ltr'><strong><em>ε</em></strong></span> <span class='ocrx_word' id='word_1_350' title='bbox 2086 2887 2326 2956; x_wconf 86' lang='lat' dir='ltr'><strong>primum</strong></span> <span class='ocrx_word' id='word_1_351' title='bbox 2345 2925 2361 2953; x_wconf 91' lang='lat'>‚</span> <span class='ocrx_word' id='word_1_352' title='bbox 2385 2897 2448 2937; x_wconf 89' lang='lat' dir='ltr'><strong>ut</strong></span> <span class='ocrx_word' id='word_1_353' title='bbox 2497 2884 2722 2939; x_wconf 75' lang='lat' dir='ltr'><strong>Caesaris</strong></span> <span class='ocrx_word' id='word_1_354' title='bbox 2743 2929 2759 2955; x_wconf 85' lang='lat'>‚</span> 
     </span>
     <span class='ocr_line' id='line_1_65' title="bbox 1722 2955 2756 3038; baseline 0.003 -21"><span class='ocrx_word' id='word_1_355' title='bbox 1722 2966 1768 3017; x_wconf 86' lang='lat' dir='ltr'><strong>si</strong></span> <span class='ocrx_word' id='word_1_356' title='bbox 1799 2955 2009 3038; x_wconf 79' lang='lat' dir='ltr'><strong>posset,</strong></span> <span class='ocrx_word' id='word_1_357' title='bbox 2039 2966 2271 3037; x_wconf 85' lang='lat' dir='ltr'><strong>aliquam</strong></span> <span class='ocrx_word' id='word_1_358' title='bbox 2302 2984 2494 3017; x_wconf 80' lang='lat' dir='ltr'><strong>navem</strong></span> <span class='ocrx_word' id='word_1_359' title='bbox 2535 2966 2756 3020; x_wconf 79' lang='lat' dir='ltr'><strong>interci-</strong></span> 
     </span>
     <span class='ocr_line' id='line_1_66' title="bbox 1723 3044 2755 3119; baseline 0.002 -22"><span class='ocrx_word' id='word_1_360' title='bbox 1723 3058 1874 3117; x_wconf 84' lang='lat' dir='ltr'><strong>peret</strong></span> <span class='ocrx_word' id='word_1_361' title='bbox 1889 3064 1904 3113; x_wconf 72' lang='grc' dir='ltr'>ς</span> <span class='ocrx_word' id='word_1_362' title='bbox 1921 3044 2116 3098; x_wconf 86' lang='lat' dir='ltr'><strong>deinde</strong></span> <span class='ocrx_word' id='word_1_363' title='bbox 2135 3084 2151 3113; x_wconf 88' lang='lat'>,</span> <span class='ocrx_word' id='word_1_364' title='bbox 2166 3064 2236 3097; x_wconf 89' lang='lat' dir='ltr'><strong>ne</strong></span> <span class='ocrx_word' id='word_1_365' title='bbox 2261 3046 2374 3116; x_wconf 88' lang='lat' dir='ltr'><strong>ipse</strong></span> <span class='ocrx_word' id='word_1_366' title='bbox 2403 3045 2755 3119; x_wconf 78' lang='lat' dir='ltr'><strong>intercipere-</strong></span> 
     </span>
     <span class='ocr_line' id='line_1_67' title="bbox 1723 3124 2754 3194; baseline 0.001 -17"><span class='ocrx_word' id='word_1_367' title='bbox 1723 3136 1812 3178; x_wconf 86' lang='lat' dir='ltr'><strong>tur</strong></span> <span class='ocrx_word' id='word_1_368' title='bbox 1842 3144 1856 3179; x_wconf 88' lang='lat'>:</span> <span class='ocrx_word' id='word_1_369' title='bbox 1885 3144 2006 3178; x_wconf 86' lang='lat' dir='ltr'><strong>nam</strong></span> <span class='ocrx_word' id='word_1_370' title='bbox 2033 3126 2158 3177; x_wconf 78' lang='lat' dir='ltr'><strong>vitae</strong></span> <span class='ocrx_word' id='word_1_371' title='bbox 2183 3124 2480 3177; x_wconf 83' lang='lat' dir='ltr'><strong>subsidium</strong></span> <span class='ocrx_word' id='word_1_372' title='bbox 2511 3127 2754 3194; x_wconf 83' lang='lat' dir='ltr'><strong>nullum,</strong></span> 
     </span>
     <span class='ocr_line' id='line_1_68' title="bbox 1723 3202 2759 3279; baseline 0.003 -22"><span class='ocrx_word' id='word_1_373' title='bbox 1723 3219 1812 3258; x_wconf 83' lang='lat' dir='ltr'><strong>aut</strong></span> <span class='ocrx_word' id='word_1_374' title='bbox 1833 3202 2252 3259; x_wconf 81' lang='lat' dir='ltr'><strong>misericordiam</strong></span> <span class='ocrx_word' id='word_1_375' title='bbox 2271 3224 2300 3258; x_wconf 86' lang='lat' dir='ltr'><strong>a</strong></span> <span class='ocrx_word' id='word_1_376' title='bbox 2319 3206 2526 3258; x_wconf 81' lang='lat' dir='ltr'><strong>Caesare</strong></span> <span class='ocrx_word' id='word_1_377' title='bbox 2543 3224 2759 3279; x_wconf 82' lang='lat' dir='ltr'><strong>exspec-</strong></span> 
     </span>
     <span class='ocr_line' id='line_1_69' title="bbox 1721 3284 2754 3356; baseline 0.002 -19"><span class='ocrx_word' id='word_1_378' title='bbox 1721 3286 1882 3340; x_wconf 84' lang='lat' dir='ltr'><strong>tabat.</strong></span> <span class='ocrx_word' id='word_1_379' title='bbox 1902 3284 2054 3338; x_wconf 86' lang='lat' dir='ltr'><strong>Hanc</strong></span> <span class='ocrx_word' id='word_1_380' title='bbox 2079 3285 2322 3337; x_wconf 84' lang='lat' dir='ltr'><strong>ultimam</strong></span> <span class='ocrx_word' id='word_1_381' title='bbox 2339 3286 2754 3356; x_wconf 80' lang='lat' dir='ltr'><strong>explicationem</strong></span> 
     </span>
     <span class='ocr_line' id='line_1_70' title="bbox 1715 3364 2753 3437; baseline 0.002 -20"><span class='ocrx_word' id='word_1_382' title='bbox 1715 3384 1786 3417; x_wconf 84' lang='lat' dir='ltr'><strong>eo</strong></span> <span class='ocrx_word' id='word_1_383' title='bbox 1815 3366 2068 3418; x_wconf 86' lang='lat' dir='ltr'><strong>libentius</strong></span> <span class='ocrx_word' id='word_1_384' title='bbox 2095 3364 2430 3418; x_wconf 79' lang='lat' dir='ltr'><strong>admitterem</strong></span> <span class='ocrx_word' id='word_1_385' title='bbox 2444 3406 2460 3433; x_wconf 88' lang='lat'>,</span> <span class='ocrx_word' id='word_1_386' title='bbox 2473 3364 2622 3437; x_wconf 87' lang='lat' dir='ltr'><strong>quod</strong></span> <span class='ocrx_word' id='word_1_387' title='bbox 2634 3386 2753 3437; x_wconf 86' lang='lat' dir='ltr'><strong>pos-</strong></span> 
     </span>
     <span class='ocr_line' id='line_1_71' title="bbox 1719 3444 2754 3517; baseline 0.002 -20"><span class='ocrx_word' id='word_1_388' title='bbox 1719 3457 1794 3497; x_wconf 80' lang='lat' dir='ltr'><strong>set</strong></span> <span class='ocrx_word' id='word_1_389' title='bbox 1817 3464 1920 3516; x_wconf 88' lang='lat' dir='ltr'><strong>pro</strong></span> <span class='ocrx_word' id='word_1_390' title='bbox 1945 3447 2035 3497; x_wconf 83' lang='lat' dir='ltr'><strong>sed</strong></span> <span class='ocrx_word' id='word_1_391' title='bbox 2050 3458 2191 3516; x_wconf 82' lang='lat' dir='ltr'><strong>post,</strong></span> <span class='ocrx_word' id='word_1_392' title='bbox 2228 3444 2374 3516; x_wconf 89' lang='lat' dir='ltr'><strong>quod</strong></span> <span class='ocrx_word' id='word_1_393' title='bbox 2395 3447 2652 3517; x_wconf 76' lang='lat' dir='ltr'><strong>sequitur</strong></span> <span class='ocrx_word' id='word_1_394' title='bbox 2693 3448 2754 3499; x_wconf 88' lang='lat' dir='ltr'><strong>in</strong></span> 
     </span>
     <span class='ocr_line' id='line_1_72' title="bbox 1719 3524 2754 3597; baseline -0.002 -20"><span class='ocrx_word' id='word_1_395' title='bbox 1719 3526 1992 3579; x_wconf 81' lang='lat' dir='ltr'><strong>nonnullis</strong></span> <span class='ocrx_word' id='word_1_396' title='bbox 2030 3524 2188 3578; x_wconf 87' lang='lat' dir='ltr'><strong>codd.</strong></span> <span class='ocrx_word' id='word_1_397' title='bbox 2216 3563 2233 3589; x_wconf 91' lang='lat'><strong>,</strong></span> <span class='ocrx_word' id='word_1_398' title='bbox 2267 3538 2358 3577; x_wconf 82' lang='lat' dir='ltr'><strong>aut</strong></span> <span class='ocrx_word' id='word_1_399' title='bbox 2391 3526 2481 3576; x_wconf 83' lang='lat' dir='ltr'><strong>sed</strong></span> <span class='ocrx_word' id='word_1_400' title='bbox 2498 3538 2624 3596; x_wconf 72' lang='lat' dir='ltr'><strong>post</strong></span> <span class='ocrx_word' id='word_1_401' title='bbox 2649 3545 2754 3597; x_wconf 82' lang='lat' dir='ltr'><strong>pro</strong></span> 
     </span>
     <span class='ocr_line' id='line_1_73' title="bbox 1712 3605 2752 3677; baseline 0.002 -20"><span class='ocrx_word' id='word_1_402' title='bbox 1712 3618 1878 3676; x_wconf 84' lang='lat' dir='ltr'><strong>posset</strong></span> <span class='ocrx_word' id='word_1_403' title='bbox 1905 3607 2162 3677; x_wconf 83' lang='lat' dir='ltr'><strong>scriptum</strong></span> <span class='ocrx_word' id='word_1_404' title='bbox 2205 3606 2368 3657; x_wconf 84' lang='lat' dir='ltr'><strong>fuisse</strong></span> <span class='ocrx_word' id='word_1_405' title='bbox 2405 3605 2752 3663; x_wconf 67' lang='lat' dir='ltr'><strong>manifestum</strong></span> 
     </span>
     <span class='ocr_line' id='line_1_74' title="bbox 1719 3682 2746 3757; baseline -0.001 -20"><span class='ocrx_word' id='word_1_406' title='bbox 1719 3699 1812 3739; x_wconf 88' lang='lat' dir='ltr'><strong>est.</strong></span> <span class='ocrx_word' id='word_1_407' title='bbox 1829 3686 1966 3739; x_wconf 85' lang='lat' dir='ltr'><strong>Nam</strong></span> <span class='ocrx_word' id='word_1_408' title='bbox 1983 3682 2140 3738; x_wconf 88' lang='lat' dir='ltr'><strong>codd.</strong></span> <span class='ocrx_word' id='word_1_409' title='bbox 2151 3685 2208 3736; x_wconf 85' lang='lat' dir='ltr'><strong>in</strong></span> <span class='ocrx_word' id='word_1_410' title='bbox 2223 3686 2420 3755; x_wconf 85' lang='lat' dir='ltr'><strong>quibus</strong></span> <span class='ocrx_word' id='word_1_411' title='bbox 2433 3698 2511 3738; x_wconf 77' lang='lat' dir='ltr'><strong>est</strong></span> <span class='ocrx_word' id='word_1_412' title='bbox 2525 3686 2618 3736; x_wconf 80' lang='lat' dir='ltr'><strong>sed</strong></span> <span class='ocrx_word' id='word_1_413' title='bbox 2617 3701 2746 3757; x_wconf 79' lang='lat' dir='ltr'><strong>post,</strong></span> 
     </span>
     <span class='ocr_line' id='line_1_75' title="bbox 1718 3765 2754 3836; baseline 0.001 -19"><span class='ocrx_word' id='word_1_414' title='bbox 1718 3777 1779 3818; x_wconf 88' lang='lat' dir='ltr'><strong>ut</strong></span> <span class='ocrx_word' id='word_1_415' title='bbox 1803 3766 1960 3818; x_wconf 80' lang='lat' dir='ltr'><strong>Voss.</strong></span> <span class='ocrx_word' id='word_1_416' title='bbox 1981 3766 2196 3832; x_wconf 84' lang='lat' dir='ltr'><strong>ait,non</strong></span> <span class='ocrx_word' id='word_1_417' title='bbox 2219 3765 2419 3817; x_wconf 82' lang='lat' dir='ltr'><strong>habent</strong></span> <span class='ocrx_word' id='word_1_418' title='bbox 2431 3782 2623 3817; x_wconf 82' lang='lat' dir='ltr'><strong>vocem</strong></span> <span class='ocrx_word' id='word_1_419' title='bbox 2638 3784 2754 3836; x_wconf 85' lang='lat' dir='ltr'><strong>pos-</strong></span> 
     </span>
     <span class='ocr_line' id='line_1_76' title="bbox 1716 3844 2756 3915; baseline 0.003 -19"><span class='ocrx_word' id='word_1_420' title='bbox 1716 3858 1804 3899; x_wconf 83' lang='lat' dir='ltr'><strong>set.</strong></span> <span class='ocrx_word' id='word_1_421' title='bbox 1827 3846 2030 3897; x_wconf 83' lang='lat' dir='ltr'><strong>Contra</strong></span> <span class='ocrx_word' id='word_1_422' title='bbox 2047 3846 2103 3896; x_wconf 87' lang='lat' dir='ltr'><strong>in</strong></span> <span class='ocrx_word' id='word_1_423' title='bbox 2127 3845 2321 3915; x_wconf 85' lang='lat' dir='ltr'><strong>quibus</strong></span> <span class='ocrx_word' id='word_1_424' title='bbox 2346 3856 2424 3897; x_wconf 87' lang='lat' dir='ltr'><strong>est</strong></span> <span class='ocrx_word' id='word_1_425' title='bbox 2443 3856 2636 3915; x_wconf 82' lang='lat' dir='ltr'><strong>posset,</strong></span> <span class='ocrx_word' id='word_1_426' title='bbox 2660 3844 2756 3899; x_wconf 86' lang='lat' dir='ltr'><strong>de-</strong></span> 
     </span>
     <span class='ocr_line' id='line_1_77' title="bbox 1715 3924 2750 3994; baseline 0.002 -17"><span class='ocrx_word' id='word_1_427' title='bbox 1715 3924 2018 3978; x_wconf 79' lang='lat' dir='ltr'><strong>siderantur</strong></span> <span class='ocrx_word' id='word_1_428' title='bbox 2047 3925 2136 3977; x_wconf 86' lang='lat' dir='ltr'><strong>illa</strong></span> <span class='ocrx_word' id='word_1_429' title='bbox 2171 3926 2260 3976; x_wconf 86' lang='lat' dir='ltr'><strong>sed</strong></span> <span class='ocrx_word' id='word_1_430' title='bbox 2279 3936 2408 3994; x_wconf 78' lang='lat' dir='ltr'><strong>post.</strong></span> <span class='ocrx_word' id='word_1_431' title='bbox 2444 3924 2750 3980; x_wconf 81' lang='lat' dir='ltr'><strong>scriberem</strong></span> 
     </span>
     <span class='ocr_line' id='line_1_78' title="bbox 1714 4005 2754 4077; baseline 0.002 -19"><span class='ocrx_word' id='word_1_432' title='bbox 1714 4024 1839 4077; x_wconf 86' lang='lat' dir='ltr'><strong>ergo</strong></span> <span class='ocrx_word' id='word_1_433' title='bbox 1863 4023 1877 4057; x_wconf 90' lang='lat'>:</span> <span class='ocrx_word' id='word_1_434' title='bbox 1910 4025 2058 4076; x_wconf 81' lang='lat' dir='ltr'><strong>neque</strong></span> <span class='ocrx_word' id='word_1_435' title='bbox 2082 4005 2342 4057; x_wconf 79' lang='lat' dir='ltr'><strong>subsidium</strong></span> <span class='ocrx_word' id='word_1_436' title='bbox 2371 4016 2677 4075; x_wconf 74' lang='lat' dir='ltr'><strong>exspectans,</strong></span> <span class='ocrx_word' id='word_1_437' title='bbox 2703 4006 2754 4060; x_wconf 84' lang='lat' dir='ltr'><strong>si</strong></span> 
     </span>
     <span class='ocr_line' id='line_1_79' title="bbox 1713 4079 2753 4156; baseline 0 -19"><span class='ocrx_word' id='word_1_438' title='bbox 1713 4085 1770 4137; x_wconf 88' lang='lat' dir='ltr'><strong>in</strong></span> <span class='ocrx_word' id='word_1_439' title='bbox 1805 4085 2024 4137; x_wconf 66' lang='lat' dir='ltr'><strong>Caesaris</strong></span> <span class='ocrx_word' id='word_1_440' title='bbox 2065 4079 2386 4154; x_wconf 75' lang='lat' dir='ltr'><strong>complexum(</strong></span> <span class='ocrx_word' id='word_1_441' title='bbox 2397 4096 2489 4137; x_wconf 87' lang='lat' dir='ltr'><strong>aut</strong></span> <span class='ocrx_word' id='word_1_442' title='bbox 2523 4104 2753 4156; x_wconf 78' lang='lat' dir='ltr'><strong>conspec-</strong></span> 
     </span>
     <span class='ocr_line' id='line_1_80' title="bbox 1715 4162 2744 4234; baseline 0.003 -19"><span class='ocrx_word' id='word_1_443' title='bbox 1715 4162 1846 4231; x_wconf 80' lang='lat' dir='ltr'><strong>tum)</strong></span> <span class='ocrx_word' id='word_1_444' title='bbox 1861 4169 2062 4217; x_wconf 77' lang='lat' dir='ltr'><strong>venit-et.</strong></span> <span class='ocrx_word' id='word_1_445' title='bbox 2089 4164 2194 4217; x_wconf 77' lang='lat' dir='ltr'><strong>Sed</strong></span> <span class='ocrx_word' id='word_1_446' title='bbox 2202 4178 2318 4234; x_wconf 76' lang='lat' dir='ltr'><strong>post</strong></span> <span class='ocrx_word' id='word_1_447' title='bbox 2343 4164 2628 4226; x_wconf 77' lang='lat' dir='ltr'><strong>discessum,</strong></span> <span class='ocrx_word' id='word_1_448' title='bbox 2651 4178 2744 4219; x_wconf 79' lang='lat' dir='ltr'><strong>etc.</strong></span> 
     </span>
    </p>
   </div>
   <div class='ocr_carea' id='block_1_8' title="bbox 2966 2535 2972 3135">
    <p class='ocr_par' dir='ltr' id='par_1_9' title="bbox 2966 2535 2972 3135">
     <span class='ocr_line' id='line_1_81' title="bbox 2966 2535 2972 3135; baseline 0 0"><span class='ocrx_word' id='word_1_449' title='bbox 2966 2535 2972 3135; x_wconf 95' lang='lat' dir='ltr'><strong> </strong></span> 
     </span>
    </p>
   </div>
  </div>
 </body>
</html>
