3025 5025
636 469 787 552 240
908 467 984 534 C.
1040 465 1348 534 JULII
1404 463 1918 532 CAES'ARIS·
1962 462 2547 534 COMMENT.

629 599 815 668 dines
846 597 1071 685 rediit,
1094 612 1292 691 atque
1328 595 1507 665 ultro
1555 597 1848 664 universi
1883 597 1954 664 in
1989 595 2214 665 hostes
2235 598 2559 690 impetum
2607 595 2776 666 fece-

637 718 812 773 runt.
851 707 954 772 Ex
983 704 1087 772 his
1125 705 1393 772 circiter
1429 705 1696 771 LXXX
1725 701 2118 786 interfectis,
2151 700 2420 795 reliquis
2453 705 2524 769 in
2557 701 2782 795 fugam

632 811 982 903 conjectiS,
1012 811 1259 897 nostri,
1289 809 1551 878 duobus
1585 810 1874 896 amissiS,
1907 809 1978 875 in
2009 823 2224 878 castra
2258 832 2328 876 se
2364 823 2780 902 receperunt.

738 918 1137 985 XXXVIII.
1195 916 1317 984 His
1360 916 1560 984 rebus
1601 916 1802 1009 gestis
1821 969 1843 1002 ,
1891 916 2228 983 Domitius
2247 967 2268 1002 ‚
2311 937 2586 1008 sperans
2637 915 2782 982 Sci-

631 1023 901 1116 pionem
938 1021 1024 1090 ad
1068 1043 1365 1117 pugnam
1408 1019 1560 1090 elici
1603 1045 1796 1115 posse
1815 1073 1834 1107 ,
1876 1019 2244 1108 simulavit,
2281 1045 2424 1090 sese
2465 1021 2782 1114 angustiis

632 1131 727 1196 rei
763 1127 1213 1197 frumentariae
1248 1127 1616 1196 adductum
1659 1141 1876 1198 castra
1911 1151 2217 1214 movere3
2253 1127 2560 1220 vasisque
2609 1126 2781 1194 mili·-
2819 1156 2822 1164 ·

634 1235 759 1302 tari
797 1259 984 1303 more
1044 1232 1508 1321 conclamatiS,
1553 1257 1944 1328 progressus
1991 1231 2196 1301 millia
2249 1257 2570 1326 passuum
2619 1235 2742 1300 tria
2761 1287 2778 1320 ,

633 1339 783 1410 loco
828 1341 1071 1408 idoneo
1117 1355 1186 1408 et
1234 1338 1499 1410 occulto
1545 1365 1818 1408 omnem
1869 1341 2236 1408 exercitum
2284 1340 2783 1432 equitatumque

633 1445 1005 1516 collocavit.
1046 1448 1305 1541 Scipio,
1322 1447 1407 1515 ad
1442 1445 1854 1540 sequendum
1897 1460 2204 1539 paratus,
2235 1448 2610 1538 equitatum
2649 1469 2782 1512 ma-

630 1577 964 1647 gnamque
1010 1567 1269 1647 partem
1320 1550 1481 1622 levis
1539 1567 1892 1621 armaturae
1917 1550 1936 1574 ¹
1979 1553 2062 1620 ad
2107 1551 2598 1646 explorandum
2664 1554 2783 1620 iter

633 1660 914 1728 Domitii
945 1674 1011 1728 et
1041 1659 1580 1754 cognoscendum
1612 1660 1943 1752 praemisit.
1979 1660 2117 1747 Qui
2144 1683 2350 1751 quum
2385 1673 2612 1727 essent
2636 1684 2784 1752 pro-

631 1767 838 1858 gressi
867 1819 887 1853 ,
930 1767 1291 1860 primaeque
1327 1781 1565 1834 turmae
1609 1765 1878 1836 insidias
1913 1766 2376 1852 intravissent3
2405 1789 2490 1833 ex
2516 1763 2783 1832 fremitu

632 1887 957 1990 equorum
986 1870 1166 1940 illata
1198 1869 1634 1966 suspicioness
1664 1872 1750 1940 ad
1783 1897 1936 1940 suos
1961 1895 2032 1939 se
2064 1872 2358 1965 recipere
2388 1886 2784 1964 coeperunt.

631 1980 875 2071 quique
904 1978 1028 2047 hos
1058 1979 1540 2072 sequebantur,
1563 1977 1848 2048 celerem
1878 2002 2108 2047 eorum
2139 1992 2482 2107 receptum
2513 1980 2783 2072 conspi—

631 2085 794 2170 cati,
828 2085 1232 2152 restiterunt.
1277 2086 1538 2173 Nostri,
1571 2085 1854 2179 cognitis
1876 2085 2054 2154 hosti
2087 2069 2372 2152 insidiis³
2377 2107 2512 2172 ‚ne
2539 2083 2786 2153 frustra

630 2187 920 2283 reliquos
958 2205 1456 2284 exspectarent,
1485 2191 1652 2260 duas
1688 2193 1868 2260 nacti
1916 2205 2172 2259 turmas
2213 2191 2627 2284 exceperunt
2665 2185 2738 2279 (
2722 2214 2784 2257 m

631 2295 736 2364 his
764 2297 889 2365 fuit
914 2299 1009 2364 M.
1046 2298 1355 2390 Opimius
1372 2284 1418 2383 ⁴,
1441 2297 1794 2392 praefectus
1817 2298 2116 2391 equitum
2137 2287 2164 2384 )
2193 2322 2208 2363 :
2236 2295 2524 2389 reliquos
2554 2321 2784 2366 omnes

630 2426 862 2491 earum
899 2416 1274 2471 turmarum
1311 2418 1427 2472 aut
1462 2403 1978 2491 interfecerunt,
2019 2417 2134 2472 aut
2167 2417 2400 2500 captos
2428 2402 2512 2470 ad
2553 2404 2784 2476 Domi·

630 2512 798 2580 tium
836 2511 1310 2605 perduxerunt.

708 2706 839 2759 CAP.
863 2706 1181 2763 XXXVIII.
1209 2724 1259 2759 1.
1281 2707 1422 2761 Levis
1443 2720 1661 2759 armatu-

628 2806 714 2839 roe.
754 2786 881 2839 Haec
919 2784 1113 2839 desunt
1142 2787 1201 2837 in
1237 2788 1433 2840 nostris
1462 2786 1628 2840 codd.
1645 2823 1661 2855 ‚

628 2878 683 2917 et
701 2865 759 2916 in
781 2865 897 2919 aliis
920 2867 1216 2935 permultis.
1244 2869 1309 2919 In
1332 2867 1531 2919 Lovan.
1561 2885 1657 2920 ms·

626 2957 729 3009 est,
753 2948 1009 3007 exercitus,
1040 2944 1099 2998 id
1129 2958 1234 3011 est,
1258 2947 1490 3017 peditum.
1515 2946 1660 2999 Prae-

626 3036 729 3077 stat
753 3036 929 3077 tamen
947 3037 1127 3077 nostra
1147 3025 1306 3079 lectio
1319 3065 1335 3091 ,
1362 3028 1461 3079 etsi
1484 3038 1662 3079 aucto·

1749 2798 1901 2839 erant
1931 2784 2166 2850 insidiae,
2197 2805 2328 2857 quas
2367 2804 2537 2857 quum
2584 2785 2752 2839 hostis
2767 2822 2786 2850 ‚

1747 2884 1942 2937 nempe
1955 2865 2217 2938 Scipionis
2244 2866 2414 2930 miles,
2427 2866 2784 2935 cognorisset,=

1746 2946 1838 2999 vix
1865 2946 2071 3017 effugit.
2105 2945 2274 2998 Paulo
2304 2958 2426 3017 post
2463 2944 2524 2996 in
2556 2944 2784 3016 vulgatis

1745 3026 1959 3097 legitur,
1973 3026 2096 3077 duas
2109 3026 2311 3077 bostium
2323 3037 2501 3077 tunnas
2510 3045 2532 3086 ;
2549 3038 2608 3077 et
2621 3044 2784 3096 quum

1751 2706 1913 2773 tium,
1950 2704 2043 2759 sed
2078 2706 2319 2779 ipsorum
2361 2704 2785 2759 Caesarianorum
2863 2698 2878 2712 '

626 3104 783 3156 ritate
803 3102 961 3156 codd.
988 3103 1262 3172 destituta;
1280 3126 1407 3159 nam
1428 3106 1496 3159 ad
1518 3105 1662 3159 dete—

624 3181 820 3255 gendas
850 3182 1069 3237 insidias
1094 3204 1301 3256 semper
1324 3186 1455 3239 levis
1486 3206 1658 3239 arma-

624 3276 758 3315 turae
776 3263 1036 3317 militibus
1051 3276 1279 3317 utuntur
1296 3264 1473 3319 duces.
1496 3268 1659 3320 Recta

623 3344 789 3415 igitur
819 3343 1119 3397 emendatio
1161 3345 1552 3414 recentiorum..

708 3444 759 3476 2.
782 3424 935 3475 Illata
950 3428 1228 3495 suspicione.
1249 3426 1331 3479 Ita
1354 3424 1512 3479 codd.
1533 3446 1657 3479 nos-

622 3502 886 3556 trizidem
903 3503 1022 3558 cod.
1048 3505 1283 3559 Lovan.:
1312 3504 1659 3577 quidam,m-
1599 3511 1608 3521 ‘

622 3603 783 3645 emsa,
823 3582 969 3637 unde
996 3584 1210 3657 Lipsius
1246 3598 1301 3639 et
1344 3586 1655 3639 Perizonius

622 3676 936 3736 proponunt
949 3703 966 3732 ‚
997 3669 1201 3719 incussa.
1245 3666 1572 3739 Perperam-:
1603 3678 1657 3719 et

620 3743 781 3799 lectio
806 3765 930 3800 mss.
956 3744 1236 3801 retinenda
1263 3760 1358 3800 est.

702 3825 757 3879 3.
819 3826 1042 3897 Cognitis
1098 3828 1225 3880 hosti
1272 3827 1475 3879 ἰωιὶίἱιζς.
1524 3826 1656 3891 Qui-

621 3902 744 3958 dam
761 3944 777 3972 ,
808 3919 863 3959 et
890 3908 1096 3976 primus
1126 3908 1267 3961 inter
1293 3926 1384 3960 eos
1422 3906 1652 3978 Scaliger

617 3984 892 4056 legebant,
922 3990 1130 4056 cognitis
1182 3988 1383 4039 hostium
1434 3987 1646 4048 insidiis,

618 4065 848 4135 pessimo
870 4084 1026 4120 sensu
1042 4106 1058 4136 ,
1082 4080 1144 4119 ut
1169 4066 1371 4139 optime
1394 4079 1652 4120 notavere

619 4144 843 4199 Vossius
865 4157 917 4200 et
938 4146 1208 4212 Davisius3
1228 4164 1337 4199 non
1353 4146 1509 4201 ‘enim
1529 4146 1652 4201 hos-

1747 3104 1967 3177 quidam
1986 3103 2146 3159 codd.
2168 3105 2346 3175 legant
2367 3104 2690 3176 simpliciter
2705 3124 2784 3155 co-

1743 3188 1897 3255 gnitis
1936 3185 2120 3237 insidiis
2137 3224 2151 3251 ,
2174 3184 2461 3237 verisimile
2507 3196 2594 3237 est
2623 3185 2782 3237 libra·-

1744 3266 1952 3317 riorum
1987 3264 2252 3318 incuriam
2273 3282 2460 3318 vocem
2485 3264 2699 3315 hostium
2723 3283 2784 3318 ex

1745 3344 1997 3397 inferiore
2015 3362 2172 3397 versu
2189 3343 2246 3395 in
2263 3344 2600 3416 superiorem
2617 3355 2782 3397 transf·

1744 3425 1943 3478 tulisse.

1826 3510 1882 3568 4.
1905 3504 1983 3557 Μ.
2021 3504 2260 3577 Opimius.
2286 3504 2533 3571 Ortum,
2562 3523 2658 3556 seu
2685 3523 2783 3573 po·

1743 3584 1848 3637 tius
1882 3585 2133 3637 Oranus
2161 3602 2286 3655 gens
2301 3622 2318 3647 ‚
2353 3594 2414 3635 ut
2444 3582 2503 3634 in
2545 3583 2783 3635 nummis

1742 3664 2000 3738 scriptum
2022 3677 2101 3717 est
2115 3702 2132 3729 ,
2153 3663 2362 3735 plebeia
2385 3674 2439 3715 et
2464 3663 2779 3715 consularis.

1741 3743 1953 3797 Nomen
1998 3743 2271 3797 derivatur
2314 3761 2344 3795 a
2384 3760 2516 3795 voce
2563 3747 2778 3813 opima-st,

1738 3821 1799 3875 id
1828 3835 1937 3890 est,
1965 3823 2194 3895 pinguis.
2225 3824 2381 3875 Unus
2420 3840 2484 3875 ex
2523 3840 2586 3873 ea
2623 3834 2782 3893 gente

1739 3905 1800 3955 L.
1836 3904 2081 3975 Opeimius
2106 3902 2515 3966 celeberrimus,
2547 3920 2657 3954 cos.
2697 3920 2780 3953 an.

1742 3985 1854 4037 633
1871 4021 1888 4050 ‚
1913 3984 2122 4036 Italiam
2145 3982 2386 4045 sortitus,
2418 3982 2605 4033 Romae
2633 4000 2784 4033 man-

1739 4063 1806 4116 sit
1820 4102 1836 4130 ,
1870 4076 1924 4115 et
1962 4062 2385 4134 conjurationem
2431 4061 2493 4115 C.
2542 4059 2780 4114 Gracchi

1737 4142 2026 4215 oppressit,
2054 4144 2113 4197 in
2138 4161 2244 4214 qua
2268 4159 2340 4195 111
2363 4139 2498 4195 mill.
2527 4153 2584 4195 et
2609 4140 2780 4197 maci·
