3025 5025
913 455 989 523 C.
1044 454 1338 522 JULII
1394 454 1872 522 CAESARIS
1927 455 2486 525 COMMENT.

614 601 846 656 versus
886 585 1131 655 clivum
1171 586 1419 654 incitati
1456 611 1690 674 cursu,
1719 587 2087 680 praecipites
2125 588 2564 681 Pompeianos
2603 611 2758 680 ege-

617 707 908 781 runt,·et
940 709 1131 787 terga
1164 706 1425 762 vertere
1465 699 1864 786 coegerunt:
1895 694 2136 787 quibus
2179 693 2266 760 ad
2307 693 2756 788 recipiendum

620 815 833 870 crates
890 800 1191 888 directae,
1253 798 1672 894 longuriique
1735 799 1979 892 objecti
2008 854 2027 887 ‚
2079 814 2147 869 ct
2199 801 2514 868 institutae
2571 799 2764 868 fossae

619 931 865 1001 magno
909 907 1385 1000 impedimento
1429 905 1721 974 fuerunt.
1765 908 1996 976 Nostri
2037 931 2198 975 vero
2219 961 2238 995 ‚
2279 907 2394 1001 qui
2436 907 2592 975 satis
2634 907 2758 974 ha-

622 1013 870 1082 bebant
898 1015 1037 1081 sine
1073 1013 1469 1080 detrimento
1494 1012 1864 1098 discedere,
1891 1011 2345 1107 compluribus
2369 1012 2758 1094 interfectis,

622 1120 914 1213 quinque
951 1122 1227 1188 omnino
1273 1103 1587 1188 suorum⁶
1625 1121 1880 1188 amissis
1900 1172 1920 1207 ‚
1955 1120 2356 1213 quietissime
2388 1143 2458 1186 se
2500 1144 2760 1212 recepe-

624 1240 782 1294 runt
794 1224 1193 1320 ‚paulloque
1208 1227 1376 1294 citra
1394 1250 1552 1293 eum
1573 1223 1797 1294 locum
1816 1228 2088 1314 morati,
2107 1225 2250 1294 aliis
2267 1226 2762 1319 comprehensis

624 1330 941 1419 collibus,
977 1333 1380 1401 munitiones
1417 1330 1860 1425 perfecerunt.

730 1439 1015 1506 XLVII.
1045 1441 1210 1506 Erat
1231 1462 1408 1507 nova
1426 1452 1494 1506 et
1515 1439 1828 1507 inusitata
1852 1435 2006 1507 belli
2031 1440 2201 1506 ratio
2219 1491 2237 1526 ‚
2262 1463 2466 1531 quum
2497 1452 2602 1506 tot
2620 1462 2762 1506 cas-

623 1543 932 1612 tellorum
964 1568 1244 1612 numero
1262 1599 1283 1633 ‚
1308 1560 1628 1638 tantoque
1663 1545 1872 1639 spatio
1890 1599 1908 1633 ‚
1931 1559 1998 1612 et
2028 1547 2227 1613 tantis
2253 1545 2766 1630 munitionibUS‚

625 1665 693 1718 et
728 1664 871 1718 toto
919 1651 1278 1721 obsidionis
1305 1675 1546 1744 genere
1572 1705 1591 1738 ,
1628 1665 1772 1719 tum
1811 1652 2008 1719 etiam
2039 1650 2303 1745 reliquis
2339 1651 2557 1719 rebus.
2597 1653 2767 1718 Nam

624 1758 1005 1850 quicunque
1050 1756 1332 1825 alterum
1376 1756 1680 1826 obsidere
1711 1759 1938 1826 conati
1981 1772 2135 1826 sunt
2155 1811 2173 1845 ‚
2211 1751 2552 1852 perculsos
2576 1771 2768 1849 atque

626 1862 925 1930 infirmos
970 1863 1195 1933 hostes
1240 1863 1489 1950 adorti,
1535 1878 1652 1932 aut
1694 1862 1931 1958 proelio
1972 1878 2355 1958 superam,
2401 1877 2515 1931 aut
2559 1861 2770 1955 aliqua

626 1968 997 2036 offensione
1019 1984 1357 2064 permotos
1396 1971 1871 2038 continuerunt
1894 2024 1913 2058 ,
1944 1994 2146 2063 quum
2185 1971 2310 2064 ipsi
2345 1995 2632 2037 numero
2659 1970 2769 2036 mi-

628 2074 818 2142 litum
855 2077 1284 2168 equitumque
1307 2090 1736 2170 praestarent:
1769 2101 1965 2145 causa
1997 2091 2219 2144 autem
2249 2075 2612 2144 obsidionis
2639 2075 2771 2142 haec

628 2179 767 2248 fere
812 2205 951 2248 esse
988 2183 1377 2269 consuevit,
1409 2197 1485 2249 ut
1527 2182 1862 2250 frumento
1895 2183 2119 2251 hostes
2155 2181 2662 2276 prohibeantur.
2693 2182 2774 2247 At

630 2302 863 2355 contra
885 2341 903 2376 ‚
944 2289 1234 2382 integras
1278 2304 1476 2382 atque
1520 2288 1885 2357 incolumes
1925 2291 2148 2383 copias
2201 2291 2424 2358 Caesar
2467 2288 2772 2356 inferiore

629 2390 914 2461 militum
936 2419 1218 2463 numero
1239 2395 1657 2480 continebat3
1678 2420 1884 2488 quum
1907 2394 2000 2463 illi
2015 2396 2314 2463 omnium
2333 2417 2562 2462 rerum
2591 2393 2774 2486 copia

630 2500 1083 2571 abundarent:
1126 2502 1419 2595 quotidie
1464 2503 1640 2569 enim
1678 2526 1960 2596 magnus
2001 2502 2294 2595 undique
2335 2502 2617 2570 navium
2653 2526 2772 2568 nu·-

632 2632 854 2677 merus
888 2609 1359 2697 conveniebat,
1383 2635 1528 2702 quae
1559 2623 2007 2677 commeatum
2037 2622 2546 2703 supportarent3
2569 2632 2775 2700 neque

634 2713 807 2782 ullus
852 2714 1011 2783 flare
1054 2713 1328 2783 ventus¹
1370 2730 1672 2809 poterat,
1710 2716 1870 2809 quin
1919 2714 2137 2809 aliqua
2181 2740 2262 2783 ex
2305 2729 2496 2809 parte
2540 2738 2774 2804 secu-n-

618 451 761 570 252

636 2915 740 2967 lius
777 2915 933 2967 nohis
970 2915 1185 2969 videtur
1220 2916 1416 2969 milites
1449 2918 1666 2987 conglo-
1747 2920 2006 2988 pre'czpiter
2031 2937 2142 2968 sous
2169 2918 2212 2967 le
2231 2917 2322 2983 fleu
2347 2916 2410 2968 de
2438 2917 2682 2968 l’ennemi.
2703 2946 2774 2958 -—-

632 2996 784 3047 batos
800 2994 1461 3067 depingere—Adversus
1476 2998 1664 3048 clivum.
1755 2999 2009 3065 Longarii.
2043 2999 2122 3048 De
2150 2996 2439 3067 longuriiS,
2467 2995 2584 3049 vid.
2619 2998 2678 3047 B.
2711 2994 2770 3046 G.

612 3071 861 3126 'Codices
905 3094 1120 3141 omnes,
1162 3088 1277 3127 tum
1308 3077 1504 3144 nostri,
1552 3089 1667 3129 tum
1754 3077 1793 3129 1.
1826 3096 1930 3142 111,
1963 3096 2008 3130 c.
2046 3083 2149 3140 14,
2180 3095 2235 3147 p.
2277 3076 2406 3129 115.

634 3151 1116 3225 Oudendorpiani,
1149 3168 1203 3209 et
1230 3155 1351 3210 edd.
1386 3168 1511 3209 vett.
1535 3194 1550 3220 ,
1577 3156 1669 3207 ha-

634 3235 766 3287 bent
792 3235 1016 3286 adversm
1029 3235 1206 3305 pilum.
1238 3234 1399 3288 Unde
1419 3234 1601 3289 istud?
1617 3248 1670 3287 et

636 3332 733 3366 cur
762 3313 1078 3385 interpretes
1119 3328 1239 3367 ante
1275 3335 1363 3368 me
1391 3318 1530 3369 hanc
1560 3316 1668 3367 lec-

636 3394 840 3445 tionem
874 3407 983 3445 tam
1013 3395 1322 3448 unanimem
1353 3416 1465 3447 non
1498 3394 1672 3467 exagi-
1699 3415 1703 3419 ·

638 3474 910 3526 taverint?
938 3492 1005 3525 an
1048 3475 1172 3545 quia
1214 3476 1509 3546 simplicior
1545 3492 1668 3546 per-

636 3554 994 3624 spicacitatem
1029 3574 1215 3607 eorum
1241 3555 1413 3625 fugit?
1442 3556 1556 3624 Ego
1583 3574 1669 3606 re-

634 3633 909 3687 stituerem
934 3652 949 3687 ε
979 3635 1203 3688 adversus
1220 3636 1403 3705 pilum;
1429 3636 1540 3687 scil.
1560 3636 1670 3703 pila

636 3716 937 3783 conjecerant
984 3713 1269 3770 Caesariani
1284 3754 1301 3781 ,
1348 3728 1400 3767 et
1444 3715 1670 3766 adversus

626 3794 784 3861 pilum
812 3793 1005 3863 hostile
1046 3788 1205 3855 (nam
1239 3808 1292 3848 et
1326 3795 1668 3887 Pompeiani,

635 3885 822 3943 utpote
872 3874 1131 3940 Romani,
1178 3876 1287 3946 pila
1340 3876 1546 3927 eminus
1588 3876 1668 3944 ja-

636 3943 893 4019 ciebant)
942 3957 1133 4007 incitati
1178 3965 1348 4015 cursu,
1394 3958 1670 4024 praecipites

634 4031 985 4101 Pompeianos,
1012 4046 1135 4095 etc„
1128 4034 1268 4087 hsaec
1286 4046 1465 4087 mente
1487 4034 1668 4104 capio,

630 4110 797 4167 veluti
823 4110 868 4163 si
894 4111 1041 4182 apud
1062 4128 1272 4167 nostros
1297 4112 1596 4167 diceretur:
1619 4134 1670 4165 se

1839 3160 1891 3209 6.
1947 3156 2172 3228 Quinque
2207 3160 2396 3206 omnino
2433 3174 2632 3207 suorum
2652 3156 2779 3205 amis-

1755 3239 1820 3287 sis
1854 3254 1866 3287 :
1901 3236 1970 3288 Et
2017 3234 2075 3287 id
2102 3247 2378 3307 exsuperat
2415 3234 2586 3287 fidem
2613 3253 2627 3287 ε
2669 3233 2775 3305 quis

1757 3314 2046 3368 crediderit
2059 3355 2073 3382 ,
2084 3328 2366 3386 postquam
2381 3316 2643 3367 acerrime
2654 3332 2778 3386 prae-

1753 3388 1943 3448 liatum
1976 3396 2044 3447 sit
2073 3396 2214 3447 inter
2244 3393 2380 3447 duos
2411 3396 2701 3458 exercituS,
2723 3410 2780 3445 ex

1757 3476 1961 3528 civibus
1994 3492 2143 3545 aeque
2170 3473 2440 3545 jaculandi
2473 3487 2529 3526 et
2565 3471 2780 3527 feriendi

1756 3555 1943 3626 peritis
1964 3553 2222 3609 conflatos
2237 3592 2252 3620 ‚
2275 3554 2534 3607 Caesarem
2553 3555 2782 3625 quinque

1758 3647 1967 3687 tantum
2008 3633 2238 3687 amisisse
2255 3634 2280 3685 Ξ)
2313 3634 2439 3688 licet
2472 3653 2589 3686 non
2641 3650 2782 3702 nega-

1756 3714 1926 3767 verim
1955 3715 2136 3786 plures
2165 3733 2230 3766 ex
2260 3714 2602 3784 Pompeianis
2632 3730 2781 3783 quam

1759 3813 1822 3847 ex
1869 3794 2181 3846 Caesarianis
2227 3792 2385 3845 fuisse
2431 3792 2783 3853 desideratoS,

1759 3886 1982 3945 propter
1999 3886 2154 3925 crates
2172 3873 2378 3924 directas
2390 3910 2407 3934 ‚
2431 3874 2780 3944 longuriosque,

1761 3953 1828 4005 de
1859 3954 2054 4023 quihus
2081 3971 2255 4024 supra.
2275 3984 2357 3995 --
2383 3952 2543 4005 Citra.
2572 3952 2679 4004 Alii
2701 3954 2784 4002 cir-

1761 4054 1820 4086 ca
1846 4054 1865 4086 .·
1891 4034 1969 4086 nil
2001 4046 2170 4085 muto·

1843 4113 2214 4171 CAP.XLV11.
2251 4132 2298 4165 1..
2332 4111 2501 4183 Neque
2515 4112 2642 4163 ullus
2655 4111 2784 4181 flare.
