3025 5025
1361 546 1542 569 mm
1546 542 2785 571 mmmm-“mmmm

1125 704 2395 835 HISTORIAE-

649 983 814 1143 C.
945 986 1604 1141 JULII
1712 981 2745 1141 CAESARIS

1188 1265 2218 1355 FRAGMENTUM

1341 1446 1481 1513 Ex
1534 1446 1761 1514 VET.
1822 1446 2060 1513 con.

629 1652 794 1735 Seu
835 1687 1515 1736 surpnzumvrnu
1558 1688 1669 1735 AD
1700 1668 2051 1735 numm
2091 1667 2665 1735 H1s1=A1v1mcsn
2694 1690 2789 1734 nx

838 1796 1242 1843 emmone.
1281 1794 1647 1869 contum
1692 1793 2244 1860 nnsnnwrnn,
2279 1798 2344 1867 p.
2389 1768 2574 1860 454,

626 1944 720 2008 De
771 1966 898 2033 quo
945 1946 1140 2025 scias,
1183 1960 1430 2034 reperta
1438 1942 1659 2033 fuisse
1690 1947 1813 2009 ista
1850 1948 1918 2009 in
1961 1942 2209 2035 th‘acii
2236 1944 2453 2008 codice
2488 1946 2625 2008 sine
2656 1945 2790 2009 ullo

725 2056 1009 2133 nomine;
1044 2056 1112 2116 in
1155 2051 1371 2117 codice
1413 2066 1631 2115 autem
1677 2050 1899 2115 eadem
1934 2050 2287 2115 Petaviano
2304 2100 2325 2132 ‚
2374 2050 2489 2115 sub
2540 2054 2796 2115 nomine

713 2162 1130 2228 Pru-naucum
1157 2182 1184 2238 ;
1219 2180 1364 2247 quoe
1397 2160 1555 2245 quia
1591 2156 1981 2221 videbantur
1980 2154 2224 2241 facere
2254 2156 2351 2219 ad
2378 2178 2522 2221 eum
2558 2156 2791 2221 librum

717 2266 1012 2333 ultimum
1022 2314 1042 2347 ‚
1066 2264 1305 2329 addere
1338 2286 1452 2328 nos
1483 2264 1588 2326 hic
1618 2260 1882 2328 voluisse
1894 2288 1921 2343 ;
1946 2262 2059 2326 sed
2088 2277 2391 2327 accurate
2426 2264 2790 2328 emendata.

628 2619 700 2737 J
709 2692 826 2739 Au
865 2668 1268 2737 diuturnitas
1305 2663 1462 2735 belli
1501 2690 1768 2760 pacem,
1800 2663 1991 2735 labor
2017 2668 2347 2762 requiem,
2366 2669 2793 2764 triumphum

630 2769 926 2845 victoriae
968 2773 1388 2868 flagitabant3
1406 2797 1545 2842 non
1589 2771 1819 2844 civiles
1852 2772 2121 2867 quidem
2158 2776 2333 2859 istae,
2358 2774 2478 2844 sed
2516 2775 2795 2846 hostiles

627 2874 785 2970 illae,
817 2882 900 2954 de
933 2881 1174 2975 quibus
1211 2893 1406 2949 antea
1446 2878 1845 2950 dixeramus.
1885 2879 2249 2968 Quomodo
2280 2897 2509 2951 autem
2546 2873 2792 2951 trium-

623 2988 898 3078 pharet,
936 3002 1053 3057 aut
1088 3010 1220 3082 qua
1257 2987 1515 3055 ratione
1559 2987 1967 3080 quiesceret,
2006 2985 2090 3056 de
2126 3012 2262 3082 quo
2300 2989 2631 3083 scriptum
2669 2985 2793 3059 sit?

757 3127 868 3192 Nil
899 3142 1120 3191 actum
1153 3125 1424 3190 credens
1440 3175 1458 3203 ‚
1497 3147 1709 3214 quum
1748 3125 1912 3214 quid
1942 3143 2309 3216 superesset
2339 3127 2703 3218 agendum.

623 3272 926 3367 Pompeii
960 3271 1194 3364 Magni
1235 3267 1385 3358 filii,
1425 3272 1817 3366 Hispaniam
1860 3285 2274 3365 occuparant
2312 3262 2343 3359 (
2381 3272 2791 3365 sequebatur

622 3393 848 3448 autem
877 3376 1025 3446 illos
1061 3401 1199 3445 non
1235 3376 1504 3471 quidem
1548 3377 1755 3471 patris
1785 3377 1997 3447 virtus
2012 3431 2032 3466 ‚
2060 3376 2176 3446 sed
2205 3377 2560 3446 hominum
2597 3378 2791 3448 favor

620 3487 889 3581 ingens,
905 3499 975 3553 et
1003 3497 1357 3578 paternum
1391 3507 1638 3552 nomen
1653 3476 1683 3574 )
1700 3485 1949 3554 Cneius
1979 3499 2047 3554 et
2072 3485 2327 3554 Sextus·
2352 3485 2461 3553 Sic
2490 3509 2624 3579 pro
2653 3511 2788 3555 uno

622 3591 792 3662 duos
849 3591 1281 3662 substituerat
1323 3588 1594 3661 fortuna
1653 3591 2005 3686 Pompeios
2028 3644 2048 3678 ‚
2104 3605 2464 3685 egeratque
2534 3593 2787 3662 Cneius

623 3699 839 3794 major
865 3711 1061 3783 natu,
1085 3699 1192 3766 cui
1212 3696 1361 3793 plus
1385 3697 1725 3767 industriae
1753 3699 1969 3768 inerat
2000 3711 2199 3791 atque
2226 3696 2523 3785 consilii,
2550 3697 2788 3768 confu-

623 3803 869 3902 giendo
893 3806 964 3873 in
985 3802 1188 3873 fidem
1211 3817 1280 3873 et
1307 3800 1681 3873 clientelam
1708 3805 2007 3875 omnium
2032 3805 2369 3899 Hispaniae
2394 3805 2747 3874 civitatum
2768 3859 2789 3893 ‚

623 3910 1094 4008 precandoque
1114 3963 1134 3998 ‚
1157 3925 1224 3980 et
1242 3909 1580 3979 fortunam
1613 3935 1803 3980 suam
1836 3910 2214 3981 miserando
2230 3964 2251 3999 ,
2279 3913 2622 4006 patrisque
2648 3936 2789 3981 me-

622 4020 906 4089 moriam
939 4015 1326 4106 renovando
1347 4070 1367 4105 ‚
1410 4031 1486 4086 ut
1519 4017 1657 4111 jam
1694 4017 1821 4088 sibi
1862 4017 2149 4087 multum
2188 4015 2474 4087 licentiae
2509 4033 2786 4114 partum

622 4138 962 4212 esset3nec
988 4123 1298 4218 precibus
1315 4138 1577 4194 tantum
1590 4179 1611 4213 ‚
1633 4124 1749 4196 sed
1761 4124 1830 4194 vi
1842 4125 2040 4196 etiam
2061 4140 2470 4220 congregato
2485 4127 2785 4195 exercitu
