3025 5025
705 466 862 540 366
1487 471 1631 538 DE
1682 469 2049 538 BELLO

699 601 1068 670 videbatur.
1129 603 1287 670 Post
1344 602 1527 670 hunc
1588 600 1893 670 ordinem
1949 600 2237 696 reliquas
2291 625 2495 672 naves
2554 601 2819 672 subsidio

699 707 1034 778 distribuit
1078 733 1093 776 :
1127 733 1276 802 quae
1311 732 1647 803 quamque
1688 731 1923 778 earum
1960 723 2305 802 sequatur,
2348 723 2419 780 et
2454 710 2563 778 cui
2598 708 2817 776 subve-

701 816 842 883 niat
859 865 880 898 ‚
925 816 1270 884 constituit
1320 829 1519 908 atque
1574 815 1875 909 imperat.
1933 817 2092 884 Non
2138 815 2523 886 dubitanter
2566 813 2819 886 Alexan-

701 912 875 989 drini
953 921 1228 990 classem
1285 921 1672 1015 producunt
1743 935 1940 1015 atque
2011 923 2349 990 instruunt
2404 947 2420 989 :
2495 923 2567 989 in
2630 921 2821 990 fronte

698 1025 1029 1096 collocant
1069 1029 1318 1114 xx11;
1362 1026 1648 1120 reliquas
1705 1026 2125 1096 subsidiarias
2164 1029 2235 1096 in
2279 1027 2575 1098 secundo
2618 1027 2820 1096 ordine

697 1135 1131 1202 constituunt.
1173 1135 1500 1228 Magnum
1540 1149 1865 1227 praeterea
1906 1158 2259 1202 numerum
2300 1136 2641 1204 minorum
2675 1134 2823 1202 navi·

700 1241 966 1336 giorum
1008 1255 1078 1310 et
1118 1239 1521 1334 scapharum
1564 1239 1963 1333 producunt
1991 1265 2147 1308 cum
2192 1239 2509 1310 malleolis
2554 1240 2819 1334 ignibus·

697 1371 830 1441 que
864 1345 910 1432 ¹,
969 1349 1020 1415 si
1071 1345 1232 1440 quid
1285 1347 1428 1439 ipsa
1488 1344 1881 1433 multitudo,
1936 1360 2005 1414 et
2054 1344 2307 1418 clamor
2332 1399 2351 1433 ,
2402 1361 2475 1415 et
2521 1346 2785 1416 flamma
2806 1397 2823 1431 ,
2922 1353 2924 1356 ⁴

697 1455 942 1521 nostris
982 1454 1255 1522 terroris
1304 1451 1549 1522 afferre
1599 1466 1887 1546 possent.
1938 1455 2153 1522 Erant
2194 1453 2366 1522 inter
2403 1452 2575 1523 duas
2610 1451 2821 1522 classes

695 1558 868 1628 vada
888 1561 1170 1628 transitu
1192 1573 1506 1652 angusto,
1528 1582 1677 1652 quae
1714 1559 2051 1653 pertinent
2078 1557 2165 1628 ad
2198 1560 2544 1653 regionem
2570 1555 2819 1630 Afrim'-

695 1658 842 1754 (sic
886 1667 1063 1734 enim
1106 1665 1502 1759 praedicant,
1545 1679 1805 1759 partem
1850 1689 1993 1736 esse
2035 1664 2449 1736 Alexandrini
2505 1665 2823 1736 dimidiam

695 1771 934 1840 Africae
971 1765 998 1861 )
1033 1796 1046 1838 ε
1106 1773 1394 1865 satisque
1437 1770 1555 1842 diu
1602 1772 1775 1840 inter
1824 1773 2003 1866 ipsos
2054 1785 2157 1840 est
2209 1786 2669 1891 exspectatum
2698 1825 2717 1858 ,
2753 1770 2823 1838 ab

695 1879 860 1946 utris
913 1877 1297 1948 transeundi
1340 1877 1530 1946 fieret
1571 1878 1881 1964 initium3
1925 1891 2281 1972 propterea
2332 1877 2547 1972 quod,
2584 1880 2681 1948 eis
2727 1877 2823 1970 qui

693 1985 1088 2076 intrassent,
1130 1997 1199 2054 et
1236 1983 1324 2052 ad
1364 1983 1821 2078 explicandam
1860 1982 2181 2071 classem,
2222 1998 2292 2054 et
2334 1985 2458 2053 ad·
2446 1999 2825 2112 receptum?

695 2091 746 2159 si
791 2088 1022 2158 durior
1063 2089 1410 2160 accidisset
1445 2113 1668 2174 casus,
1716 2089 2169 2185 impeditiores
2210 2089 2355 2160 fore
2397 2074 2825 2162 videbam-³.

799 2199 954 2266 XV.
1001 2195 1282 2266 Rhodiis
1315 2197 1601 2266 navibus
1641 2211 1924 2291 praeerat
1954 2195 2423 2291 Euphranorss
2462 2199 2681 2266 animi
2708 2220 2827 2266 ma·

694 2301 1037 2396 gnitudine
1065 2325 1144 2372 ae
1179 2303 1426 2372 virtute
1462 2303 1675 2398 magis
1708 2329 1865 2374 cum
1902 2305 2149 2372 nostris
2191 2251 2615 2392 hominibus»,
2646 2325 2825 2398 quam

772 2530 902 2584 Cn».
936 2530 1090 2583 XIV.
1139 2547 1189 2581 1.
1221 2527 1445 2581 Malleoli
1479 2532 1721 2599 &mque-
1812 2527 1959 2584 (liam
2016 2547 2127 2583 esse
2166 2530 2389 2595 Africae,
2428 2542 2485 2585 et
2528 2530 2827 2602 intelligitur

690 2609 955 2662 Malleoli
940 2609 1120 2680 igniti,
1143 2626 1308 2679 genus
1330 2608 1607 2661 telorum'
1592 2608 1723 2678 igni·
1811 2608 2031 2663 alteram
2043 2621 2250 2680 partem
2263 2608 2545 2663 dimidiam
2563 2630 2677 2665 esse
2690 2610 2826 2663 Asin.
2926 2632 2928 2641 ·

690 2703 886 2742 torum.
933 2690 1063 2741 Erat
1102 2700 1279 2740 autem
1325 2686 1547 2740 omnino
1591 2687 1725 2758 igni·
1808 2686 1887 2739 Μ.
1919 2719 2002 2730 --
2032 2690 2113 2743 De
2160 2688 2372 2743 diverso
2426 2691 2664 2743 termino
2708 2688 2828 2742 Asia
2926 2698 2928 2727 ³

1809 2767 2121 2839 Africaeque
2150 2768 2282 2821 olim
2322 2780 2521 2823 statuto
2559 2769 2673 2823 vid.
2722 2768 2828 2821 Cel-

1806 2845 2003 2901 larium
2018 2884 2037 2912 ,

688 2783 804 2823 tum
833 2770 1030 2836 telum,
1069 2767 1277 2839 lig-num
1309 2779 1446 2820 teres
1471 2762 1716 2832 (hastile,

687 2849 872 2921 sagitta
897 2886 913 2914 ,
945 2849 1183 2919 jaculum
1216 2844 1238 2913 )
1267 2885 1286 2912 ,
1330 2846 1733 2899 circumdatum·

2075 2848 2387 2903 Not.O.A.
2420 2868 2481 2915 1,
2514 2868 2623 2913 11,
2654 2848 2823 2903 5.02.
2926 2844 2928 2859 '

687 2930 1057 3000 repletumque
1091 2928 1236 2999 pice,
1261 2938 1453 2999 stuppa
1466 2965 1482 2991 ,
1512 2928 1721 2997 aliaque

686 3010 864 3081 ignem
907 3007 1242 3078 concipiente
1287 3008 1506 3059 materia
1522 3044 1540 3072 ,
1571 3005 1719 3078 quod

687 3102 970 3158 antequam
991 3088 1294 3139 mitteretur
1307 3125 1324 3152 ,
1351 3084 1567 3140 incendi
1588 3086 1719 3139 sole-

684 3170 806 3223 bat:
829 3167 968 3238 ignis
990 3186 1118 3241 ergo
1139 3168 1280 3221 inter
1305 3164 1600 3221 volandum
1629 3184 1719 3219 au·

683 3263 862 3321 getur,
887 3260 940 3301 et
955 3285 972 3312 ,
995 3248 1315 3319 cuicumque
1339 3246 1506 3299 telum
1538 3245 1716 3299 adhae·
1739 3272 1749 3285 ·

682 3330 811 3383 serit
825 3367 839 3393 ,
880 3325 938 3379 id
977 3325 1232 3379 incendit.
1283 3326 1468 3378 Unum
1513 3344 1678 3396 genus
1692 3364 1709 3391 ,

681 3409 982 3470 salaricum,
997 3407 1181 3459 Livius
1199 3402 1361 3470 (xxr,
1385 3407 1418 3457 8
1435 3404 1456 3469 )
1475 3404 1715 3477 descrip-

682 3490 780 3555 sit3
785 3485 990 3550 aliud,
1022 3485 1358 3550 malleolum,
1403 3486 1715 3543 Ammianus

681 3568 1024 3621 Marcellinus
1048 3560 1250 3630 (xxm,
1269 3562 1358 3629 4).
1392 3566 1470 3618 Μ.
1497 3563 1627 3619 Vid.
1661 3577 1715 3618 et

683 3645 1256 3721 Veget.1v,18.On.

769 3750 820 3781 2.
849 3726 944 3779 Ad
963 3731 1201 3797 regionem
1224 3725 1431 3792 Afrieoe.
1457 3676 1574 3775 Hoe
1596 3736 1715 3790 est,

680 3828 850 3881 usque
878 3804 946 3858 ad
969 3825 1084 3859 eam
1117 3805 1319 3877 region.
1347 3805 1466 3856 urb.
1490 3805 1718 3856 Alexan-

677 3888 876 3951 dfinae,
914 3886 1009 3938 ubi
1054 3884 1233 3938 Africa
1271 3884 1497 3955 incipit,
1530 3896 1583 3937 et
1618 3884 1713 3936 uhi

679 3967 912 4023 confinia
959 3966 1150 4019 Africae
1193 3977 1248 4017 et
1296 3965 1431 4017 Asiae
1472 3975 1598 4015 sunt
1646 3983 1712 4015 ex

679 4049 935 4139 opinione
978 4045 1192 4098 illorum
1223 4044 1533 4096 hominum.
1576 4042 1711 4095 Inde

683 4129 949 4199 sequitur,
969 4138 1176 4195 partem
1202 4121 1533 4179 Alexandriae
1560 4122 1718 4176 dimi-

1892 2929 1944 2981 3.
1971 2925 2238 2998 Propterea
2266 2930 2417 2999 quod,
2442 2933 2512 2981 eis
2538 2924 2561 2992 (
2584 2928 2645 2981 in
2672 2948 2732 2981 ea
2752 2946 2827 2981 va-

1806 3002 1904 3068 da)
1930 3011 2017 3079 qui
2044 3012 2388 3062 lammam...
2414 3003 2437 3069 (
2460 3009 2519 3061 hi
2541 3006 2562 3072 )
2595 3008 2764 3079 imped.
2780 3009 2825 3075 s.

1805 3086 1966 3139 vsdeb.
2000 3086 2085 3139 Sic
2116 3086 2261 3140 ond:
2294 3088 2527 3141 restituit
2552 3089 2826 3142 lectionem
2926 3084 2928 3087 ⁴

1804 3178 1859 3217 et
1876 3166 2163 3237 explicavit
2188 3168 2367 3221 locum
2378 3186 2395 3219 :
2414 3173 2485 3219 eis·
2500 3188 2532 3220 e
2549 3168 2712 3223 codd.
2734 3186 2823 3239 pro

1804 3246 1965 3317 Vulg.
2003 3266 2087 3307 eo,
2118 3260 2209 3299 aut
2249 3267 2351 3319 pro
2388 3252 2443 3305 ei,
2476 3248 2563 3303 vel
2595 3252 2660 3309 ii,
2692 3245 2826 3319 quod
2926 3268 2928 3271 ⁴

1804 3326 2024 3396 quidam
2040 3326 2197 3379 codd.
2218 3328 2442 3391 habent,
2456 3328 2679 3399 recepit.
2698 3326 2826 3379 Mihi

1802 3404 2023 3475 quidem
2072 3404 2286 3461 videtur
2332 3408 2565 3478 Vulgata
2621 3408 2825 3461 verior:

1794 3498 2053 3556 propterea
2082 3486 2236 3555 quod,
2265 3506 2321 3537 eo
2352 3489 2435 3558 qui
2464 3491 2827 3540 immuta-

1802 3566 2021 3619 Dixerat
2032 3604 2047 3630 ,
2063 3583 2175 3617 esse
2190 3564 2321 3621 vada
2335 3567 2566 3620 transitu
2584 3580 2824 3639 angusto:

1802 3646 1894 3716 qui
1934 3664 2061 3716 ergo
2090 3664 2154 3697 eo
2177 3640 2197 3707 (
2222 3646 2280 3697 in
2306 3664 2367 3699 ea
2391 3644 2526 3699 vada
2547 3646 2569 3710 )
2599 3648 2821 3710 intrant,

1799 3724 1871 3777 hi.
1890 3737 2049 3777 erunt
2079 3724 2444 3797 impeditiores
2474 3725 2547 3779 ad
2581 3745 2820 3797 pugnam.

1798 3804 1995 3856 Intrare
2007 3804 2141 3855 vada
2160 3806 2319 3857 etiam
2336 3824 2382 3859 c.
2396 3826 2417 3859 1
2432 3806 2462 3858 5
2486 3806 2734 3858 occurrit.
2752 3805 2819 3857 Μ.

1799 3884 1911 3936 Pro
1927 3890 2201 3949 intrassent,
2218 3886 2286 3939 al.
2304 3878 2570 3937 ‘transirent
2579 3885 2659 3938 vel
2678 3899 2823 3935 trans-

1800 3967 1962 4015 issent.
1994 3965 2097 4017 Οιι.
2137 3964 2320 4017 Nostri
2358 3963 2520 4018 codd.
2561 3970 2822 4017 intrassent.

1882 4044 2013 4099 Cn.
2035 4046 2160 4097 XV.
2186 4065 2233 4097 1.
2250 4046 2562 4117 Euphranor.
2580 4046 2821 4115 Dehnjus

1804 4125 2009 4178 meritis
2032 4138 2086 4177 et
2102 4126 2247 4179 exitu
2264 4126 2431 4195 tristi,
2445 4124 2557 4180 vid.
2572 4144 2619 4180 c.
2638 4146 2665 4178 ι
2679 4126 2732 4179 5.
2748 4124 2817 4177 Μ.
