3025 5025
580 494 724 564 DE
779 497 1152 566 BELLO
1207 497 1575 566 CIVILI.
1635 499 1833 566 LIB.
1892 499 1994 568 ΙΙ.

239 628 522 721 quamini
545 680 564 714 ‚
607 655 816 722 quum
851 631 1055 699 vestri
1099 629 1306 699 officii
1349 631 1624 723 praemia
1666 633 2009 726 percipere
2047 631 2385 702 debeatis?

238 736 548 804 Desertos
587 737 764 804 enim
810 760 880 805 se
927 759 1006 806 ac
1047 736 1350 831 proditos
1399 761 1440 804 a
1483 737 1676 806 vobis
1730 737 1993 825 dicunt,
2035 754 2103 807 et
2144 741 2387 835 prioris

239 843 627 910 sacramenti
659 843 1066 912 mentionem
1097 829 1640 914 faciunt.Vosne⁸
1669 868 1831 931 vero
1866 847 1944 914 L.
1978 847 2349 915 Domitium
2365 899 2385 934 ,

237 970 318 1014 an
360 972 477 1016 vos
519 951 597 1017 L.
637 950 980 1020 Domitius
1025 948 1361 1020 deseruit?
1393 951 1637 1020 Nonne
1677 965 2043 1020 extremam
2073 955 2211 1046 pati
2248 952 2383 1022 for-

236 1065 462 1124 tunam
483 1068 752 1150 paratos
777 1057 1058 1149 projecit
1078 1054 1186 1125 ille
1201 1054 1266 1124 ⁹?
1290 1058 1471 1143 Non,
1491 1058 1646 1145 sibi,
1666 1056 1839 1128 clam
1861 1059 2077 1146 vobis,
2104 1057 2383 1127 salutem

238 1157 394 1254 fuga
435 1160 712 1256 petivit?
751 1185 926 1248 non,
979 1161 1226 1257 proditi
1280 1187 1402 1257 per
1455 1161 1681 1251 illum,
1726 1166 2004 1235 Caesaris
2060 1164 2386 1234 beneficio

241 1269 390 1335 estis
434 1267 862 1338 conservati?
895 1271 1326 1338 sacramento
1359 1268 1630 1363 quidem
1673 1294 1797 1340 vos
1840 1286 2067 1342 tenere
2102 1273 2217 1365 qui
2255 1297 2385 1365 po-

240 1373 393 1461 tuit,
427 1399 636 1466 quum
655 1427 676 1462 ‚
720 1376 1032 1470 projectis
1073 1375 1364 1446 fascibus
1383 1429 1402 1463 ‚
1435 1391 1503 1445 et
1542 1377 1843 1471 deposito
1888 1379 2202 1472 imperio,
2242 1380 2387 1472 pri-

241 1493 426 1548 vatus
483 1496 556 1549 et
616 1495 850 1576 captus
905 1483 1045 1576 ipse
1107 1483 1179 1550 in
1239 1481 1525 1552 alienam
1584 1485 1873 1554 venisset
1934 1482 2391 1580 potestatem?

241 1583 662 1682 Relinquitur
695 1611 872 1656 nova
903 1586 1166 1684 religio,
1197 1602 1304 1676 ut,
1340 1613 1421 1659 eo
1448 1588 1756 1684 neglecto
1786 1606 2225 1678 sacramente,
2254 1615 2391 1684 quo

240 1715 412 1763 nunc
457 1695 777 1764 tenemini
792 1748 812 1783 ,
854 1697 1220 1793 respiciatis
1265 1693 1428 1765 illud
1443 1750 1462 1784 ‚
1501 1696 1685 1790 quod
1727 1697 2059 1768 deditione
2098 1697 2286 1766 ducis
2322 1711 2393 1766 et

243 1800 468 1894 capitis
509 1801 962 1871 deminutione
978 1801 1026 1826 ¹⁰
1057 1801 1395 1872 sublatum
1421 1817 1540 1874 est.
1570 1805 1694 1891 At,
1722 1804 1955 1892 cred0‚
1978 1806 2033 1874 si
2057 1805 2390 1874 Caesarem

239 1907 535 1997 probatis
553 1961 573 1996 ,
611 1910 682 1976 in
723 1931 832 1977 me
883 1907 1220 1979 offenditis
1241 1907 1315 1998 ¹¹,
1355 1911 1468 2004 qui
1512 1909 1595 1979 de
1642 1913 1807 1980 meis
1853 1914 1923 1978 in
1964 1936 2085 1980 vos
2141 1911 2393 1980 meritis

236 2013 717 2104 praedicaturus
761 2039 900 2085 non
946 2040 1094 2084 sum
1112 2070 1132 2103 ,
1175 2040 1326 2110 quae
1375 2031 1533 2086 sunt
1583 2018 1803 2088 adhuc
1851 2032 1918 2088 et
1960 2040 2109 2087 mea
2153 2012 2424 2086 volun-'

242 2129 370 2188 tate
399 2136 470 2189 et
499 2135 722 2190 vestra
749 2125 1240 2217 exspectatione
1269 2123 1519 2209 leviora
1552 2150 1566 2191 τ
1607 2125 1722 2194 sed
1759 2139 1982 2194 tamen
2010 2126 2111 2193 sui
2145 2123 2392 2193 laboris

243 2224 478 2296 milites
507 2253 771 2324 semper
803 2243 1046 2298 eventu
1077 2227 1233 2299 belli
1272 2233 1544 2324 praemia
1576 2233 1999 2324 petiverunt:
2033 2231 2147 2323 qui
2184 2227 2394 2324 qualis

243 2333 322 2400 sit
347 2333 653 2424 futurus,
687 2359 772 2404 ne
807 2361 928 2404 vos
973 2336 1244 2429 quidem
1281 2337 1616 2406 dubitatis.
1652 2336 2082 2431 Diligentiam
2126 2336 2393 2430 quidem

2234 497 2381 594 169

198 2578 208 2598 ”
318 2582 374 2635 8.
397 2576 581 2634 Vosne.
617 2580 878 2634 Nonnulli
903 2582 1160 2635 omittunt
1182 2601 1273 2635 ne:

244 2672 292 2711 et
319 2662 502 2731 reipsa
533 2660 590 2714 in
620 2659 956 2714 dubitatione
993 2675 1170 2734 potest
1209 2682 1275 2713 an

241 2741 320 2792 vel
351 2760 416 2792 ne
450 2740 644 2795 omitti.
667 2741 851 2794 Nostri
875 2740 1032 2795 codd.
1057 2741 1272 2795 habent.

319 2840 380 2889 9.
397 2821 619 2890 ijecit
635 2821 716 2872 ille
731 2821 906 2882 ΡΝοη,
923 2822 1031 2884 sibi,
1050 2823 1174 2874 clam
1189 2842 1277 2873 vo·

244 2899 308 2953 his
321 2941 341 2962 ,
377 2900 582 2953 salutem
602 2902 736 2970 fuga
766 2906 952 2973 petivit.
985 2901 1189 2955 Mirum
1217 2902 1276 2953 in

244 2978 470 3033 modum
498 2980 604 3035 hoc
633 2982 753 3033 loco
783 2982 1068 3035 turbantur
1095 2980 1276 3047 codd.,

245 3058 394 3132 qnod
405 3078 478 3113 ne
493 3059 869 3115 animadvertit
882 3059 1099 3133 quidem
1110 3061 1280 3115 Ober-

243 3139 403 3193 linus.
441 3140 638 3194 Vossio
677 3141 849 3211 placet
888 3142 1050 3195 lectio
1080 3140 1278 3195 codicis
1313 3134 1317 3149 ¹

244 3220 466 3292 Non-vic.
485 3240 498 3271 ε
526 3221 704 3275 Nonne
722 3232 980 3273 extremam
994 3225 1108 3291 pati
1113 3224 1280 3289 sortu-

247 3320 360 3353 mm
378 3314 589 3373 paratos
609 3304 822 3373 projecit
835 3302 959 3353 clam
992 3301 1073 3353 ille
1090 3308 1122 3353 Ρ
1137 3301 1252 3354 Sibi
1261 3342 1276 3369 ,

249 3399 343 3433 non
374 3380 541 3442 vobis,
567 3382 767 3433 salutem
784 3382 916 3451 suga
931 3385 1118 3452 petivi&
1151 3381 1278 3434 Non

247 3460 386 3513 male
432 3474 578 3514 certe
595 3500 611 3528 ‚
633 3460 726 3514 sed
780 3461 894 3514 sine
947 3461 1278 3516 auctoritate.

247 3538 446 3594 Noster
467 3540 588 3594 co'd.
611 3541 798 3612 5764:
823 3542 1000 3595 Nonne
1021 3554 1279 3594 extremam

243 3624 354 3689 pati
386 3622 648 3687 fortunam
682 3635 886 3692 paratos
920 3626 1128 3693 projecit
1159 3622 1280 3673 ille?

247 3701 426 3753 Nonne
440 3738 456 3761 ‚
504 3702 602 3753 sibi
625 3740 642 3763 ,
697 3702 822 3753 clam
863 3702 1030 3763 vobis,
1079 3704 1280 3753 salutem

239 3783 373 3850 fuga
397 3785 592 3852 petivit.
621 3789 651 3832 Ρ
681 3780 928 3835 Notanda
976 3796 1054 3836 est
1095 3781 1281 3847 lectio,

251 3878 411 3933 quam
438 3862 730 3933 genuinam
745 3880 917 3934 prope
938 3862 1276 3915 affirmarem.

249 3938 484 4012 Vulgata
508 3959 728 4013 quoque
744 3942 905 3995 lectio
929 3942 1056 3995 feni
1087 3954 1278 4013 potest.

249 4020 600 4093 Quapropter
619 4040 737 4075 eam
756 4039 925 4075 servo.
942 4024 1159 4093 Projecit
1172 4022 1284 4073 Ille?

252 4100 394 4163 Non,
434 4102 550 4165 sibi,
580 4102 708 4154 clam
736 4102 902 4164 vobis,
935 4104 1135 4157 salutem
1155 4104 1288 4171 ,ἠιόνα

247 4184 456 4249 petivit?

1452 2600 1545 2636 xo.
1568 2582 1757 2653 Capitis
1783 2583 2118 2636 deminutione.
2144 2583 2399 2635 Dominu-

1363 2674 1448 2715 tus
1480 2662 1709 2715 civitatis
1728 2663 2023 2733 appellatur
2039 2701 2056 2727 ‚
2073 2662 2165 2735 qui
2184 2664 2397 2739 civitate

1363 2754 1598 2795 mutatus
1634 2754 1734 2803 est,
1771 2752 1825 2793 et
1868 2760 1932 2796 ex
1975 2742 2073 2795 alia
2110 2741 2307 2795 familia
2338 2740 2396 2794 in

1364 2822 1523 2877 aliam
1542 2820 1857 2895 adoptatus3
1878 2836 1931 2875 et
1957 2823 2052 2894 qui
2078 2822 2217 2875 liber
2242 2821 2395 2875 alteri

1363 2903 1633 2973 mancipio
1662 2901 1816 2955 datus
1844 2916 1951 2968 est3
1978 2915 2031 2955 et
2056 2904 2148 2973 qui
2191 2904 2247 2954 in
2277 2902 2400 2954 hos-

1361 2984 1500 3035 tium
1528 2994 1845 3054 potestatem
1867 2983 2047 3048 venit3
2075 2995 2128 3035 et
2155 2982 2243 3035 cui
2261 2998 2397 3053 aqna

1362 3064 1581 3134 ignique
1594 3062 1940 3116 interdictum
1953 3073 2046 3115 est.
2064 3061 2228 3115 Unde
2244 3063 2401 3135 quin·

1363 3162 1468 3215 que
1490 3139 1927 3196 deminutionum
1957 3161 2152 3213 genera
2181 3156 2246 3195 ex
2270 3142 2398 3195 Fes-

1364 3236 1421 3275 to
1437 3261 1453 3287 ,
1481 3241 1591 3274 non
1624 3224 1753 3289 tria,
1781 3236 1842 3274 ut
1866 3222 1985 3276 vult
2008 3223 2214 3275 Morus.
2238 3223 2400 3274 Dimi-

1364 3307 1502 3355 nutio
1526 3306 1699 3373 capitis
1715 3302 1771 3356 h.
1797 3303 1835 3356 1.
1858 3300 1927 3355 ad
1954 3314 2207 3374 quartum
2231 3320 2398 3372 genus
2502 3358 2519 3367 ,

1369 3402 1393 3435 8
1434 3394 1589 3436 cetat.

1394 3403 1431 3454 p
1453 3482 1477 3514 1
1494 3480 1545 3515 1.
1600 3462 1664 3515 In
1706 3482 1780 3513 me
1818 3462 2085 3530 offenditis.
2136 3460 2401 3529 Off'endere

1365 3542 1591 3595 struitur
1616 3560 1741 3595 cum
1772 3542 2069 3595 accusativo
2100 3552 2153 3595 et
2188 3558 2400 3612 proepo-

1366 3622 1559 3674 sitione
1586 3626 1669 3683 in,-
1692 3622 1803 3674 sive
1834 3640 1957 3674 cum
1981 3619 2194 3685 dativo,
2226 3620 2398 3673 Cicer.

1365 3700 1489 3755 vide
1506 3740 1523 3766 ‚
1542 3701 1579 3755 l.
1596 3702 1677 3767 V;
1698 3701 1848 3772 epist.
1877 3707 1947 3764 14
1963 3738 1980 3766 ,
2002 3698 2070 3751 ad
2090 3699 2309 3752 fam.:1'n
2330 3701 2403 3751 al·

1370 3792 1472 3833 tera
1495 3782 1613 3833 mihi
1634 3782 1783 3833 ‘velim
1820 3780 2132 3850 obtemperes,
2158 3784 2212 3831 in
2248 3779 2403 3830 altera

1367 3882 1464 3913 non
1477 3860 1715 3929 offendas.
1730 3861 1798 3913 In
1815 3860 2012 3913 nostris
2028 3856 2187 3912 codd.
2206 3871 2402 3925 tamen,

1369 3954 1423 3994 et
1463 3942 1521 3993 in
1570 3937 1690 3993 cod.
1740 3939 1958 4006 Ursini,
1990 3952 2043 3992 et
2086 3939 2201 3991 aliis
2247 3942 2404 3994 bona

1371 4032 1519 4074 notae
1550 4019 1725 4091 legere
1754 4032 1860 4085 est,
1876 4022 1985 4089 jam
2011 4038 2083 4071 me
2122 4020 2371 4088 offenditis
2383 4040 2404 4082 ,0

1373 4102 1460 4156 vel
1476 4099 1809 4171 simpliciter,
1821 4120 1894 4152 me
1906 4099 2167 4168 offenditis.
2184 4100 2407 4153 Utrum-

1377 4200 1483 4254 que
1508 4182 1661 4235 bene.
