3025 5025
873 483 950 551 c.
1006 440 1289 550 JULII
1344 475 1806 548 cAESAms
1859 469 2410 546 COMMENT.

555 615 681 684 bus
752 627 1211 708 reportentur.
1268 599 1674 695 Pollicetur3
1726 610 2190 705 magistrisque
2240 610 2526 702 imperat
2579 627 2712 672 na-

554 725 741 790 vium
759 717 809 807 ²,
837 735 915 790 ut
942 722 1160 816 primo
1184 743 1461 814 vespere
1491 741 1724 787 omnes
1764 717 2044 811 scaphas
2073 715 2158 784 ad
2184 715 2370 784 littus
2395 709 2718 808 appul-sas

555 828 863 896 habeant.
914 827 1046 897 Sed
1088 841 1314 896 tantus
1369 826 1497 894 fuit
1533 827 1835 894 omnium
1875 838 2142 910 terror,
2194 835 2274 890 ut
2308 819 2418 889 alii
2481 818 2717 888 adesse
2792 893 2798 896 ,

562 936 786 1029 copias
822 935 1013 1004 Jubae
1036 933 1364 1017 dicerent,
1397 923 1505 1002 alii
1544 956 1698 1003 cum
1736 930 2110 1064 legionibus
2139 931 2388 998 instare
2413 925 2682 997 Varum
2702 977 2722 1012 ,

551 1043 823 1135 jamque
862 1049 931 1110 se
968 1040 1315 1135 pulverem
1351 1024 1796 1109 venientium³
1821 1061 2129 1124 cernere;
2159 1059 2442 1130 quarum
2487 1057 2721 1101 rerum

558 1146 722 1216 nihil
784 1148 1061 1217 omnino
1122 1147 1499 1217 acciderat:
1559 1145 1667 1214 alii
1727 1144 2006 1216 classem
2059 1144 2356 1212 hostium
2413 1137 2726 1209 celeriter

562 1253 1024 1324 advolaturam
1069 1258 1586 1350 suspicarentur.
1630 1256 1904 1348 Itaque,
1946 1249 2314 1347 perterritis
2361 1247 2684 1316 omnibus
2707 1297 2727 1328 ,

563 1361 688 1430 sibi
728 1364 1004 1456 quisque
1068 1359 1477 1431 consulebat.
1544 1361 1681 1449 Qui
1739 1362 1809 1428 in
1856 1359 2065 1429 classe
2107 1369 2342 1444 erant,
2387 1351 2732 1448 proficisci

564 1469 1035 1562 properabant.
1074 1472 1336 1538 Horum
1375 1467 1556 1606 fuga
1569 1468 1842 1536 navium
1876 1466 2334 1535 onerariarum
2372 1462 2736 1554 magistros

564 1576 901 1644 incitabat.
942 1578 1146 1644 Pauci
1183 1561 1556 1644 lenunculi⁴
1586 1575 1670 1642 ad
1705 1573 2002 1642 officium
2041 1572 2526 1666 imperiumque
2567 1591 2738 1636 con-

566 1682 943 1751 veniebant.
978 1683 1111 1752 Sed
1136 1697 1325 1751 tanta
1367 1697 1542 1771 erat,
1575 1680 1921 1776 completis
1963 1679 2330 1765 littoribuS,
2355 1675 2737 1761 contentiO‚

569 1791 683 1881 qui
716 1791 1133 1882 potissimum
1162 1814 1245 1858 ex
1264 1811 1522 1896 magno
1550 1811 1834 1860 numero
1865 1785 2424 1871 conscenderent,
2451 1795 2531 1850 ut
2558 1778 2737 1850 mul-

569 1894 855 1963 titudine
896 1909 1095 1988 atque
1140 1919 1343 1963 onere
1386 1889 1713 1964 nonnulli
1733 1895 2307 1990 deprimerentur,
2355 1887 2596 1984 reliqui
2649 1886 2738 1955 ob

571 2003 883 2068 timorem
920 2003 1195 2096 propius
1234 2002 1416 2070 adire
1459 2002 1905 2070 tardarentur.

564 481 704 555 182

680 2109 931 2176 XLIV.
990 2107 1255 2198 Quibus
1294 2109 1495 2176 rebus
1539 2109 1813 2196 accidit,
1844 2123 1922 2177 ut
1945 2107 2141 2204 pauci
2181 2103 2422 2174 milites
2468 2115 2740 2196 patres-

577 2239 707 2306 que
764 2213 1025 2284 familiae
1048 2269 1067 2301 ‚
1113 2217 1229 2309 qui
1275 2231 1390 2284 aut
1426 2219 1672 2310 gratia,
1713 2230 1834 2306 aut
1885 2212 2338 2284 misericordia
2395 2204 2746 2296 valerent,

578 2335 695 2388 aut
739 2343 943 2390 naves
982 2321 1231 2390 adnare
1272 2338 1577 2418 possent,
1614 2324 1904 2416 recepti,
1935 2323 2004 2389 in
2041 2319 2330 2389 Siciliam
2368 2315 2748 2384 incolumes

579 2429 1005 2521 pervenirent
1036 2428 1347 2526 :reliquae
1377 2431 1620 2525 copiae,
1651 2431 1864 2498 missis
1895 2428 1980 2497 ad
2007 2427 2268 2497 Varum
2309 2438 2518 2494 noctu
2565 2421 2760 2519 lega-⁵

472 2590 478 2595 .
579 2548 801 2603 torum
832 2561 1113 2607 numero
1140 2538 1644 2607 centurionibus
1663 2536 1708 2626 ¹,
1731 2562 1872 2607 sese
1900 2537 1962 2606 ei
1987 2532 2403 2605 dediderunt.
2429 2534 2752 2619 Quorum

586 2734 882 2806 vid.sup.c.
903 2736 993 2790 23.
1010 2736 1411 2807 —Reportentun
1428 2740 1616 2793 Recte:
1707 2738 1847 2791 XIII
1861 2778 1875 2804 ,
1899 2738 1932 2790 8
1948 2776 1963 2805 ,
1990 2736 2290 2797 lenunculus,
2318 2737 2564 2802 navigium
2583 2738 2750 2803 phea-

585 2834 711 2869 nam
734 2817 775 2868 ii
806 2834 837 2869 e
872 2815 1049 2869 Sicilia
1079 2830 1364 2871 venerant:
1392 2837 1503 2870 non
1535 2820 1621 2869 de·
1713 2822 1885 2869 tor-ium
1899 2839 1920 2879 ,·
1942 2818 2037 2889 qui
2062 2834 2125 2869 ex
2151 2816 2359 2869 Sallust.
2387 2814 2525 2866 nist.
2561 2814 2651 2882 11,
2675 2814 2750 2865 af·

582 2908 857 2966 portentur,
878 2914 977 2947 nec
994 2908 1397 2966 tmnsportentur,
1416 2911 1477 2949 ut
1490 2916 1626 2951 non·
1709 2898 1844 2951 fert:
1863 2916 1956 2969 per·
1977 2908 2159 2948 noctem
2187 2896 2440 2947 lenunculo
2455 2897 2662 2963 piscar-2².
2689 2895 2749 2945 In

585 2976 725 3027 nulli
754 2974 913 3027 codd.
942 2975 1159 3040 hahent.¹
1710 2978 1896 3049 glossis
1947 2990 2074 3030 vett.
2126 2976 2379 3031 scribitur
2429 2975 2713 3027 lenunculus
2731 3010 2748 3033 ‚

672 3074 721 3107 2.
768 3055 1119 3126 Magistri-eque
1163 3059 1367 3127 impurae
1414 3047 1636 3110 naviumj
1712 3055 1865 3129 quod
1909 3070 2064 3129 putes
2095 3074 2124 3109 a
2170 3055 2494 3107 lembum-utus
2532 3067 2719 3106 ortum
2740 3092 2758 3117 ,

589 3135 699 3200 Qui
724 3134 780 3187 h.
806 3135 842 3187 l.
870 3133 1125 3188 dicuntur
1156 3141 1381 3206 magistri
1402 3142 1620 3199 navium,
1712 3152 1822 3208 quo
1857 3136 2028 3190 Tacit.
2073 3150 2197 3189 ann.
2225 3148 2352 3203 κεν,
2389 3135 2420 3186 5
2442 3174 2457 3202 ,
2483 3150 2615 3186 usus
2657 3144 2752 3185 est.

586 3216 628 3267 ii
656 3212 803 3285 apud
825 3216 1160 3285 Appianum,
1188 3218 1223 3268 l.
1252 3236 1301 3269 ιι
1321 3257 1337 3285 ,
1364 3236 1411 3269 c.
1443 3223 1540 3285 46,
1569 3236 1624 3289 p.

594 3301 749 3365 749,
782 3307 905 3347 sunt
951 3297 1143 3366 ἔυποροι
1174 3316 1189 3350 :
1230 3310 1284 3349 et
1320 3294 1452 3349 ibid.
1500 3314 1629 3349 cura

592 3373 975 3427 servandarum
996 3377 1343 3447 reliquiarum
1368 3378 1630 3430 exercitus

594 3455 853 3507 tribuitur
882 3456 1069 3509 Asinio
1100 3456 1331 3507 Pollioni
1352 3493 1367 3524 ‚
1388 3459 1481 3528 qui
1504 3474 1630 3511 eum

593 3536 777 3607 paucis
816 3554 847 3588 c
876 3536 1061 3607 praelio
1090 3536 1367 3606 effugerat.
1404 3539 1636 3591 Caetero-

595 3615 729 3688 quin
760 3616 817 3667 in
849 3616 1100 3669 omnibus
1139 3619 1403 3670 consentit
1429 3619 1634 3689 Appia-

596 3715 699 3748 nus
732 3714 859 3748 cum
890 3710 1079 3749 nostro
1114 3710 1345 3750 auctore.

683 3777 735 3829 3.
790 3777 847 3826 V
841 3779 1111 3829 enaentucm.
1159 3774 1514 3848 Oudendorp.
1571 3796 1636 3829 ex

599 3853 758 3908 codd.
780 3855 910 3922 suis,
921 3857 1115 3925 quibus
1140 3858 1310 3909 nostri
1335 3858 1633 3909 assentiun-

602 3949 726 4002 tur,
754 3935 831 3987 sic
862 3937 1135 4027 reposuit;
1160 3938 1390 4008 Vulgata
1440 3942 1638 3990 venien-

607 4028 723 4067 tum.
740 4013 881 4067 Edd.
904 4016 1099 4087 priscae
1114 4016 1415 4082 nonnullae,
1438 4012 1642 4069 ‘lenien-

610 4108 731 4146 tem:
759 4095 913 4147 male.

691 4181 742 4239 4.
762 4176 1041 4228 Lenunculc'.
1065 4134 1397 4230 Nonnius·
1329 4176 1642 4244 Marcellus,

1715 3216 1819 3269 sed
1847 3218 2008 3271 etiam
2031 3216 2406 3289 inscriptiones
2431 3223 2561 3266 vett.
2594 3232 2756 3283 eorpo-

1716 3302 1782 3349 ris
1829 3299 2258 3350 tenuneaeanbrmn
2301 3296 2637 3349 mentionem
2679 3294 2756 3344 fe-

1715 3389 1932 3445 cerunt,
1955 3376 2103 3448 quod
2127 3378 2404 3447 vulgarem
2434 3374 2756 3445 scripturam

1717 3457 2015 3511 confirmat.-
2045 3456 2280 3510 Cuma.

1798 3536 1930 3590 cmi.
1968 3528 2170 3593 XLIV.
2208 3557 2258 3590 1.-
2290 3537 2458 3589 Misst's
2488 3534 2757 3602 legatorum

1721 3632 1914 3669 atemere
1955 3617 2327 3669 centurionibus.
2370 3613 2437 3667 Id
2466 3624 2546 3666 est
2587 3612 2760 3664 missis

1721 3698 2096 3754 centurionibus,
2117 3698 2384 3767 legatorum
2407 3696 2538 3755 loce,
2555 3694 2646 3745 vel
2666 3710 2760 3762 pro
2871 3716 2876 3721 ·

1725 3778 1928 3847 legatis,
1957 3790 2016 3831 ut
2039 3796 2183 3849 supr.
2212 3774 2249 3829 l.
2277 3776 2352 3845 V,
2367 3776 2427 3828 B.
2453 3772 2524 3826 G.
2540 3790 2630 3841 ,.c
2670 3774 2760 3838 28,

1725 3878 1840 3930 quos
1860 3858 2102 3911 Aduate‘ct'
2119 3857 2337 3909 obsidum
2359 3874 2554 3907 numer-o
2579 3857 2760 3912 missos,·

1726 3950 1779 3991 et
1802 3938 2017 3991 Cornel.
2040 3938 2246 4009 Nepos,
2263 3936 2482 4007 Epam„
2498 3954 2548 3987 c.
2569 3953 2642 4003 7:
2663 3940 2764 3983 erat

1726 4023 1849 4070 enim
1876 4019 1943 4071 tbi
1954 4023 2182 4089 primeca·
2206 4036 2400 4069 numero
2429 4006 2612 4067 militis.
2629 4009 2756 4065 Vid.

1729 4098 1780 4151 J.
1828 4096 1916 4152 Fr.
1961 4099 2203 4151 Gronov.
2239 4098 2477 4159 observ.
2503 4096 2540 4147 l.
2563 4112 2617 4162 r,
2641 4112 2687 4145 c.
2701 4095 2762 4156 6,

1731 4178 1877 4249 quod
1892 4198 2002 4232 non
2013 4178 2366 4249 intelligentes
2375 4176 2584 4230 librarii
2595 4188 2766 4227 emen·
