3025 5025
651 469 791 544 162
929 471 1006 540 C.
1062 470 1351 540 JULII
1408 471 1877 540 CAESARIS
1933 470 2491 542 COMMENT.

637 607 859 675 Varus
879 658 898 693 ‚
924 619 1193 700 postero
1221 601 1329 674 die
1360 624 1557 674 mane
1592 601 1892 698 legiones
1924 629 2007 673 ex
2048 607 2279 675 castris
2322 605 2563 676 educit.
2600 609 2787 678 Facit

635 711 812 781 idem
859 713 1104 782 Curio·
1128 724 1326 805 atque
1373 735 1510 780 una
1560 709 1735 780 valle
1789 735 1929 781 non
1971 729 2216 806 magna
2247 713 2597 806 interjecta
2634 740 2785 785 suas

633 833 914 913 uterque
936 821 1162 914 copias
1189 819 1474 888 instruit.

739 927 1062 996 XXVIII.
1095 927 1260 994 Erat
1305 927 1374 994 in
1415 925 1711 1028 exercitu
1736 889 1903 994 Vari
1943 926 2091 994 Sex.
2126 924 2529 1013 Quinctilius
2558 929 2782 998 Varus

630 1057 828 1126 quem
859 1032 1058 1102 fuisse
1085 1031 1402 1120 Corfinii,
1431 1055 1635 1126 supra
1656 1029 2189 1103 demonstratum
2210 1047 2329 1101 est.
2361 1034 2519 1119 Hic,
2543 1033 2779 1106 dimis-

627 1164 740 1208 sus
771 1163 812 1208 a
848 1143 1110 1210 Caesare
1126 1191 1146 1227 ,
1181 1141 1254 1208 in
1287 1138 1585 1208 Africam
1616 1153 1920 1225 venerat3
1952 1135 2377 1234 legionesque
2406 1163 2517 1208 eas
2552 1155 2778 1214 trans-

602 1246 904 1338 ,duxerat
965 1243 1208 1315 Curio²
1237 1299 1258 1334 ‚
1311 1269 1476 1340 quas
1525 1245 1977 1340 superioribus
2018 1246 2429 1341 temporibus
2474 1248 2777 1320 Corfinio

623 1368 970 1448 receperat
1013 1355 1276 1441 Caesar3
1303 1351 1472 1422 adeo
1502 1365 1614 1440 ut,
1648 1351 1880 1446 paucis
1921 1353 2191 1422 mutatis
2236 1354 2777 1448 centurionibus,
2826 1391 2833 1394 ·

621 1459 820 1530 iidem
848 1459 1116 1548 ordines
1140 1458 1595 1554 manipulique
1620 1473 2024 1530 constarent.
2054 1461 2247 1528 Hanc
2276 1474 2512 1530 nactus
2534 1463 2775 1558 appel-

620 1565 884 1637 lationis
935 1592 1205 1639 causam
1259 1565 1663 1655 Quinctilius
1682 1619 1701 1654 ,
1750 1567 2101 1636 circumire
2152 1567 2361 1636 aciem
2412 1568 2731 1642 Curionis
2756 1627 2775 1660 ‚

589 1688 819 1769 ⁵atque
871 1675 1226 1746 obsecrare
1277 1672 1517 1742 milites
1569 1672 1772 1767 coepit
1792 1725 1813 1759 ,
1871 1701 1907 1737 α
1943 1695 2029 1742 ne
2074 1674 2273 1768 primi
2324 1679 2729 1748 sacramenti
2752 1731 2775 1768 ‚

614 1781 800 1876 quod
829 1781 1010 1876 apud
1030 1781 1404 1850 Domitium
1431 1793 1632 1873 atque
1658 1777 1837 1873 apud
1862 1801 1933 1848 se
1954 1778 2391 1873 quaestorem²
2416 1780 2773 1874 dixissent,

615 1890 1010 1958 memoriam
1055 1887 1498 1982 deponerent;
1534 1910 1669 1956 neu
1694 1899 1931 1954 contra
1958 1905 2072 1956 eos
2116 1910 2303 1955 arma
2330 1886 2621 1978 ferrent,
2654 1895 2770 1986 qui

613 1994 845 2068 eadem
869 2008 1090 2064 essent
1113 1994 1217 2062 usi
1243 1991 1512 2062 fortuna
1529 2047 1549 2080 ‚
1587 1991 1953 2086 eademque
1968 1992 2039 2060 in
2060 1993 2407 2063 obsidione
2428 2000 2729 2090 perpessi
2750 2026 2771 2086 ;

613 2125 744 2170 neu
780 2127 905 2196 pro
941 2102 1018 2170 iis
1054 2111 1466 2196 pugnarent,
1497 2123 1541 2168 a
1580 2098 1823 2194 quibus
1862 2099 2267 2202 contumelia
2312 2100 2611 2197 perfugae
2646 2128 2768 2200 ap-

1728 2284 1908 2324 natam
1924 2310 1939 2337 ,
1962 2285 2015 2325 et
2040 2292 2180 2335 eam,
2198 2251 2359 2344 qisam
2379 2288 2536 2328 vocat
2558 2277 2765 2344 Caesar‚

1728 2353 2113 2422 appellationem.
2129 2355 2210 2406 De
2226 2353 2332 2406 hoc
2346 2353 2506 2407 Sexto
2518 2357 2768 2422 Quincti-

1726 2431 1801 2484 lio
1815 2433 1985 2499 ναι-ο,
2004 2432 2115 2486 vid.
2143 2452 2305 2505 supra
2328 2434 2423 2488 lib.
2444 2453 2497 2500 1,
2522 2455 2638 2508 cap.
2666 2459 2697 2490 ει
2710 2441 2759 2493 3.

615 2273 790 2330 Codd.
844 2276 1014 2328 nostri
1065 2275 1265 2328 habent
1307 2273 1441 2326 dare.
1488 2271 1640 2324 Hanc

615 2355 920 2409 varietatem
937 2373 1046 2407 non
1059 2353 1266 2408 notavit
1282 2351 1636 2423 Oudendorp.

690 2437 822 2493 Cu.
854 2435 1115 2488 XXVIII.
1139 2453 1163 2488 1
1176 2475 1190 2488 .
1209 2436 1537 2507 Legionesque
1559 2455 1639 2484 eas

613 2518 952 2581 transduxerat
966 2515 1132 2570 Curio.
1150 2518 1276 2569 Vox
1287 2514 1437 2569 Curio
1447 2514 1506 2567 in
1523 2514 1635 2568 Pal.

610 2611 664 2652 et
694 2582 860 2668 Bong.
894 2616 1004 2650 non
1035 2597 1341 2668 reperitur:
1381 2608 1434 2648 et
1471 2613 1502 2647 a
1530 2594 1637 2647 suis

608 2696 823 2751 quoque
833 2674 992 2730 codd.
1007 2676 1188 2729 abesse
1204 2684 1426 2729 testatur
1438 2674 1636 2740 Ciacc„

607 2756 754 2813 unde
769 2754 1027 2811 mendum
1041 2756 1221 2810 esseda.
1239 2756 1277 2809 1.
1287 2767 1455 2828 putat.
1471 2756 1637 2809 Abest

605 2840 807 2911 pariter
835 2837 951 2891 haec
977 2854 1082 2890 vox
1111 2837 1176 2890 ab
1201 2834 1385 2901 Car-r.,
1415 2836 1634 2900 Erant„

603 2917 758 2972 Leid.
781 2936 904 2982 sec„
924 2918 1103 2980 Voss„
1136 2916 1191 2967 et
1213 2914 1462 2981 Dorvill„
1493 2928 1554 2968 ut
1581 2930 1634 2969 et

605 2997 729 3051 edd.
764 3000 1000 3059 Vascos„
1025 2991 1229 3066 Steph„
1253 3008 1308 3049 et
1328 2996 1417 3061 al„
1436 3007 1490 3047 et
1513 3014 1633 3048 nos·

605 3090 691 3131 tro
721 3074 840 3130 cod.
882 3075 1051 3142 5768.
1074 3074 1197 3127 Δι’
1181 3094 1238 3127 m
1273 3088 1460 3129 nostro
1506 3074 1626 3128 cod.

607 3157 762 3229 5764
779 3167 868 3222 ,et
897 3155 954 3206 in
981 3152 1133 3207 Leid.
1166 3172 1251 3226 pr.
1285 3167 1426 3208 extat
1444 3191 1461 3219 ‚
1491 3156 1630 3209 male

600 3251 779 3291 tamen
822 3234 1138 3305 transposita
1171 3248 1293 3307 post
1327 3253 1628 3307 pronomen

601 3336 740 3391 quas.
767 3313 1084 3368 Emendatio
1127 3317 1488 3369 recentior-um
1527 3334 1627 3387 op-

577 3400 730 3451 ·tima
742 3408 840 3459 est,
859 3410 912 3448 et
925 3394 1325 3465 diligentissime
1349 3392 1623 3449 servanda.

574 3478 737 3531 -Nam
752 3476 926 3528 Caesar
947 3474 1046 3541 ait,
1065 3476 1123 3527 in
1141 3476 1324 3528 castris
1337 3474 1472 3527 Attii
1491 3474 1625 3526 Vari

595 3558 756 3611 fnisse
796 3556 1152 3622 Quinctilium
1191 3556 1432 3618 Varum,
1463 3572 1623 3624 quem

577 3639 710 3708 ⁸ipse
727 3636 795 3689 ad
821 3634 1119 3688 Corfinium
1145 3632 1419 3687 dimiserat
1441 3652 1454 3687 :
1475 3634 1622 3687 hunc

567 3740 576 3751 ·
597 3720 803 3771 Varum
813 3717 870 3769 in
884 3715 1118 3769 Africam
1132 3714 1452 3785 profectum,
1465 3712 1625 3767 Pom-

591 3799 806 3869 peianas
821 3809 998 3868 partes
1019 3806 1352 3848 secuturum:
1379 3808 1432 3846 at
1455 3794 1619 3865 legio-

589 3896 688 3931 nes
717 3876 1102 3943 Corfinienses,
1117 3892 1235 3945 quae
1255 3893 1312 3927 se
1340 3874 1486 3927 ultro
1507 3874 1620 3927 Cae-

591 3961 693 4013 tari
723 3956 982 4010 dederant
993 3975 1026 4021 ‚‘
1044 3977 1076 4007 a
1103 3955 1343 4009 Curione
1382 3954 1440 4006 in
1473 3954 1617 4007 Afri-

589 4056 706 4092 cam
745 4034 1073 4091 transductae
1117 4036 1310 4102 fuisse3
1340 4033 1486 4089 unde
1532 4052 1619 4087 oc-

587 4120 872 4183 casionem,
885 4117 968 4169 vel
971 4117 1264 4183 facultatem
1275 4112 1615 4187 colloquendi

1814 2532 1861 2565 2.
1896 2514 2049 2583 Quod
2074 2515 2210 2585 apud
2235 2515 2525 2577 Domitium,
2556 2530 2609 2567 et
2626 2521 2766 2589 apud

1724 2614 1774 2643 se
1820 2606 2098 2666 qaoestorem
2125 2634 2141 2657 ,
2199 2606 2291 2647 etc.
2337 2596 2460 2648 Non
2508 2594 2760 2653 dixerant

1722 2686 2112 2727 sacramentum
2149 2675 2208 2726 in
2232 2673 2394 2727 ve'rba
2425 2676 2640 2730 Domitii
2668 2698 2758 2733 so-

1720 2753 1858 2818 lius,
1886 2752 1981 2807 sed
2020 2765 2075 2807 et
2111 2754 2351 2825 primum
2388 2755 2670 2829 Pompeii3
2702 2773 2757 2815 et

1722 2832 1941 2904 quidem
1957 2872 1974 2899 ,
2000 2832 2138 2887 duce
2171 2834 2385 2888 absente
2400 2874 2419 2902 ,
2442 2836 2587 2908 apud
2618 2840 2757 2910 lega·

1722 2924 1836 2966 tum
1851 2952 1868 2980 ‚
1895 2932 1989 2967 sen
2032 2914 2322 2967 Praetorem
2338 2953 2354 2981 ,
2383 2934 2475 2969 seu
2506 2917 2755 2983 Quaesto-

1718 3011 1863 3058 rem,
1900 2994 1957 3045 in
1993 2994 2156 3046 verba
2188 2992 2339 3047 ducis
2364 2997 2633 3065 jurabant.
2668 3001 2751 3052 Ita

1718 3073 1821 3126 hoc
1850 3073 1991 3125 libro
2004 3108 2021 3138 ‚
2040 3092 2087 3127 e.
2126 3092 2149 3126 1
2163 3074 2194 3127 8
2216 3091 2229 3125 :
2250 3074 2417 3127 Varro
2432 3095 2615 3129 omnem
2626 3097 2749 3149 pm-

1720 3157 1917 3205 vinciam
1936 3158 1988 3205 in
2008 3172 2099 3205 sua
2116 3164 2167 3205 et
2184 3155 2407 3225 Pompeii
2416 3156 2567 3209 verba
2585 3161 2751 3228 jae-ffu-

1715 3233 1920 3287 randum
1946 3233 2129 3303 adegit.
2153 3233 2280 3287 Haec
2304 3235 2593 3307 Polybium
2602 3256 2751 3291 coar-

1713 3326 1885 3383 guunt
1900 3350 1917 3377 ‚
1938 3314 2033 3385 qui
2060 3332 2091 3367 a
2114 3312 2237 3367 solis
2254 3314 2488 3369 militum
2513 3317 2745 3373 tribunis

1714 3406 2101 3447 sacramentum
2118 3394 2257 3465 exigi
2281 3394 2526 3450 affirmat.
2538 3430 2624 3441 —
2638 3400 2747 3452 Me·

1713 3475 1914 3525 moriam
1940 3472 2241 3545 deponerent.
2263 3475 2510 3529 Brantius
2528 3478 2741 3533 mallet:

1709 3572 1771 3605 ne
1802 3557 2015 3623 primum
2060 3565 2481 3609 sacramentum...
2512 3564 2739 3611 memor-ia

1708 3633 2019 3703 deponerent,
2040 3645 2095 3686 et
2111 3630 2169 3685 id
2186 3634 2477 3705 elegantius
2500 3635 2736 3708 judicat:

1707 3719 1987 3783 perperam
2000 3752 2017 3779 ‚
2041 3726 2093 3767 et
2114 3726 2299 3765 contra
2326 3713 2483 3769 codd.
2516 3718 2590 3768 At
2606 3716 2739 3771 -vide
2790 3710 2796 3717 ⁸

1708 3792 1770 3845 B.
1800 3792 1867 3845 G.
1896 3794 1932 3845 l.
1964 3795 2024 3860 I,
2048 3811 2096 3847 c.
2134 3800 2200 3856 τά
2236 3812 2249 3845 :
2284 3795 2415 3866 quad
2440 3796 2737 3867 Alhbrages

1705 3886 1991 3934 vexassent,
2012 3878 2283 3925 memor-iam
2308 3875 2541 3945 deponere
2554 3891 2730 3947 posset.

1706 3984 1788 3997 --
1820 3954 2139 4007 Contumelia.
2184 3955 2267 4005 Ita
2304 3956 2499 4027 optimi
2536 3955 2731 4022 codd.,

1704 4045 1757 4086 et
1778 4035 1949 4088 nostri
1974 4053 1988 4088 ε
2018 4034 2301 4087 contumelia
2330 4035 2564 4091 ablativo
2588 4054 2727 4091 casn.

1703 4113 1809 4167 Alii
1842 4117 1891 4165 in
1938 4114 2243 4175 contumelia,
2278 4115 2362 4168 vel
2404 4120 2457 4167 a’n
2488 4129 2727 4171 cone-m·-
