3025 5025
614 481 766 554 236
910 485 986 553 C.
1042 485 1326 553 JULII
1381 483 1846 553 CAESARIS
1903 485 2452 555 COMMENT.

607 616 996 687 cohortibus
1017 619 1084 686 V
1106 617 1466 712 paucisque
1499 617 1831 711 equitibus
1859 618 1927 685 in
1961 615 2271 686 AEtoliam
2298 617 2518 687 misit:
2549 615 2755 683 maxi-

604 747 846 815 meque
887 747 1000 792 eos
1018 776 1038 812 ,
1075 722 1257 818 quod
1301 739 1492 792 erant
1540 726 1931 818 propinquae
1976 717 2281 818 regiones
2310 777 2330 812 ,
2367 722 2453 791 de
2496 746 2569 790 re
2602 722 2751 790 fru-

606 831 934 897 mentaria
993 843 1073 898 ut
1130 829 1563 924 providerent
1585 883 1604 917 ,
1660 831 1966 900 hortatus
2022 845 2140 899 est.
2196 833 2319 900 Cn.
2375 825 2751 898 Domitium

608 933 966 1004 Calvinum
1009 961 1164 1004 cum
1205 935 1577 1032 legionibus
1633 936 1891 1006 duabus
1908 990 1927 1024 ,
1970 940 2073 1005 XI
2118 952 2186 1007 et
2226 939 2364 1005 XII
2381 989 2400 1024 ,
2444 950 2513 1004 et
2558 935 2745 1028 equi-

604 1040 782 1109 tibus
820 1042 888 1109 D
924 1043 993 1109 in
1030 1042 1496 1112 Macedoniam
1531 1043 1862 1137 proficisci
1892 1043 2087 1135 jubet
2118 1067 2133 1111 τ
2170 1044 2359 1136 cujus
2396 1041 2749 1135 provinciae

605 1147 690 1214 ab
717 1171 796 1216 ea
819 1162 1041 1241 parte,
1064 1173 1212 1243 quae
1236 1150 1478 1219 Libera
1502 1147 1935 1243 appellatur²,
1951 1149 2418 1236 Menedemus,
2441 1149 2749 1242 princeps

605 1276 836 1322 earum
857 1257 1233 1350 regionum,
1247 1257 1488 1325 missus
1504 1255 1759 1352 legatus
1772 1308 1790 1343 ,
1810 1258 2117 1326 omnium
2136 1279 2410 1325 suorum
2429 1253 2751 1324 excellens

605 1359 896 1428 studium
944 1361 1401 1455 profitebatur.

709 1469 1000 1536 XXXV.
1040 1471 1144 1536 Ex
1177 1469 1286 1537 -his
1328 1468 1684 1557 CalvisiuS,
1721 1472 1941 1564 primo
1984 1469 2277 1538 adventu
2312 1489 2577 1537 summa
2610 1491 2749 1536 om-

604 1573 794 1641 nium
833 1571 1206 1644 AEtolorum
1247 1589 1557 1670 receptus
1592 1575 1969 1665 voluntate,
1997 1575 2315 1671 praesidiis
2342 1574 2749 1643 adversario-

602 1703 754 1747 rum
774 1678 1114 1773 Calydone
1133 1684 1569 1777 etNaupacto
1586 1682 1895 1777 rejectis¹,
1908 1685 2094 1751 omni
2106 1682 2349 1752 AEtolia
2366 1682 2619 1775 potitus
2636 1693 2749 1748 est.

607 1786 875 1854 Cassius
919 1788 988 1853 in
1022 1787 1430 1857 Thessaliam
1475 1813 1629 1858 cum
1684 1787 1942 1885 legione
1997 1789 2320 1884 pervenit.
2365 1790 2494 1856 Hic
2544 1811 2751 1880 quum

605 1904 827 1960 essent
861 1891 1183 1963 factiones
1218 1894 1397 1983 duae,
1426 1897 1611 1964 varia
1641 1895 1985 1965 voluntate
2028 1897 2377 1965 civitatum
2419 1893 2750 1962 utebatur.

607 2001 1046 2092 Hegesaretos
1062 2054 1081 2088 ,
1136 2004 1380 2070 veteris
1425 2002 1633 2072 homo
1676 1997 1991 2098 potentiae
2012 2056 2032 2090 ,
2084 2003 2505 2096 Pompeianis
2555 1999 2755 2068 rebus

609 2233 674 2268 ex
704 2215 758 2268 S.
793 2216 876 2282 C.,
908 2217 1171 2285 obtinuit,
1205 2238 1290 2272 an.
1329 2228 1462 2290 704.
1497 2221 1639 2274 Cum

1730 2223 1864 2283 lant,
1894 2235 1933 2275 t.
1959 2241 2016 2289 1,
2047 2241 2165 2295 pag.
2204 2240 2313 2274 222
2334 2259 2353 2287 ,
2384 2220 2557 2292 capita
2578 2223 2757 2292 jugata·

609 2295 910 2362 Pharnace,
942 2298 1272 2352 Mithridatis
1314 2301 1452 2372 regis
1495 2301 1610 2354 filio
1625 2342 1640 2370 ,

1728 2303 1963 2356 Castoris
1993 2315 2047 2355 et
2070 2301 2303 2354 Pollucis
2320 2339 2337 2367 ‚
2366 2301 2521 2374 pileis
2550 2314 2753 2353 ornata.

609 2375 812 2427 bellum
837 2378 1104 2432 sustinuit.
1131 2378 1238 2448 Sed
1264 2400 1376 2432 non
1398 2381 1464 2432 ab
1489 2382 1640 2434 omni

609 2467 762 2528 parte
814 2475 1002 2511 verum
1051 2477 1162 2513 esse
1217 2459 1457 2528 videtur,
1490 2459 1639 2533 quod

613 2536 796 2589 innuit
821 2538 1049 2611 Appian.
1067 2558 1193 2593 eum
1217 2538 1276 2591 id
1293 2542 1494 2594 bellum
1523 2561 1639 2613 ges-

613 2616 739 2670 sisse
750 2654 767 2681 ,
783 2637 876 2689 quo
895 2630 1100 2688 tempore
1122 2618 1294 2671 Coesar
1311 2632 1360 2672 et
1381 2622 1641 2692 Pompeius

613 2700 665 2747 in
712 2697 1012 2750 Pharsalici-5
1059 2704 1240 2770 campis
1289 2702 1601 2753 decertabant
1621 2722 1643 2765 ,⁶

614 2795 741 2829 nam
760 2816 774 2844 ,
792 2789 854 2829 ut
875 2791 1022 2849 patet
1053 2797 1117 2832 ex
1143 2780 1247 2833 hoc
1277 2781 1426 2847 loeo,
1447 2794 1561 2835 erat
1584 2782 1641 2835 in

613 2857 853 2909 exercitu
879 2858 1178 2911 Caesariano
1194 2898 1211 2926 ,
1233 2860 1338 2913 nisi
1368 2862 1506 2915 forte
1529 2863 1642 2915 haec

614 2936 848 3007 Appiani
891 2937 1169 3012 referenda
1213 2941 1320 2992 sint
1365 2940 1433 2994 ad
1477 2942 1643 2994 alium

613 3015 940 3084 Calvisium,
976 3020 1147 3070 nostri
1175 3018 1395 3073 fratrem
1434 3022 1520 3073 vel
1552 3042 1643 3074 co-

613 3106 860 3166 gnatum,
885 3096 994 3150 sive
1024 3098 1204 3168 potius
1235 3099 1304 3153 ad
1334 3102 1508 3153 filium
1530 3104 1644 3173 ejus

616 3173 712 3245 qui
761 3175 866 3228 fuit
916 3177 1166 3233 triumvir
1213 3183 1494 3234 monetalis
1542 3184 1645 3234 sub

613 3255 883 3325 AugustO,
902 3274 985 3309 an.
1017 3262 1151 3328 726.
1179 3261 1323 3313 Tum
1352 3259 1645 3314 admodum

610 3336 824 3405 juvenis
851 3354 962 3390 esse
985 3335 1202 3406 debuit3
1227 3360 1352 3394 nam
1379 3342 1424 3393 is
1449 3360 1644 3395 consu-

614 3415 784 3469 latum
811 3417 1078 3485 obtinuit,
1102 3438 1186 3474 an.
1219 3428 1350 3491 749.
1380 3422 1504 3486 Quo
1534 3440 1647 3473 mo-

615 3492 688 3548 do
719 3496 864 3549 enim
897 3498 958 3551 C.
997 3498 1258 3552 Calvisius
1273 3538 1290 3565 ,
1317 3498 1386 3552 de
1417 3520 1527 3572 quo
1563 3502 1645 3553 lo-

616 3577 864 3647 quimur,
894 3597 924 3629 e
969 3577 1224 3651 Bithynia
1265 3592 1317 3633 et
1355 3579 1531 3633 Ponto
1578 3580 1645 3634 ad

615 3656 875 3710 Caesarem
933 3656 1140 3711 venei-it
1175 3698 1190 3727 ,
1249 3676 1358 3711 non
1425 3658 1642 3716 dicitur.

615 3735 800 3805 Idem,
829 3755 954 3790 cum
981 3756 1189 3809 procos⁶
1215 3738 1471 3811 imperiO,
1500 3742 1644 3794 Afri-

615 3835 732 3869 cam
749 3816 1018 3883 obtinuit,
1041 3834 1126 3871 an.
1151 3836 1288 3888 7103
1309 3822 1644 3877 consulatum

615 3897 739 3949 iniit
781 3915 905 3949 cum
955 3898 1018 3950 L.
1065 3899 1272 3953 Marcio
1317 3900 1611 3954 Censorino
1630 3943 1645 3971 ,

615 3994 758 4028 anno
806 3982 952 4045 7143
983 3976 1200 4031 tandem
1233 3982 1512 4051 praefectus
1540 3983 1646 4036 fuit

616 4056 767 4108 classi
784 4056 1092 4111 Coesarianae
1108 4099 1123 4128 ,
1141 4078 1225 4112 an.
1261 4063 1367 4130 715
1383 4102 1397 4130 ,
1410 4074 1472 4115 ut
1495 4075 1643 4133 patet

615 4154 682 4188 ωε
705 4135 916 4189 Orosio.
950 4138 1078 4209 EJ‘us
1107 4158 1360 4196 nummus
1387 4160 1473 4213 ap.
1493 4144 1639 4209 Vail-

1728 2381 2046 2435 SABINVS.
2094 2382 2151 2435 in
2200 2400 2377 2435 aversa
2429 2393 2583 2453 parte
2602 2421 2617 2449 ,
2653 2380 2753 2452 ipsi

1727 2463 1881 2516 astris
1894 2461 2153 2535 insigniti,
2166 2459 2509 2515 decurrentes
2523 2461 2580 2513 in
2589 2461 2750 2533 equis.

1728 2543 1790 2596 C.
1826 2543 2224 2597 CALVISIVS.
2258 2544 2319 2595 C.
2353 2542 2414 2595 F.

1813 2644 1863 2677 2.
1894 2624 2021 2694 Quoe
2048 2622 2225 2674 Libera
2250 2622 2537 2694 appellatur.
2566 2623 2751 2675 Liber-

1726 2716 1805 2757 tas
1836 2704 1926 2756 illa
1972 2723 2034 2755 ex
2066 2703 2271 2755 AEmilii
2305 2702 2458 2755 Pauli
2498 2702 2752 2755 eonstitu-

1731 2785 1903 2848 tione‚
1924 2782 1993 2836 de
2010 2802 2115 2855 qua
2137 2783 2254 2836 Liv.
2282 2802 2404 2848 xxv,
2430 2801 2522 2850 29,
2540 2781 2751 2835 videtur

1730 2861 1798 2915 ad
1856 2877 2096 2935 quartam
2159 2861 2489 2916 Macedoniae
2547 2874 2751 2935 partem

1728 2945 2026 3014 pertinere,
2051 2944 2150 2996 etsi
2178 2943 2347 3015 partis
2381 2942 2542 3013 hujus
2573 2943 2753 2995 liberae

1729 3025 1859 3077 situs
1910 3035 2067 3096 atque
2110 3024 2307 3076 limites
2366 3021 2584 3076 definiri
2644 3040 2749 3076 non

1729 3117 1968 3175 possunt.
1993 3106 2066 3157 At
2092 3102 2314 3171 Sti-abe,
2332 3104 2367 3157 l.
2396 3121 2480 3156 vn
2496 3123 2582 3175 ,p.
2609 3104 2750 3166 326,

1730 3182 1815 3236 ed.
1848 3184 1969 3238 Par.
1992 3203 2006 3237 :
2034 3184 2114 3237 Τὰ
2138 3184 2249 3255 περὶ
2279 3186 2516 3255 Λυγκιςὸν
2547 3183 2632 3235 καὶ
2657 3188 2752 3236 Πε-

1730 3266 1963 3336 λαγονιὰν
1978 3301 1992 3323 ,
2020 3264 2103 3319 καὶ
2128 3255 2387 3335 &pernicia
2403 3304 2419 3328 ,
2440 3264 2526 3315 καὶ
2553 3264 2752 3335 Aspim,

1730 3344 1819 3400 τὴν
1857 3344 1957 3397 ἄνω
1996 3341 2319 3397 Μακεδονίαν
2356 3346 2585 3409 ἐκάλουν,
2616 3345 2658 3396 οἱ
2694 3338 2751 3394 δὲ

1730 3424 1896 3491 &etpost
1916 3461 1930 3483 ,
1957 3424 2041 3478 καὶ
2074 3418 2351 3495 ἱλευθέρανς
2372 3436 2428 3477 et
2456 3424 2661 3476 Plinius
2677 3463 2691 3490 ,
2715 3422 2750 3474 l.

1732 3522 1791 3556 Π
1804 3542 1821 3568 ,
1850 3522 1965 3574 cap.
1995 3523 2016 3557 1
2031 3522 2095 3557 o:
2116 3517 2166 3556 et
2183 3504 2321 3557 liberi
2336 3504 2601 3557 Amantini
2616 3516 2752 3575 atque

1738 3583 1943 3646 Orestoe,
1962 3584 2056 3655 qui
2071 3597 2192 3637 sunt
2204 3582 2534 3637 Macedoniae
2546 3582 2748 3656 populi.

1812 3663 1941 3718 CAP.
1968 3665 2200 3717 XXXV.
2232 3682 2277 3717 1.
2304 3666 2529 3734 ijectis.
2555 3664 2639 3715 Ita
2665 3681 2752 3716 co·

1732 3740 1833 3795 dex
1854 3756 2038 3797 noster
2057 3746 2122 3798 R.
2155 3744 2327 3816 5768.
2350 3744 2527 3811 Alter,
2546 3745 2757 3795 velabris>

1729 3825 1867 3876 male
1881 3862 1898 3888 ,
1929 3842 2055 3876 nam
2080 3843 2194 3877 non
2224 3836 2303 3877 est
2330 3822 2609 3895 probabile
2636 3820 2753 3875 cal-

1729 3903 1925 3957 visium
1955 3904 2153 3957 AEtolia
2173 3903 2409 3976 potitum
2440 3921 2578 3970 esse,
2601 3903 2752 3955 relic-

1730 3982 1798 4037 tis
1845 3982 2105 4055 praesidiis
2152 3984 2391 4037 hostium
2438 3983 2497 4035 in
2542 3980 2752 4054 oppidis

1730 4076 1843 4117 arte
1890 4065 2129 4117 munitis.
2181 4063 2385 4117 Eadem
2429 4063 2651 4117 varietas
2696 4062 2753 4119 in

1728 4144 1845 4203 aliis
1873 4143 2031 4200 codd.
2064 4176 2147 4192 -—·
2174 4144 2349 4203 Ciaoc.
2367 4181 2385 4213 ,
2410 4143 2616 4216 dejectis.
