3025 5025
757 469 898 537 DE
953 470 1302 539 BELLO
1359 468 1731 541 CIVILI.
1793 472 1981 540 LIB.
2040 469 2093 538 I.
2408 466 2502 541 53

349 593 514 665 timo
547 612 856 695 tempore
895 600 1278 671 consulatus
1291 654 1312 689 ,
1341 627 1422 671 eo
1460 602 1663 671 fuisse
1700 618 2090 672 contentum
2106 656 2125 691 ,
2155 600 2337 696 quod
2371 627 2506 672 om-

345 702 543 774 nibus
589 707 850 777 civibus
902 722 1163 802 pateret
1207 733 1221 777 :
1263 705 1468 778 latum
1513 708 1600 776 ab
1638 707 1870 778 decem
1925 710 2210 779 tribunis
2254 707 2502 805 plebis,

342 812 954 885 contradicentibus
1008 815 1288 885 inimicis
1307 868 1326 901 ,
1364 817 1623 884 Catone
1667 840 1829 885 vero
1882 818 2201 885 acerrime
2247 841 2499 911 repug-

338 931 574 1005 nante,
593 934 699 1009 et,
728 922 1006 1014 pristina
1043 921 1555 1009 consuetudine,
1575 920 1839 991 dicendi
1866 908 2078 991 mora³
2104 922 2245 991 dies
2270 937 2497 991 extra-

337 1020 539 1091 hente
557 1078 577 1112 ,
609 1042 690 1095 ut
727 1029 831 1095 sui
868 1029 1038 1097 ratio
1061 1028 1353 1097 absentis
1389 1026 1778 1117 haberetur,
1798 1030 1942 1123 ipso
1986 1028 2257 1097 consule
2289 1032 2496 1098 Pom-

328 1130 488 1220 peio
517 1156 535 1197 ι
573 1134 694 1226 qui
725 1136 778 1201 si
813 1134 1292 1227 improbasset,
1321 1160 1443 1204 cur
1482 1133 1642 1203 ferri
1678 1159 1911 1229 passus
1950 1134 2167 1211 essct?
2196 1136 2294 1203 sin
2330 1161 2495 1231 pro-

333 1232 560 1306 basset
579 1290 599 1324 ,
623 1264 748 1308 cur
772 1265 843 1309 se
866 1242 964 1309 uti
985 1240 1218 1337 populi
1245 1238 1569 1312 beneficio
1594 1239 2080 1336 prohibuisset?
2104 1243 2495 1311 Patientiam

329 1346 657 1437 proponit
709 1370 898 1415 suam
933 1399 952 1434 ,
1009 1372 1218 1441 quum
1264 1347 1348 1415 de
1399 1347 1799 1419 exercitibus
1854 1346 2259 1415 dimittendis
2310 1334 2495 1418 ultro

327 1448 848 1540 postulavisset3
896 1454 966 1521 in
1011 1479 1147 1549 quo
1193 1454 1527 1549 jacturam
1581 1453 1917 1549 dignitatis
1964 1469 2164 1548 atque
2219 1454 2496 1525 honoris

323 1555 472 1648 ipse
527 1556 832 1627 facturus
882 1575 1071 1630 esset.
1123 1561 1576 1629 Acerbitatem
1616 1560 2039 1629 inimicorum
2083 1559 2309 1648 docet,
2345 1561 2494 1654 qui,

325 1662 534 1754 quod·
559 1663 647 1731 ab
684 1661 898 1735 altero
941 1665 1393 1762 postularent,
1435 1668 1506 1735 in
1544 1691 1615 1735 se
1657 1680 2079 1755 recusarent,
2120 1681 2319 1760 atque
2360 1692 2495 1735 om·

324 1770 435 1838 nia
499 1773 896 1865 permisceri
953 1771 1228 1842 mallent
1245 1760 1295 1861 ⁴,
1351 1796 1551 1867 quam
1608 1774 1964 1868 imperium
2034 1775 2492 1868 exercitusque

321 1873 683 1947 dimittere.
742 1879 1066 1973 Injuriam
1118 1881 1190 1947 in
1240 1879 1597 1975 eripiendis
1660 1878 2031 1973 legionibus
2098 1880 2415 1974 praedicat
2474 1905 2489 1948 τ

323 1982 797 2055 crudelitatem
841 2000 909 2054 et
953 1984 1376 2055 insolentiam
1417 1986 1486 2054 in
1534 1986 2155 2055 circumscribendis
2205 1987 2491 2057 tribunis

317 2086 540 2182 plebis
555 2075 602 2179 ⁵,
651 2091 1066 2163 conditiones
1119 2116 1158 2160 a
1203 2116 1274 2161 se
1319 2088 1486 2161 latas
1509 2146 1529 2179 ,
1576 2107 1647 2161 ct
1698 2094 1985 2187 expetita
2041 2091 2371 2187 colloquia
2424 2109 2490 2163 et

1452 2294 1764 2349 Gronovius
1790 2293 1857 2348 ad
1874 2296 1991 2348 Liv.
2016 2313 2159 2361 xxu,
2184 2296 2275 2349 18.
2299 2297 2485 2349 Divis.

1451 2372 1535 2417 --'-
1574 2376 1646 2427 Ut
1684 2380 1760 2428 sui
1803 2380 1931 2427 ratio
1972 2376 2179 2427 absentis
2215 2375 2483 2428 haberetur.

396 2296 452 2349 3.
485 2295 713 2348 Dicendi
739 2315 890 2348 mora.
929 2296 1048 2361 Hoc
1093 2296 1292 2349 factum
1333 2314 1364 2347 a

318 2376 660 2429 senatoribus
678 2414 693 2442 ,
724 2376 918 2447 quibus
945 2394 1058 2429 non
1087 2376 1264 2430 arrisit
1279 2393 1364 2429 res

315 2452 382 2507 de
425 2475 546 2528 qua
593 2456 889 2528 agebatur.‹
920 2455 1097 2509 Ateius
1153 2455 1359 2527 Capito,

315 2532 382 2588 de
427 2536 623 2590 officio
668 2536 956 2603 senatoris,
995 2555 1081 2608 ap.
1128 2538 1190 2590 A.
1235 2536 1362 2589 Gel-

314 2613 476 2683 lium,
517 2616 679 2670 Noct.
700 2618 808 2669 Att.
839 2617 874 2669 l.
904 2617 1016 2682 vl,
1034 2636 1080 2670 c.
1109 2634 1210 2669 10:
1237 2614 1366 2668 Cato

313 2714 405 2748 rem
424 2736 440 2760 ‚
504 2716 652 2769 quam
717 2696 1050 2748 consulebatur
1072 2735 1089 2757 ,
1138 2700 1362 2768 quoniam

312 2793 404 2828 non
455 2798 489 2829 e
543 2776 788 2847 republica
849 2775 1108 2829 videbatur
1128 2816 1143 2839 ,
1191 2775 1366 2848 perfici

312 2857 530 2908 nolebat.
582 2857 713 2926 Ejus
756 2859 828 2908 rei
869 2859 1037 2926 gratia
1093 2857 1322 2908 ducendae
1338 2895 1355 2919 ‚

313 2935 454 3007 longa
498 2939 724 2988 oratione
754 2936 1001 2999 utebatur,
1035 2935 1360 3009 eximebatque

311 3015 522 3070 dicendo
549 3017 678 3068 diem
691 3036 711 3069 .·
728 3029 834 3068 erat
863 3021 986 3069 em'm
1006 3018 1093 3087 jus
1117 3021 1350 3080 senatori,

309 3109 385 3158 ut,
413 3101 712 3149 sententiam
758 3108 982 3166 rogatus,
1023 3097 1205 3148 diceret
1243 3109 1356 3150 ante

227 3217 234 3230 .
311 3177 550 3252 quicquid
570 3177 724 3228 ‘vellet
747 3174 840 3228 alii
865 3181 958 3238 rei,
989 3188 1038 3228 et
1067 3177 1233 3248 quoad
1253 3177 1356 3228 vel-

313 3256 406 3320 let,·
422 3271 477 3311 et
511 3269 713 3310 senatus
749 3257 1042 3319 consultum,
1072 3269 1185 3309 ante
1211 3277 1352 3309 exor-

315 3347 407 3389 tum
437 3350 534 3391 aut
553 3349 676 3408 post
705 3356 924 3389 occasum
958 3337 1104 3388 solem
1135 3339 1352 3406 sactum,

312 3428 465 3470 ratum
486 3437 593 3470 non
606 3419 766 3485 fuisse
789 3435 853 3470 ex
875 3417 1124 3470 ‘Varrone
1145 3419 1354 3471 notavit

311 3494 452 3550 idem
485 3497 751 3569 scriptor,
778 3496 816 3549 l.
854 3515 966 3562 xiv,
998 3517 1045 3550 c.
1081 3515 1135 3568 7.
1163 3499 1347 3552 stxs.

311 3608 388 3620 --
425 3579 555 3632 Dies
605 3577 898 3630 extrahente.
955 3575 1041 3630 Sic
1097 3577 1352 3631 exhibent

309 3674 488 3712 omnes
518 3654 682 3711 codd.
717 3675 948 3728 quorum
980 3659 1349 3711 auctoritatem

311 3751 518 3791 secutus
545 3755 696 3803 sum;
716 3739 750 3790 J
752 3755 830 3791 os.
859 3736 1002 3790 enim
1025 3737 1255 3810 Scaliger
1283 3756 1348 3791 ex

311 3821 616 3891 conjectura
661 3830 971 3887 reposuerat
1015 3819 1139 3870 diem
1183 3831 1346 3870 extra-

314 3895 460 3952 hente.
488 3899 817 3971 Perperam3
848 3915 972 3950 nam
1001 3899 1117 3951 veri
1158 3911 1237 3950 est
1277 3898 1347 3970 si·

311 3977 430 4030 mile
457 3998 518 4032 ea
549 3977 620 4032 de
643 3997 705 4030 re
736 3977 925 4050 saepius
945 3991 1122 4032 actum
1154 3977 1348 4043 fuisse,

311 4073 469 4126 quare
491 4060 660 4126 Catu,
683 4077 753 4110 ne
777 4056 930 4111 fieret
951 4057 1050 4113 SC.
1067 4097 1083 4122 ,
1115 4055 1346 4111 dicendo

309 4133 485 4204 plures
514 4138 632 4197 dies
667 4137 864 4195 exemit
879 4176 900 4208 ,
929 4152 991 4194 ut
1019 4139 1179 4202 etiam
1211 4136 1348 4202 vidit

1450 2454 1592 2527 Lege
1621 2455 1727 2507 lata
1743 2492 1760 2522 ,
1786 2454 1884 2509 sub
1904 2454 2183 2507 consulatu
2206 2454 2485 2526 Pompeii,

1451 2536 1753 2588 absentium
1776 2535 1914 2590 ratio
1938 2535 1996 2586 in
2020 2532 2269 2605 rogandis
2293 2535 2485 2606 magis·-

1449 2615 1676 2668 tratihus
1704 2612 1953 2668 habenda
1980 2632 2092 2666 non
2124 2626 2262 2681 erat,
2289 2633 2359 2666 ne
2393 2633 2484 2667 ex·

1449 2706 1605 2766 cepto
1632 2693 1855 2766 quidem
1892 2694 2113 2746 Caesare.
2146 2694 2277 2745 Mox
2306 2707 2483 2748 tamen

1448 2775 1613 2826 altera
1640 2776 1757 2846 lege
1785 2775 1843 2827 in
1870 2792 1939 2826 aes
1966 2773 2161 2838 incisa,
2182 2786 2243 2826 ut
2268 2793 2385 2826 mos
2411 2775 2484 2827 fe-

1445 2854 1597 2907 rebat
1610 2893 1625 2922 ,
1644 2854 1781 2908 ratio
1801 2853 2017 2906 Caesaris
2036 2853 2219 2906 habita
2236 2866 2314 2906 est
2327 2891 2341 2913 ,
2370 2873 2481 2908 non

1443 2933 1785 3006 improbante
1813 2935 2089 3006 Pompeio·

1528 3021 1583 3078 4.
1606 3015 1896 3071 Pemaisceri
1916 3016 2127 3067 mallent.
2154 3015 2262 3066 Alii
2282 3019 2483 3084 permis·

1443 3115 1575 3157 cere,
1622 3108 1685 3148 ut
1730 3096 1869 3148 ratio
1913 3097 2205 3148 verborum
2254 3108 2478 3150 constet.

1441 3174 1761 3246 Pei-peram:
1780 3194 1905 3228 nam
1948 3173 2085 3228 ordo
2111 3175 2319 3246 phrasis
2360 3195 2479 3247 per-

1439 3255 1653 3327 spicuus
1662 3267 1757 3322 est,
1765 3269 1817 3308 et
1826 3257 2084 3328 probatur
2092 3255 2309 3326 optimis
2318 3254 2479 3326 scrip-

1439 3335 1667 3389 toribus.
1708 3333 1813 3388 Adi
1860 3336 1943 3390 Cl.
1988 3334 2137 3388 Cort.
2182 3348 2237 3386 ct
2279 3333 2475 3388 doctss.

1437 3416 1695 3486 collegam
1736 3416 1995 3484 Bur-nous,
2034 3414 2101 3467 ad
2134 3414 2441 3467 Sallustium
2459 3454 2476 3480 ,

1437 3495 1500 3548 B.
1536 3496 1651 3549 Cat.
1692 3495 1791 3561 513
1826 3495 2095 3548 Drakenb.
2132 3493 2198 3548 ad
2228 3495 2349 3548 Liv.
2370 3492 2474 3563 111,

1442 3575 1510 3628 51
1528 3615 1543 3643 ,
1570 3575 1667 3628 uhi
1690 3573 1899 3629 videbis
1924 3574 2163 3646 exempla
2194 3575 2249 3626 in
2278 3574 2474 3647 quibus

1435 3657 1621 3718 activa}
1643 3668 1696 3708 et
1712 3655 1931 3728 passivae
1950 3656 2135 3707 formae
2152 3655 2470 3726 junguntur.

1522 3737 1573 3789 5.
1606 3734 2055 3788 Circumscribendis
2078 3733 2280 3785 tribunis
2299 3735 2470 3804 plebis.

1439 3815 1835 3868 Circumscribere
1855 3814 2094 3875 tribunos,
2118 3814 2222 3868 hoc
2251 3815 2372 3866 loco
2398 3815 2470 3868 si-

1433 3896 1681 3966 gnificat,
1712 3913 1800 3947 eos
1832 3914 1862 3948 a
1896 3895 2015 3959 foro
2045 3907 2101 3947 et
2131 3895 2279 3947 curia
2322 3914 2469 3948 amo·

1433 3993 1587 4041 vere,
1610 3972 1757 4045 quod
1780 3974 1955 4047 reipsa
1972 3973 2181 4029 accidit.
2198 4007 2279 4018 ---
2295 3973 2467 4046 Expe-

1436 4059 1528 4108 rita
1568 4055 1825 4128 colloquia.
1866 4056 1971 4109 Per
2004 4057 2068 4109 L.
2111 4054 2241 4108 Caes.
2278 4068 2331 4109 et
2366 4055 2463 4109 Cn.

1431 4135 1675 4216 Magium
1691 4174 1708 4206 ,
1734 4147 1797 4190 ut
1818 4155 1979 4208 supra
2003 4133 2253 4190 vidimus.

2006 4202 2092 4304 4.
