3025 5025
872 512 950 579 C.
1006 508 1292 577 JULII
1349 505 1820 576 CAESARIS
1876 505 2431 577 COMMENT.

563 645 866 712 deantur.
897 642 1161 731 Quibus
1199 639 1607 712 confirmatis
1644 639 1875 726 rebu5‚
1909 663 1977 707 se
2015 640 2249 728 statim=
2272 640 2460 736 signa
2494 654 2712 708 trans·

564 750 816 820 laturos
842 779 878 816 n
915 748 1349 834 confirmant;
1386 745 1770 842 legatosque
1800 744 1885 814 de
1921 769 2085 840 pace
2120 748 2493 841 primorum
2522 745 2711 816 ordi-

565 884 730 928 num
775 855 1232 926 centuriones⁷
1272 855 1358 922 ad
1394 857 1727 923 Caesarem
1761 853 2052 922 mittunt.
2090 854 2367 922 Interim
2409 851 2519 922 alii
2558 878 2716 922 suos

567 967 634 1033 in
679 978 929 1048 castra,
971 961 1298 1031 invitandi
1338 985 1538 1031 causa
1552 947 1599 1050 ⁸,
1638 959 2020 1049 adducunt3
2059 957 2167 1028 alii
2208 960 2293 1028 ab
2330 959 2465 1030 suis
2502 960 2714 1030 addu-

567 1086 848 1159 cuntur,
881 1068 1050 1138 adeo
1077 1082 1154 1137 ut
1187 1093 1322 1136 una
1345 1081 1564 1136 castra
1596 1068 1736 1161 jam
1779 1066 1954 1136 facta
1980 1091 2063 1135 ex
2091 1065 2261 1135 binis
2289 1067 2714 1135 viderentur:

567 1175 1078 1273 compluresque
1105 1176 1358 1243 tribuni
1390 1172 1677 1244 militum
1713 1189 1780 1242 et
1816 1174 2238 1245 centuriones
2267 1174 2353 1242 ad
2379 1176 2716 1242 Caesarem

566 1286 874 1372 veniunt,
908 1307 1110 1376 seque
1137 1283 1196 1350 ei
1223 1280 1718 1351 commendant.
1742 1283 1891 1350 Hoc
1922 1280 2097 1348 idem
2124 1279 2202 1349 fit
2228 1305 2267 1348 a
2301 1279 2715 1378 principibus

567 1392 941 1486 Hispaniae,
977 1413 1162 1483 quos*
1184 1386 1284 1456 illi·
1318 1403 1795 1476 evocaverant,
1836 1402 1903 1456 et
1946 1411 2171 1456 secum
2210 1389 2279 1455 in
2320 1388 2553 1457 castris
2593 1387 2715 1456 ha-

567 1498 817 1566 bebant
859 1495 1169 1565 obsidum
1212 1493 1392 1564 loco:
1419 1497 1496 1564 .Ii
1549 1521 1703 1564 suos
1748 1509 1941 1564 notos
1984 1494 2409 1588 hospitesque
2452 1517 2716 1588 quaere-

567 1605 766 1693 bant,
813 1628 934 1698 per
985 1627 1185 1696 quem
1234 1603 1511 1697 quisque
1555 1623 1789 1671 eorum
1832 1601 2085 1670 aditum
2118 1600 2720 1672 commendationis

568 1711 848 1778 haberet
870 1709 953 1777 ad
983 1713 1333 1778 Caesarem.
1363 1708 1619 1777 Afranii
1649 1710 1848 1778 etiam
1876 1707 2052 1777 filius
2080 1705 2461 1777 adolescens
2488 1706 2571 1775 de
2598 1730 2721 1776 sua

569 1841 647 1887 ac
675 1817 970 1913 parentis
996 1816 1093 1911 sui
1130 1814 1339 1886 salute
1369 1841 1525 1884 cum
1554 1818 1818 1886 Caesare
1841 1840 1961 1912 per
1995 1813 2398 1914 Sulpicium⁹
2420 1813 2720 1908 legatum

580 536 720 582 102

569 2029 758 2098 culpa.
797 2025 943 2080 Alibi
975 2025 1205 2091 dicitur,
1236 2027 1472 2078 maculam
1499 2032 1602 2078 sce-'-
1682 2031 1844 2097 pie-ius
1865 2026 2054 2098 priscis
2077 2025 2281 2092 latinis,
2309 2045 2339 2079 a
2362 2046 2492 2078 suem
2512 2030 2719 2098 spicere,

559 2109 682 2160 lents-
704 2111 756 2159 in
774 2127 826 2158 so
847 2109 1104 2177 concipere.
1124 2107 1201 2158 Μ.
1690 2105 1840 2178 quod
1874 2118 1952 2159 est
1966 2146 1983 2171 ‚
2022 2109 2220 2172 intueri,
2252 2101 2365 2160 'fuit
2406 2107 2721 2180 appellatus.

653 2207 707 2257 7.
738 2188 1014 2239 primorum
1044 2187 1264 2239 ordinum
1283 2190 1599 2238 centuriones.
1689 2185 1777 2240 Ad
1806 2183 1865 2240 id
1902 2185 2097 2250 alludit
2130 2187 2399 2242 numisma
2424 2187 2487 2241 C.
2514 2187 2728 2258 Suffpwii

569 2268 691 2320 scil.
734 2266 1104 2320 centurionem
1147 2266 1441 2337 primipili,
1487 2267 1602 2338 pri-

569 2365 720 2400 mum
732 2346 1050 2418 principem,
1062 2346 1300 2418 primum
1313 2345 1579 2404 hastatum
1589 2384 1606 2413 ,

569 2440 699 2492 εἴας
719 2426 922 2490 cosor,
940 2425 1008 2479 de
1026 2429 1087 2479 B.
1113 2426 1181 2478 G.
1197 2427 1322 2492 ,litu
1343 2445 1402 2488 v,
1419 2445 1467 2478 e.
1494 2433 1601 2490 44:

578 2534 602 2557 ι
637 2509 808 2561 Erant
863 2506 922 2560 in
969 2526 1030 2561 ea
1074 2506 1283 2577 legione
1327 2506 1605 2560 fortissimi

569 2588 700 2653 viri,
731 2588 1069 2641 centuriones
1086 2626 1103 2651 ,
1143 2587 1237 2657 qui
1263 2588 1374 2658 jam
1411 2587 1603 2658 primis

569 2667 851 2721 ordinibus
877 2668 1385 2739 appropinquarent.
1410 2692 1434 2714 ι

654 2752 707 2803 8.
742 2748 866 2800 Suos
915 2747 1154 2801 manandi
1199 2766 1365 2799 causa.
1403 2747 1482 2799 Ut
1511 2764 1604 2802 eos

569 2828 800 2898 benigne
836 2826 1108 2898 amiceque
1137 2826 1466 2897 exciperent3
1497 2827 1606 2881 hoe

571 2907 718 2959 enim
760 2907 817 2957 in
851 2907 972 2959 loco
985 2944 1002 2971 ,
1044 2908 1136 2959 illa
1178 2918 1258 2959 est
1293 2906 1442 2959 vocis
1477 2910 1603 2960 invi·

573 2984 715 3037 tandi
747 2997 994 3057 potestas.
1042 2984 1186 3038 Vide
1229 3004 1350 3057 quae
1389 2986 1606 3057 collegit

569 3066 750 3118 Joann.
795 3064 982 3134 Georg.
1029 3064 1255 3119 Groeoius
1294 3064 1362 3118 nd
1399 3065 1605 3119 sustini

567 3146 664 3197 lib.
693 3164 744 3211 1,
774 3159 890 3216 cap.
913 3149 968 3198 6.
1001 3147 1135 3198 Dm.
1163 3176 1246 3189 —-·
1270 3146 1387 3199 Alia·
1413 3146 1479 3196 ab·
1505 3150 1605 3198 suis

573 3225 894 3277 adducuntur.
925 3225 1035 3277 Alta·
1061 3220 1387 3287 (Casan-iani
1408 3222 1428 3286 )
1454 3226 1607 3279 Afra·

570 3305 760 3357 nianos
787 3303 1052 3357 invitandi
1069 3322 1224 3357 causa
1244 3303 1599 3363 adduxerant,

571 3398 627 3438 et
659 3384 894 3438 vicissim
925 3384 1015 3437 alia·
1047 3380 1399 3449 (Afraniani)
1426 3386 1605 3439 Casa·

573 3466 754 3519 rienes
777 3463 1066 3523 adducunt.

655 3564 708 3615 9.
734 3546 836 3597 Pet·
847 3546 1110 3617 Sulpicium
1135 3546 1362 3615 legatum.
1381 3546 1428 3597 E
1449 3539 1606 3617 gente

571 3626 834 3697 Sulpicia,
867 3625 1196 3682 nobilissima
1222 3638 1276 3677 et
1305 3620 1607 3697 entiquissi-

571 3724 676 3763 me.
713 3707 924 3778 Duplex
955 3706 1116 3761 fuisse
1154 3704 1398 3771 videtur,
1445 3720 1606 3777 atque

573 3787 735 3843 etiam
766 3787 960 3858 triplex
976 3825 992 3855 ,
1024 3787 1137 3839 scil.
1153 3825 1172 3853 ‚
1201 3787 1423 3858 patricia
1439 3824 1456 3851 ‚
1487 3788 1604 3857 ple·

571 3866 692 3918 beia
721 3880 776 3919 et
805 3868 1078 3937 equestris.
1113 3868 1243 3941 Ejus
1273 3886 1470 3922 nomen
1507 3865 1605 3919 de-

571 3946 711 3998 rivat
739 3946 962 4016 Pighius
981 3948 1046 3998 ab
1066 3951 1249 4000 AEneae
1263 3948 1484 4009 mite,
1509 3947 1605 4018 qui

569 4027 778 4096 primus
819 4044 1038 4097 pomam
1090 4028 1236 4080 illem
1279 4046 1344 4079 ex
1387 4028 1605 4080 oraculo

569 4096 844 4177 quaesitam
860 4145 874 4171 ,
901 4108 1000 4159 sub
1023 4107 1142 4160 ilice
1156 4144 1174 4173 ‚
1193 4108 1252 4159 in
1273 4109 1446 4177 sylva,
1467 4126 1605 4178 prn-

572 4198 823 4257 gnantem
841 4188 1142 4259 conspexit,
1166 4199 1324 4259 etque
1341 4185 1470 4239 inde
1487 4192 1609 4240 suis·

1696 2266 1902 2327 Galba,
1938 2267 2025 2322 vel
2062 2265 2228 2329 Galli,
2264 2277 2325 2320 ut
2348 2267 2598 2320 nonnulli
2624 2287 2723 2320 vo-

1687 2347 1834 2410 lunt,
1861 2346 2007 2417 quod
2034 2347 2262 2418 explicat
2290 2341 2550 2409 Vaillant(
2565 2366 2723 2399 num.

1690 2437 1797 2478 ant.
1816 2427 1982 2480 famil.
2003 2445 2167 2493 rom„
2192 2439 2231 2479 t.
2253 2445 2325 2492 11,
2352 2445 2406 2498 p.
2440 2427 2553 2491 445
2569 2423 2610 2490 ).
2638 2429 2723 2480 Ita

1687 2506 1997 2562 inscribitur
2024 2525 2039 2561 ε
2069 2508 2136 2560 D.
2182 2507 2244 2561 P.
2288 2507 2350 2559 P.
2376 2501 2399 2569 (
2426 2508 2500 2559 dia·
2519 2520 2727 2579 penates

1681 2590 1838 2659 patrii
1866 2582 1924 2654 );
1966 2587 2140 2657 capita
2181 2588 2463 2643 Penatium
2504 2590 2686 2659 juga-ta
2704 2626 2724 2655 ,

1688 2667 1901 2719 coronis
1938 2679 2126 2723 ornata
2158 2684 2173 2720 ε
2212 2686 2277 2720 ex
2320 2667 2485 2721 altera
2534 2680 2690 2739 parte
2707 2706 2724 2733 ‚

1690 2747 1755 2801 C.
1776 2746 2019 2800 Suuxct.
2044 2746 2106 2801 C.
2130 2748 2191 2800 F.
2207 2748 2277 2813 Q.
2298 2742 2571 2820 (quaestor)
2590 2767 2604 2801 ε
2622 2749 2724 2801 Pe-

1688 2839 1837 2880 nates
1880 2839 2018 2879 stent
2032 2862 2050 2889 ‚
2100 2825 2168 2881 ad
2208 2846 2440 2899 quorum
2478 2826 2724 2881 dextram

1684 2908 1821 2978 pila,
1870 2905 1938 2961 ad
1982 2906 2251 2960 sinistram
2306 2908 2495 2973 hastae3
2545 2907 2724 2961 media

1685 2987 1824 3062 jacet
1844 3006 1935 3039 sus
1956 3004 2080 3039 oum
2096 2988 2361 3059 porcellis.
2388 2989 2726 3060 Cognomina

1690 3066 1838 3122 veria
1890 3067 2015 3119 tulit
2071 3086 2200 3138 gens
2254 3068 2515 3140 Sulpicia,
2572 3071 2726 3139 cnjus

1688 3146 2021 3218 praecipuum
2078 3148 2137 3199 in
2194 3148 2430 3201 nummis
2488 3148 2688 3217 legitur
2708 3186 2726 3214 ‚

1696 3226 1885 3289 Galba,
1918 3224 2065 3298 quod
2092 3245 2291 3280 nomen
2318 3226 2521 3281 indicat
2546 3227 2727 3283 homi·

1690 3326 1817 3360 nem
1860 3308 2099 3360 obesum.
2154 3308 2261 3361 Alii
2302 3320 2491 3361 contra
2532 3308 2727 3361 volunt

1690 3386 1885 3441 Galbae
1920 3387 2212 3453 nominari,
2244 3386 2393 3459 quod
2423 3400 2534 3441 tam
2566 3388 2729 3441 exiles

1692 3479 1889 3535 essent,
1922 3486 2084 3538 quam
2114 3468 2360 3521 animalia
2392 3486 2511 3539 quae
2540 3467 2601 3519 in
2632 3486 2729 3520 as·-

1688 3548 1823 3601 culis
1894 3560 2187 3601 nascuntur
2212 3586 2228 3613 ,
2286 3548 2729 3619 appellanturque

1696 3627 1890 3681 Galboe.
1908 3626 2013 3679 Alii
2033 3638 2211 3680 autem
2236 3646 2266 3680 a
2285 3629 2461 3699 galbeo
2474 3666 2487 3687 ,
2512 3627 2625 3681 avis
2644 3647 2733 3681 eo-

1691 3706 1807 3761 lore
1828 3726 1841 3760 :
1870 3708 2136 3761 incertum
2158 3720 2255 3761 est.
2273 3708 2392 3760 Alia
2408 3708 2732 3780 cognomina

1692 3799 1817 3840 sunt
1839 3788 2116 3850 Maximus,
2143 3806 2173 3840 a
2202 3789 2549 3843 celeberrimo
2571 3788 2733 3859 hujus

1686 3868 1861 3939 'gentis
1878 3906 1896 3934 ‚
1917 3868 2011 3940 qui
2040 3887 2106 3921 ex
2138 3880 2428 3941 quaestura,
2461 3888 2545 3922 an.
2582 3869 2697 3922 536
2714 3905 2732 3933 ‚

1692 3948 1905 4001 transiit
1946 3946 2012 4001 ad
2046 3949 2379 4003 consulatum
2416 3947 2437 4010 (
2468 3950 2583 4003 sine
2608 3946 2734 4001 ndi·

1654 4084 1657 4087 ,
1692 4028 1841 4081 litate
1882 4042 1937 4083 et
1972 4041 2204 4099 praeturn
2218 4067 2234 4095 ,
2280 4026 2428 4100 qnod
2467 4048 2593 4081 raro
2638 4027 2732 4080 ad-

1692 4108 1918 4161 modum
1962 4110 2066 4162 fuit
2090 4106 2153 4178 );
2198 4128 2283 4161 an.
2342 4109 2483 4175 542,
2521 4126 2734 4181 procos.

1694 4189 1834 4254 fuit3
1879 4186 2077 4243 deinde
2110 4188 2340 4243 dictator
2387 4190 2737 4243 comitiorum
