3025 5025
896 494 972 560 C.
1030 489 1316 558 JULII
1382 487 1849 558 CAESARIS
1903 485 2461 560 COMMENT.

601 623 916 693 auxilium
960 623 1135 692 ferre
1178 647 1318 691 non
1354 636 1611 716 posset,
1654 645 1868 690 causae
1905 620 2104 690 fuisse
2141 622 2548 716 cogitabant.
2596 623 2756 691 Non

599 731 686 799 ad
720 731 863 799 haec
900 729 1263 815 addebant,
1286 753 1426 798 non
1462 753 1543 796 ex
1574 752 1903 796 concursu
1945 730 2082 796 acri
2113 728 2324 811 facto,
2347 754 2486 796 non
2525 715 2756 822 praelio

600 837 985 906 dimicatum
1001 889 1020 923 ‚
1040 836 1293 928 sibique
1319 837 1497 928 ipsos
1522 832 1945 902 multitudine
1973 849 2172 928 atque
2193 836 2514 928 angustiis
2541 835 2758 926 majus

598 941 894 1011 attulisse
948 941 1419 1010 detrimentum
1444 995 1462 1028 ,
1505 939 1724 1033 quam'
1744 940 1828 1006 ab
1868 940 2062 1008 hoste
2117 943 2549 1035 accepissent.
2601 943 2758 1008 Non

599 1050 883 1142 denique
918 1071 1308 1118 communes
1348 1046 1507 1116 belli
1549 1070 1739 1115 casus
1777 1045 2332 1132 recordabantur,
2361 1071 2574 1139 quam
2605 1071 2755 1140 par·

599 1154 771 1224 vulae
803 1179 975 1249 saepe
1014 1178 1227 1223 causae
1256 1151 1363 1220 vel
1393 1151 1574 1221 falsae
1611 1153 2037 1247 suspicioniS‚
2063 1152 2171 1220 vel
2202 1155 2476 1221 terroris
2515 1178 2754 1247 repen·

598 1263 749 1349 tini,
786 1259 891 1328 vel
924 1260 1201 1353 objectae
1234 1258 1571 1352 religionis
1592 1312 1610 1346 ‚
1637 1283 1880 1352 magna
1913 1258 2311 1328 detrimenta
2341 1258 2753 1342 intulissent3

598 1370 859 1462 quoties
884 1366 992 1436 vel
1019 1365 1217 1462 culpa
1245 1363 1490 1453 ducis²,
1512 1363 1620 1432 vel
1650 1364 1899 1432 tribuni
1927 1366 2120 1451 vitio,
2155 1367 2225 1432 in
2252 1367 2554 1434 exercitu
2585 1380 2757 1434 esset

598 1473 932 1544 offensum
962 1499 977 1542 :
1009 1473 1159 1560 sed,
1188 1470 1469 1565 proinde
1510 1495 1591 1538 ac
1631 1473 1688 1540 si
1722 1471 1970 1540 virtute
1999 1473 2344 1555 vicissent,
2371 1496 2596 1565 neque
2621 1470 2758 1539 ulla

601 1581 1036 1650 commutatio
1080 1603 1307 1647 rerum
1351 1592 1578 1672 posset
1613 1577 1948 1663 accidere,
1990 1601 2112 1672 per
2147 1578 2378 1646 orbem
2419 1593 2758 1646 terrarum

602 1687 781 1755 fama
818 1710 895 1754 ac
937 1684 1141 1754 literis
1181 1686 1532 1754 victoriam
1571 1685 1710 1777 ejus
1747 1683 1876 1751 diei
1923 1683 2504 1752 concelebrabant.

708 1794 1028 1860 LXXIII.
1102 1794 1325 1860 Caesar
1345 1845 1363 1878 ,
1420 1791 1504 1858 ah
1550 1789 1999 1884 superioribus
2037 1789 2324 1859 consiliis
2367 1789 2696 1884 depulsus
2715 1789 2759 1878 ¹,

610 495 759 562 280

604 1923 874 1966 omnem
932 1897 1057 1965 sihi
1118 1895 1662 1966 commutandam
1727 1895 1882 1964 belli
1943 1897 2268 1966 rationem
2333 1897 2759 1966 existimavit.
2851 1889 2860 1902 ’

601 2007 873 2097 Itaque,
910 2027 1046 2070 uno
1088 2016 1390 2096 tempore
1434 2003 1752 2096 praesidiis
1789 2002 2100 2072 omnibus
2141 2002 2482 2090 deductis,
2522 2018 2594 2073 et
2632 2029 2757 2098 op-

604 2236 697 2276 tur
734 2201 803 2274 aa
846 2222 1156 2274 exercitum,
1198 2222 1463 2289 Caeterum
1490 2219 1632 2273 hanc
1727 2249 1871 2262 ......
1881 2221 2135 2276 Quandoque
2155 2223 2289 2262 bonus
2311 2223 2504 2262 ‹lox-mitat
2521 2223 2738 2264 Homerus.

603 2321 815 2356 causam
857 2321 888 2353 a
925 2301 1129 2354 Coesare
1167 2300 1374 2353 allatam
1411 2299 1462 2353 ei
1497 2299 1633 2352 vitio
1721 2301 1803 2354 Ne
1827 2314 2033 2368 tamen,
2052 2302 2222 2354 lector
2239 2303 2466 2373 optime,
2491 2304 2758 2356 existimes

602 2380 917 2435 vertendam
949 2380 1293 2452 probavimus
1307 2418 1323 2444 ,
1360 2397 1475 2450 cap.
1523 2397 1598 2449 7⁰
1615 2415 1633 2444 ‚

603 2475 718 2517 not.
754 2468 806 2526 4.
830 2461 929 2515 His
954 2459 1093 2513 adde
1114 2463 1371 2532 majorem
1392 2460 1632 2531 culpam,

605 2562 767 2613 quam
790 2561 950 2613 supra
966 2544 1076 2613 jam
1098 2542 1288 2612 saepius
1300 2541 1633 2605 notavimus,

604 2622 673 2675 de
698 2620 1169 2675 circumveniendo
1188 2620 1371 2673 hostili
1398 2620 1636 2673 exercitu

604 2702 809 2755 viribus
850 2702 1154 2772 superiore,
1194 2700 1475 2752 maritimae
1528 2718 1635 2752 orae

604 2780 943 2846 dominante,
966 2780 1261 2851 disciplinae
1290 2797 1525 2831 romanae
1554 2798 1635 2831 as·

604 2874 757 2913 sueto
776 2898 795 2925 ‚
819 2871 873 2913 et
904 2859 1153 2911 omnibus
1198 2850 1362 2912 rebus
1406 2877 1526 2931 quae
1567 2858 1634 2910 ad

603 2940 893 2992 militarem
919 2951 1088 2991 artem
1115 2934 1355 3010 spectant
1371 2976 1386 3003 ,
1410 2940 1637 2992 instruc-

606 3032 695 3084 to;
739 3032 795 3072 et
836 3012 1182 3071 temerarium
1230 3019 1391 3071 fuisse
1443 3017 1636 3071 ducem

604 3099 730 3152 satis
766 3098 1122 3151 intellexeris:
1150 3117 1326 3169 neque
1366 3099 1510 3151 enim
1529 3138 1545 3164 ,
1575 3110 1636 3150 ut

600 3182 710 3250 jam
754 3177 987 3230 diximus
1008 3216 1024 3243 ‚
1060 3190 1181 3230 ante
1235 3178 1466 3231 Alesiam
1521 3168 1638 3230 erat

604 3260 906 3323 Caesar,nec
924 3254 1417 3329 Vercingetorigem
1434 3269 1489 3309 et
1505 3258 1634 3311 Gal-

602 3340 684 3391 los
713 3340 890 3391 hostes
925 3338 1182 3401 habebat,
1208 3335 1301 3389 sed
1334 3332 1602 3390 Romanos
1619 3378 1634 3406 ,

603 3431 657 3471 et
687 3416 1005 3489 Pompeium
1028 3415 1237 3469 ducem.
1496 3414 1501 3419 ’

604 3510 611 3519 “
689 3519 741 3551 2.
796 3498 999 3567 Quoties
1042 3498 1130 3547 vel
1176 3496 1319 3565 culpa
1370 3497 1520 3548 ducis·
1565 3498 1635 3549 Et

602 3590 776 3644 recte,
810 3579 953 3647 culpa
984 3577 1136 3628 ducis.
1184 3572 1325 3628 Nam
1369 3588 1512 3630 totus
1554 3577 1635 3629 rei

604 3656 765 3711 cardo
798 3657 856 3709 in
890 3658 1152 3710 Caesarem
1178 3657 1356 3726 ipsum
1386 3656 1632 3721 vertitur,

601 3757 703 3790 nec
745 3738 905 3801 alius,
937 3738 1042 3789 hoc
1082 3738 1234 3801 loc0,
1266 3754 1367 3788 nec
1416 3736 1634 3788 fortuna

602 3816 819 3887 quidem
840 3814 1125 3887 arguenda.
1148 3815 1309 3882 Quod
1333 3813 1635 3868 mirum'vi'-

602 3894 719 3949 deri
744 3894 905 3949 debet
926 3897 983 3947 in
1003 3895 1438 3967 praestantissimo
1467 3896 1632 3949 totius

602 3970 933 4046 antiquitatis
959 3976 1283 4046 imperatore
1314 3993 1329 4028 ε
1361 3988 1414 4028 at
1440 3972 1634 4047 quidni

603 4054 671 4107 de
712 4056 917 4107 Caesare
958 4073 1068 4107 non
1114 4054 1439 4121 diceremus,
1482 4054 1632 4126 quod

604 4133 673 4188 de
696 4134 931 4187 Homero
955 4134 1235 4200 Horatius,
1254 4134 1371 4207 Art.
1395 4135 1543 4188 Poet.
1572 4152 1586 4186 :

1719 2382 1905 2443 velim,
1939 2401 2026 2433 me
2041 2421 2058 2447 ,
2082 2383 2174 2452 qui
2201 2383 2292 2434 vix
2309 2382 2366 2432 in
2395 2395 2512 2434 arte
2535 2382 2758 2436 militari

1720 2462 2030 2516 tirocinium
2079 2474 2483 2533 praetergressus
2524 2463 2627 2515 sim
2642 2502 2658 2530 ‚
2701 2464 2757 2515 in

1721 2560 1862 2595 meas
1883 2554 2060 2613 partes
2079 2543 2394 2613 suscepisse,
2414 2555 2477 2595 ut
2502 2545 2636 2595 tanti
2665 2544 2758 2595 du·

1721 2623 1797 2674 cis
1819 2622 2072 2693 peritiam
2089 2621 2561 2693 reprehenderem.
2583 2624 2759 2676 Habes

1720 2702 1804 2755 his
1822 2702 1880 2753 in
1901 2702 2044 2755 notis
2059 2742 2074 2768 ,
2098 2702 2278 2754 omnia
2301 2720 2420 2772 quae
2439 2720 2470 2753 a
2493 2704 2759 2775 magistris

1721 2782 1778 2835 in
1825 2793 1936 2833 arte
1979 2781 2194 2847 bellica,
2225 2782 2335 2834 huc
2382 2800 2555 2853 usque
2603 2783 2758 2836 nobis

1720 2880 1818 2932 per
1845 2872 1928 2914 tot
1946 2862 2132 2915 saecula
2151 2860 2346 2914 tradita
2366 2862 2592 2935 fuerunt
2610 2882 2623 2916 :
2640 2882 2757 2934 quae

1721 2940 2040 2994 documenta
2082 2942 2139 2993 in
2201 2942 2490 2994 utilitatem
2548 2956 2756 2995 vertere

1722 3022 2016 3074 etiamnum
2046 3040 2328 3091 possumus
2344 3058 2360 3085 ,
2398 3023 2498 3073 etsi
2544 3022 2758 3075 diverso

1722 3102 1849 3153 belli
1877 3098 2097 3171 gerendi
2122 3100 2285 3153 modo
2314 3113 2548 3155 utamur.
2579 3104 2758 3169 Quare

1724 3178 1791 3233 de
1811 3180 1894 3233 his
1915 3200 2068 3252 capp.
2101 3182 2172 3233 63
2203 3212 2272 3225 ---
2293 3200 2363 3250 7²
2381 3220 2396 3246 ‚
2417 3181 2568 3233 aliud
2594 3182 2760 3235 Hora-

1725 3262 1933 3313 tianum
1959 3262 2016 3313 in
2039 3261 2354 3313 memoriam
2377 3262 2622 3313 tironum
2643 3282 2760 3315 nos-

1727 3352 1937 3393 trorum
1963 3341 2225 3393 revocabo
2253 3358 2268 3393 z

1894 3454 1906 3465 .
1923 3453 1933 3463 .
1949 3456 1958 3465 .
1977 3452 1988 3465 0
2003 3456 2012 3465 .
2041 3428 2122 3465 Vos
2140 3426 2374 3479 exemplaria
2395 3426 2551 3467 (hunis
2562 3456 2575 3474 ,

1778 3497 1982 3537 Nocturna
1999 3506 2154 3536 versate
2175 3510 2294 3535 manu
2306 3524 2316 3543 ‚
2334 3506 2489 3537 versate
2511 3498 2670 3537 diurn..

1723 3611 1804 3621 --
1822 3579 1980 3631 Fama
2003 3598 2061 3628 ac
2085 3578 2238 3629 literis
2260 3576 2648 3633 victoriamjDe
2679 3580 2755 3649 ef-

1722 3659 1838 3710 fusa
1864 3658 2109 3729 Pompeii
2133 3657 2393 3723 vanitate,
2416 3678 2587 3729 pauca
2617 3656 2756 3731 apud

1722 3738 1976 3809 Appiam,
2005 3736 2102 3789 lib.
2138 3756 2185 3789 11
2201 3776 2218 3802 ,
2248 3738 2320 3791 63
2342 3756 2370 3803 ς·
2386 3750 2440 3791 et
2465 3738 2752 3803 Plutarch„

1722 3818 1934 3887 Pomp„
1963 3834 2078 3887 cap.
2117 3820 2212 3870 66.

1803 3897 1934 3950 CAP.
1975 3897 2231 3949 LXXIII.
2267 3915 2290 3947 1
2304 3936 2316 3948 .
2354 3896 2529 3949 Coesar
2557 3918 2590 3949 a
2615 3918 2752 3968 supe-

1723 3976 1929 4028 rior-ibus
1953 3976 2165 4027 consiliis
2186 3976 2424 4045 depulsus.
2448 3978 2516 4029 In
2535 3978 2754 4030 consilio

1723 4056 1981 4121 hahebat,
2013 4074 2082 4107 ne
2113 4053 2358 4127 pabulari
2388 4070 2568 4128 posset
2588 4056 2752 4110 hosti-

1720 4136 1790 4189 lis
1821 4136 2098 4189 exercitus.
