3025 5025
629 482 773 570 542
1419 486 1559 553 DE
1614 484 1959 553 BELLO

621 616 817 711 pauci
856 617 924 683 in
961 618 1245 685 statione
1277 616 1555 685 fuissent
1590 642 1629 685 a
1668 617 1977 712 pluribus
2024 617 2318 709 reperti,
2356 615 2442 683 de
2496 616 2771 684 statione

623 737 780 792 sunt
822 722 1090 817 dejecti,
1131 738 1200 791 et
1245 724 1447 792 occisi
1481 737 1634 791 tres.
1682 726 1785 791 Eo
1830 722 1939 791 die
1971 724 2071 791 A..
2093 722 2413 817 Valgius,
2456 724 2773 791 senatoris

624 828 838 917 filius,
889 830 1078 923 cujus
1135 830 1339 899 frater
1385 832 1454 897 in
1513 830 1745 899 castris
1798 830 2096 923 Pompeii
2141 829 2773 915 fuisset‚o1n1·1ibus

627 938 760 1005 suis
787 936 986 1005 rebus
1029 934 1270 1005 relictis
1287 960 1582 1029 ,equum
1614 935 2033 1019 conscendit,
2052 950 2119 1003 et
2152 934 2341 1030 fugit.
2380 934 2774 1029 speculator

623 1042 706 1111 de
743 1042 1004 1136 legione
1037 1042 1328 1112 secunda
1371 1045 1778 1137 Pompeiana
1812 1056 2045 1136 captus
2082 1066 2119 1109 a
2158 1041 2509 1130 militibus,
2556 1056 2627 1110 et
2668 1043 2775 1109 in-

624 1148 944 1218 terfectus
965 1165 1098 1219 est:
1121 1149 1428 1244 idemque
1453 1151 1773 1243 temporis
1803 1147 2021 1244 glans'
2054 1150 2252 1217 missa
2278 1164 2407 1231 est,
2423 1150 2774 1243 inscripta,

635 1285 670 1320 <c
702 1281 836 1349 quo
856 1256 960 1324 die
989 1256 1072 1323 ad
1095 1256 1418 1352 oppidum
1453 1256 1851 1350 capiendum
1882 1255 2307 1343 accederent,
2333 1280 2475 1323 sese
2510 1269 2775 1323 scutum

623 1386 764 1433 esse
807 1364 1282 1457 positurum.»
1332 1365 1486 1451 Qua
1528 1387 1647 1457 spe
1690 1361 2032 1450 nonnulli,
2077 1361 2238 1431 dum
2294 1364 2434 1430 sine
2476 1359 2777 1493 periculo

625 1494 896 1537 murum
933 1469 1376 1557 adscendere,
1413 1485 1480 1539 et
1508 1470 1835 1565 oppidum
1869 1417 2069 1565 potiii
2106 1493 2301 1563 posse
2330 1494 2399 1537 se
2440 1453 2775 1563 sperant³,

622 1590 894 1669 postero
915 1574 1020 1644 die
1040 1576 1125 1644 ad
1149 1600 1418 1647 murum
1443 1602 1613 1672 opus
1632 1576 1905 1645 facerec
1891 1589 2246 1672 veperunt,
2264 1590 2333 1643 et
2346 1575 2779 1670 benemagna

625 1684 868 1776 prioris
895 1686 1070 1751 muri
1099 1708 1254 1777 pars
1282 1683 1541 1777 dejecta
1566 1675 1712 1752 est
1719 1735 1735 1750 .
1764 1684 1925 1770 Quo
1942 1683 2128 1751 facto
2158 1682 2241 1751 ab
2272 1674 2627 1777 oppidanis
2645 1736 2665 1769 ‚
2701 1706 2779 1750 ac

625 1790 676 1857 si
716 1813 983 1858 suarum
1021 1791 1310 1884 partium
1341 1806 1599 1878 essent,
1634 1777 2065 1878 conservati⁴,
2090 1790 2327 1859 missos
2365 1788 2582 1859 facere
2622 1787 2778 1857 lori-

624 1908 839 1980 catos,
881 1898 1125 1989 quique
1168 1896 1453 1990 praesidii
1491 1921 1691 1966 causa
1730 1898 2069 1992 praepositi
2105 1895 2353 1991 oppido
2384 1920 2422 1963 a
2455 1897 2777 1990 Pompeio

623 2016 876 2088 essent,
908 2002 1210 2070 orabant.
1243 2004 1505 2090 Quibus
1533 2003 1879 2123 respondit
1906 2005 2163 2090 Caesar,
2196 2032 2231 2067 α
2264 2026 2333 2071 se
2360 2001 2775 2070 conditiones

622 2106 818 2194 dare,
847 2134 984 2177 non
1023 2110 1330 2204 accipere
1352 2113 1865 2180 consuevisse.»
1902 2112 2040 2199 Qui
2071 2094 2313 2204 quum⁵
2350 2110 2419 2175 in
2444 2092 2773 2203 oppidum

624 2216 1084 2305 revertissent,
1121 2215 1330 2285 relato
1368 2242 1727 2313 responso,
1764 2216 2053 2287 clamore
2092 2212 2391 2303 sublato,
2429 2218 2615 2283 omni
2652 2240 2774 2309 ge-

623 2345 782 2393 nere
813 2320 1097 2391 telorum
1141 2325 1412 2411 emisso,
1449 2348 1750 2419 pugnare
1793 2348 1917 2418 pro
1954 2348 2149 2393 muro
2192 2336 2337 2391 toto
2380 2336 2772 2417 coeperunt:

622 2444 898 2525 propter
948 2430 1128 2524 quod
1176 2430 1321 2500 fere·
1361 2454 1605 2526 magna
1660 2454 1813 2526 pars
1848 2432 2197 2500 hominum
2217 2483 2237 2518 ,
2280 2430 2392 2524 qui
2432 2430 2502 2497 in
2538 2431 2773 2497 castris

622 2539 865 2606 nostris
911 2552 1166 2625 essent,
1203 2564 1340 2607 non
1387 2537 1819 2626 dubitarunt,
1864 2539 2024 2632 quin
2080 2538 2498 2632 eruptionem
2538 2561 2621 2605 eo
2664 2535 2772 2604 die

621 2657 842 2710 essent
871 2642 1130 2738 facturi.
1171 2647 1312 2732 Ita,
1347 2669 1607 2714 corona·
1634 2645 2076 2732 circumdata,
2117 2657 2487 2738 pugnatum
2521 2657 2621 2711 est
2652 2641 2773 2711 ali-

621 2749 938 2842 quamdiu
965 2751 1572 2839 vehementissime,
1604 2750 1929 2845 simulque
1954 2749 2212 2820 ballista
2236 2745 2435 2819 inissa
2462 2775 2501 2818 a
2528 2751 2775 2818 nostris

623 2870 878 2924 turrem
914 2856 1154 2949 dejecit
1184 2883 1200 2925 ε
1242 2883 1374 2951 qua
1409 2858 1981 2946 adversariorum,
2025 2859 2137 2951 qui
2174 2859 2242 2925 in
2280 2881 2357 2928 ea
2396 2871 2579 2925 turre
2622 2855 2767 2925 fue·-

707 3060 757 3092 2.
780 3039 955 3094 Glane.
961 3039 1090 3094 vid.
1101 3053 1216 3095 not.
1235 3040 1377 3095 adB
1395 3043 1465 3096 G.
1481 3062 1535 3108 v,
1552 3043 1648 3105 43.
1738 3041 2364 3113 Compfissimuslocus.
2394 3043 2477 3093 De
2494 3060 2604 3114 quo
2624 3041 2769 3094 enim

559 3111 860 3176 -Sese..
868 3125 1178 3191 ‚positurum
1196 3123 1248 3175 Is
1261 3141 1385 3194 ‚qm
1369 3120 1649 3214 glandem
1734 3123 1987 3194 loquatur
2006 3121 2589 3174 nescitur.Conse1-vati
2616 3121 2771 3192 oppi-

623 3200 987 3272 inscripserat,
1011 3201 1079 3254 de
1103 3221 1160 3254 se
1187 3221 1298 3255 uno
1323 3203 1647 3275 scripserat:
1735 3201 1862 3254 dani
1894 3203 2119 3255 orabant
2154 3203 2416 3254 Caesarem
2432 3241 2449 3266 ,
2473 3215 2532 3255 ut
2575 3202 2764 3255 missos

620 3292 801 3331 scutum
819 3299 1040 3352 ponam:
1063 3295 1379 3354 poteratque
1397 3301 1464 3335 ex
1489 3283 1649 3336 unius
1717 3271 1931 3336 ⁸faceret
1958 3283 2208 3335 loricatos
2222 3320 2237 3347 ‚
2254 3283 2405 3352 quasi
2438 3295 2491 3334 et
2512 3282 2616 3354 ipsi
2641 3300 2762 3334 suo-

619 3361 950 3431 professione
979 3365 1282 3434 conjectura
1313 3361 1382 3414 de
1411 3363 1648 3433 reliquo·
1732 3382 1854 3415 rum
1879 3374 2077 3428 essent,
2111 3374 2268 3432 atque
2285 3361 2417 3418 adeo
2449 3381 2764 3416 conservan-

619 3457 744 3491 rum
795 3442 1069 3495 voluntate
1117 3442 1278 3495 simili
1334 3442 1468 3494 fieri.
1524 3443 1649 3496 Non

618 3521 760 3572 male
787 3531 965 3574 tamen
995 3522 1178 3594 Lipsio
1198 3523 1398 3594 placuit
1423 3541 1437 3575 ε
1457 3526 1647 3592 positu·

619 3619 717 3655 ros.
745 3600 822 3653 Μ.
856 3602 1142 3673 Pei-peram
1183 3601 1342 3656 codd.
1379 3621 1564 3659 omnes
1595 3615 1649 3656 et

619 3681 791 3732 nostri
823 3681 1020 3734 habent
1045 3687 1330 3753 positurum.

704 3761 755 3813 3.
773 3759 995 3831 Sper-ant.
1029 3761 1161 3828 Alii,
1177 3775 1435 3834 sperarent.
1455 3793 1535 3804 —-
1548 3764 1647 3815 De·

611 3843 746 3909 jecta
763 3853 848 3894 est.
866 3842 1004 3906 Quia
1035 3843 1093 3894 in
1120 3843 1341 3915 reliquis
1359 3843 1520 3914 hujus
1537 3841 1645 3896 loci

619 3919 811 3973 modus
833 3923 912 3973 rei
941 3934 1096 3993 gestae
1114 3941 1226 3976 non
1249 3925 1372 3977 satis
1391 3935 1611 3996 apparet
1627 3964 1643 3988 ‚

619 3997 762 4052 haud
795 4000 958 4054 dubie
989 4003 1094 4055 hoc
1117 4003 1238 4056 loco
1266 4001 1468 4076 aliquid
1501 4003 1644 4056 exci-

617 4078 716 4132 dit.
734 4079 870 4132 Inde
891 4085 1164 4136 asteriscus
1197 4085 1258 4138 in
1279 4081 1366 4136 cd.
1388 4082 1640 4137 Oudend.

621 4159 696 4216 Μ.
719 4192 799 4202 --
816 4161 928 4230 Quo
947 4166 1090 4229 sacto
1101 4201 1117 4226 ‚
1148 4165 1211 4216 ab
1237 4165 1514 4234 oppidanis,
1538 4177 1639 4218 etc.

1733 3441 1808 3496 di.
1856 3442 2105 3514 Suspicor
2150 3443 2217 3494 ab
2254 3439 2538 3513 oppidanis
2580 3454 2763 3514 captos

1734 3541 1847 3576 esse
1874 3523 2163 3575 nonnullos
2178 3560 2195 3587 ‚
2223 3523 2417 3593 quibus
2442 3523 2597 3575 venia
2620 3519 2759 3575 data.

1732 3604 1920 3675 Itaque
1951 3602 2176 3655 orabant
2203 3601 2495 3667 Caesarem,
2512 3615 2572 3654 ut
2600 3601 2761 3656 vicis·

1732 3684 1833 3735 sim
1854 3684 2059 3755 aliquos
2080 3681 2375 3736 dimitteret
2406 3682 2757 3754 Pompeianos

1732 3782 1867 3837 quos
1890 3764 2005 3834 ipse
2033 3764 2091 3815 in
2113 3781 2207 3815 sua
2230 3763 2460 3815 habebat
2480 3774 2755 3833 potestate.

1734 3857 1741 3863 '
1817 3849 1869 3909 4.
1896 3843 2192 3896 conservati.
2228 3843 2389 3914 Capti
2426 3855 2479 3894 et
2510 3844 2576 3895 ab
2601 3843 2755 3915 oppi-

1732 3921 1885 3976 danis
1914 3923 2225 3976 conservati.

1818 4003 1868 4056 5.
1902 4004 2006 4070 Qui
2032 4023 2189 4076 quum.
2224 4001 2358 4068 Alii,
2386 4002 2491 4064 illi‚·
2516 4003 2691 4056 forsan
2722 4004 2763 4052 ii

1694 4137 1700 4140 .
1732 4103 1893 4155 quum.
1922 4083 2052 4136 Mox
2080 4083 2195 4149 alii,
2224 4085 2397 4133 mersi
2428 4095 2597 4135 essent.
2622 4079 2755 4135 eod.

1732 4164 1784 4218 N
1785 4173 1901 4218 orv.
1932 4182 1947 4216 ε
1979 4164 2155 4234 oppido
2196 4165 2523 4226 revertissent,
2574 4161 2757 4216 eodem
