3025 5025
674 465 813 536 DE
865 464 1212 534 BELLO
1269 465 1645 535 CIVILI.
1703 465 1893 534 LIB.
1949 466 2005 533 Ι.
2315 465 2402 536 81

266 597 390 666 niae
410 595 752 666 docuerat.
778 598 1038 666 Carinoe
1059 598 1350 694 primum
1367 621 1446 667 ac
1471 599 1829 668 statumina
1844 595 1868 622 ²
1894 623 1976 666 ex
1994 598 2123 666 levi
2145 602 2424 670 materia

265 702 557 806 fiebant:
589 703 918 798 reliquum
959 729 1203 799 corpus
1244 706 1555 792 navium,
1596 705 1951 774 viminibus
1994 719 2380 776 contextum
2401 759 2422 795 ,

265 811 468 880 coriis
521 810 960 906 integebatur.
1019 813 1158 881 Has
1217 811 1547 905 perfectas
1598 810 1805 880 carris
1852 811 2101 903 junctis
2154 813 2423 882 devehit

266 931 476 986 noctu
520 915 729 985 millia
759 942 1077 1011 passuum
1112 941 1153 986 a
1189 919 1420 987 castris
1451 902 1731 1006 XXII,
1774 915 2141 1013 militesque
2182 919 2287 990 his
2315 945 2424 988 na·

265 1023 469 1092 vibus
489 1023 744 1092 flumen
772 1037 1216 1119 transportat,
1241 1027 1825 1118 continentemque
1862 1025 2023 1119 ripae
2044 1024 2329 1095 collem
2308 1053 2425 1094 nn-

268 1132 546 1224 proviso
583 1145 887 1224 occupat.
921 1135 1121 1200 Hunc
1146 1131 1446 1200 celeriter
1463 1132 1890 1226 ‚priusquam
1918 1131 2003 1200 ab
2032 1132 2387 1202 adversm
2346 1157 2424 1202 ns

271 1239 598 1306 sentiatur
612 1288 632 1321 ,
669 1239 1060 1308 communit.
1109 1241 1262 1308 Huc
1315 1236 1643 1332 legionem
1697 1252 1929 1366 postea
1963 1225 2286 1332 trajicit¹¹3
2318 1254 2426 1309 at-

271 1367 401 1437 que
427 1369 513 1413 ex
545 1358 828 1439 utraque
850 1359 1042 1438 parte
1060 1359 1336 1439 pontem
1359 1345 1734 1414 institutum
1749 1329 2053 1438 ⁵perficit
2072 1343 2294 1412 biduo,
2321 1347 2428 1413 Ita

273 1453 666 1540 comitatuS,
701 1464 770 1519 et
798 1452 912 1544 qui
943 1450 1260 1520 frumenti
1290 1475 1488 1520 causa
1523 1465 2019 1545 processerant,
2054 1463 2199 1519 tuto
2244 1451 2327 1519 ad
2360 1476 2429 1520 se

275 1559 514 1652 recipit
527 1611 548 1645 ‚
584 1571 654 1628 et
687 1581 831 1626 rem
872 1555 1373 1628 frumentariam
1413 1556 1723 1651 expedire
1766 1558 2014 1651 incipit.

380 1665 530 1734 LV.
552 1662 810 1732 Eodem
833 1661 941 1732 die
961 1665 1256 1758 equitum
1279 1688 1592 1760 magnam
1614 1678 1874 1759 partem
1889 1663 2138 1732 flumen
2168 1663 2433 1756 transje-

280 1772 397 1859 cit;
410 1772 553 1866 qui,
567 1771 986 1865 inopinantes
1002 1769 1424 1866 pabulatores
1438 1784 1505 1838 et
1520 1772 1659 1838 sine
1678 1769 1815 1850 ullo
1828 1769 2175 1864 dissipatos
2194 1772 2433 1840 timore

282 1879 614 1974 aggressi,
661 1900 864 1970 quam
917 1876 1270 1970 magnum¹
1317 1901 1672 1946 numerum
1721 1877 2179 1970 jumentorum
2230 1891 2431 1970 atque

283 1981 634 2053 hominum
654 1983 1112 2078 intercipiunt;
1145 1982 1664 2077 cohortibusque
1696 1981 2111 2053 centuriatis²
2142 1984 2433 2055 subsidio

288 2203 573 2276 spirituali,
596 2203 694 2274 qui
721 2201 826 2268 ait,
845 2220 892 2256 c.
923 2205 996 2272 76
1024 2219 1039 2255 ε
1066 2204 1198 2255 Ecce
1228 2221 1318 2274 ego
1404 2213 1656 2275 quentem
1693 2205 1924 2272 perficit,
1970 2221 2089 2274 quae
2131 2221 2242 2256 non
2297 2204 2435 2256 bene

289 2285 488 2336 ascendo
517 2288 572 2334 in
593 2282 840 2336 carabum.
870 2283 1027 2336 Voss.
1403 2284 1639 2336 cohaeret
1661 2298 1785 2335 cum
1806 2280 2245 2354 praecedentibus.
2274 2282 2437 2336 Unde

370 2383 419 2418 ι.
451 2364 654 2418 Carinae
676 2365 887 2434 primam
927 2382 986 2413 ac
1015 2362 1276 2414 statumina
1299 2400 1316 2424 ,
1403 2360 1731 2427 Markland„
1756 2363 1830 2414 ait
1854 2363 2071 2427 Morus,
2090 2361 2433 2416 emendabat:

293 2457 375 2498 etc.
405 2444 513 2497 Alii
539 2443 742 2496 habent
767 2443 945 2494 carinoe
963 2446 1171 2514 primum
1195 2452 1320 2492 stra-
1397 2456 1593 2515 pontem
1634 2445 1868 2503 instituit,
1912 2445 2181 2494 institutum
2212 2444 2433 2513 per-jecit.

295 2529 409 2577 mitae
433 2546 495 2577 ac
524 2526 618 2575 levi
643 2526 873 2587 materia,
891 2535 980 2576 etc.
1014 2520 1176 2575 Unde
1203 2522 1318 2574 011-
1488 2524 1619 2575 CAP.
1646 2523 1765 2575 LV.
1801 2541 1848 2575 1.
1886 2523 2048 2591 Quam
2080 2540 2320 2591 magnum.
2354 2523 2437 2575 Ita

295 2604 552 2677 dendorp.
582 2603 720 2675 petit
739 2641 755 2668 ,
785 2622 850 2655 an
889 2603 1097 2673 possint
1125 2602 1320 2654 carinae
1403 2600 1564 2655 codd.
1606 2612 1794 2655 contra
1832 2619 1965 2672 quos
2010 2602 2149 2653 male
2190 2602 2438 2654 nonnulli

296 2684 405 2739 fieri
435 2705 502 2738 ex
525 2687 787 2745 stramine,
805 2700 924 2753 quae
953 2682 1148 2735 milites
1181 2682 1320 2735 ferre

298 2784 352 2818 ac
371 2766 650 2818 continere
669 2761 910 2816 valeant?
926 2763 1085 2821 Certe
1109 2773 1322 2832 praestat

295 2845 446 2899 lectio
485 2842 740 2899 codicum
777 2854 1087 2895 nostrorum
1126 2841 1322 2913 quibus

298 2926 652 2979 assentiuntur
681 2920 944 2975 editiones
968 2922 1322 2993 antiquiores,

299 3006 486 3059 Venet.
527 3004 708 3074 1517,
742 3004 957 3055 Vascos.
1011 3002 1194 3055 Carina
1210 3040 1226 3063 ,
1263 3000 1322 3055 id

221 3112 226 3117 ·
299 3098 370 3139 est
405 3082 556 3157 quod
587 3082 758 3135 nostri
788 3080 978 3135 dicunt
1003 3082 1053 3132 la
1083 3082 1230 3153 quiue
1256 3082 1323 3133 du

301 3170 484 3227 navit-e,
519 3177 572 3217 et
588 3166 877 3225 statumina,
902 3173 1026 3214 sunt
1047 3174 1204 3213 costae
1219 3200 1236 3227 ,
1255 3162 1324 3213 les

298 3264 570 3315 ’ναι-ακμα-
582 3265 604 3306 ‚·
648 3254 878 3313 utroque
926 3253 1134 3293 constat
1177 3240 1324 3312 quod

300 3326 465 3379 nostri
486 3324 760 3397 appellant
779 3323 836 3373 la
856 3340 1072 3373 cat-casse
1096 3321 1164 3372 du
1188 3326 1324 3373 ‘vais-

301 3426 425 3459 seau.
453 3404 564 3457 Has
595 3420 810 3479 quoque
835 3402 1051 3473 cymbas
1073 3399 1326 3455 describit

302 3486 560 3547 Lucanus,
574 3480 759 3535 Phars.
783 3481 820 3533 l.
846 3496 924 3544 lv,
945 3498 968 3533 1
983 3482 1084 3541 30,
1101 3494 1155 3533 et
1176 3499 1320 3553 seqq.

380 3567 431 3619 3.
448 3564 620 3617 Miltia
639 3580 868 3633 passuum
885 3582 918 3612 a
934 3563 1105 3612 castris
1128 3562 1321 3613 XXII.

303 3645 527 3699 Circiter
553 3644 590 3696 l.
623 3646 656 3697 6
689 3642 753 3695 fr.
777 3638 806 3705 {—
830 3658 1146 3713 unaquaque
1171 3641 1324 3695 2500

302 3724 484 3797 hexap.
515 3734 810 3777 constante.

381 3813 434 3869 4.
475 3805 703 3874 Trajicit.
730 3802 812 3853 Al.
841 3800 1071 3853 traduxit.

383 3886 434 3938 5.
463 3886 672 3937 Pontem
695 3885 980 3933 institutum.
1009 3877 1180 3934 Codd.
1202 3898 1326 3950 pars

308 3964 494 4032 altera,
526 3976 581 4017 et
611 3974 795 4015 noster
825 3962 1009 4031 5764,
1033 3972 1225 4031 pontem
1256 3962 1327 4009 in-

310 4049 492 4099 stituit:
520 4058 574 4099 at
605 4040 728 4099 cod.
763 4042 942 4111 5768,
963 4052 1154 4112 pontem
1186 4042 1324 4090 insti-

313 4136 473 4178 tutum.
503 4124 723 4179 Rectius
763 4133 985 4194 propter
1001 4138 1203 4177 ·vocem
1241 4138 1324 4173 se-

403 4238 502 4305 II.

1405 2692 1679 2753 reponunt
1696 2699 1857 2752 quam
1874 2684 2148 2733 maximum.
2164 2681 2325 2749 Quam
2340 2702 2437 2732 ma-

1405 2780 1557 2831 gnum
1602 2773 1724 2813 ante
1772 2759 2064 2831 positivum
2111 2761 2254 2814 valet
2292 2759 2439 2815 idem

1407 2843 1569 2912 atqu'e
1592 2858 1937 2912 permagnum,
1973 2840 2281 2894 maximum.

1494 2941 1547 2974 ι.
1570 2920 1947 2993 Cobet-libusque
1968 2926 2263 2975 centuriatis.
2286 2922 2438 2975 Hanc

1405 3001 1691 3055 lectionem
1721 3014 1909 3053 contra
1945 2999 2144 3053 Aldum
2159 3040 2176 3067 ,
2210 3002 2439 3073 Scalige-

1406 3099 1665 3152 rumque,
1694 3093 1747 3133 et
1773 3100 1957 3134 omnes
1988 3079 2218 3135 editores
2251 3100 2438 3134 recen-

1408 3161 1572 3213 tiores
1604 3156 1731 3232 (qui
1753 3161 1939 3232 legunt
1969 3162 2329 3235 cohortibusque
2360 3182 2437 3213 ce-

1411 3244 1581 3303 tratis,
1618 3253 1673 3293 et
1700 3242 1966 3311 explicant
1994 3239 2062 3293 de
2087 3242 2278 3294 incolis
2308 3243 2439 3295 cite-

1407 3320 1567 3374 rioris
1597 3320 1865 3391 Hispaniae
1879 3359 1895 3387 ,
1926 3321 2021 3391 qui
2048 3323 2335 3374 utebantur
2362 3342 2439 3372 ce-

1412 3405 1527 3461 tris,
1563 3420 1673 3453 non
1697 3400 1883 3466 scutis,
1910 3413 1975 3453 ut
2003 3418 2161 3471 supra
2192 3418 2308 3472 cap.
2341 3404 2436 3466 48,

1409 3478 1677 3545 vidimus)
1712 3480 1954 3533 maximis
1980 3478 2049 3531 de
2093 3480 2263 3533 causis
2292 3498 2439 3533 rece·

1410 3560 1590 3631 pimus
1612 3580 1627 3613 ε
1656 3549 1714 3613 1⁰
1733 3579 1901 3631 quum
1924 3558 2081 3612 codd.
2110 3578 2293 3611 omnes
2315 3578 2440 3612 con·

1411 3641 1641 3693 sentiant
1653 3679 1669 3702 ‚
1690 3641 1769 3691 nil
1786 3652 1863 3692 est
1882 3652 2081 3691 temere
2094 3638 2437 3705 mutandum3

1417 3708 1476 3772 2⁰
1489 3720 1685 3773 nullibi
1698 3717 1895 3770 dicitur
1914 3720 2175 3772 caesarem
2190 3719 2439 3773 habuisse

1409 3818 1593 3851 secum
1630 3799 1907 3851 auxiliares
1938 3798 2155 3863 milites,
2186 3813 2279 3851 seu
2306 3800 2436 3853 cite-

1408 3878 1604 3944 rioris,
1652 3897 1744 3931 seu
1800 3878 2069 3929 ulterioris
2129 3878 2437 3950 Hispaniae3

1416 3947 1476 4011 3⁰
1505 3976 1618 4011 non
1649 3970 1727 4011 est
1762 3958 1959 4009 absona
1988 3976 2093 4011 vox
2118 3964 2437 4023 centuriatus,-

1411 4051 1465 4090 et
1512 4055 1682 4108 quum
1728 4038 1889 4108 vulgo
1940 4037 2185 4092 cohortes
2231 4038 2437 4093 duabus

1410 4117 1665 4173 centuriis
1688 4130 1991 4173 constarent
2004 4157 2021 4184 ,
2049 4118 2187 4173 nihil
2215 4118 2441 4192 impedit

1998 4224 2047 4295 6
