3025 5025
694 469 842 538 DE
895 466 1681 568 Ββιιουῑνηι.
1737 469 1929 539 Lm.
1984 471 2039 538 Ι.
2389 495 2438 567 9

390 605 526 672 III.
573 601 784 670 Misso
820 599 908 668 ad
947 623 1303 695 vesperum
1339 615 1575 670 senatu
1590 653 1611 690 ‚
1650 625 1880 672 omnes
1893 653 1913 688 ,
1946 604 2061 697 qui
2104 615 2260 670 sunt
2296 602 2463 696 ejus·

273 707 544 778 ordinis
572 706 615 798 ³,
649 731 698 776 a·
725 709 1048 802 Pompeio
1089 721 1474 776 evocantur.
1518 708 1781 778 Laudat
1818 711 2205 804 Pompeius,
2240 722 2441 804 atque

270 817 347 882 in
391 829 743 910 posterum
785 813 1142 884 confirmat
1163 811 1224 898 ’ς
1264 816 1601 908 segniores
1642 816 1921 910 castigat
1956 831 2155 912 atque
2185 817 2439 887 incitat.

271 919 487 990 Multi
517 921 814 1015 undique
848 945 933 989 ex
966 920 1308 991 veteribus
1349 923 1649 1016 Pompeii
1692 923 2087 992 exercitibus
2122 948 2239 1018 spe
2272 947 2439 1017 prae·

267 1029 576 1098 miorum
611 1042 812 1122 atque
853 1027 1165 1096 ordinum
1207 1041 1579 1098 evocantur
1598 1013 1656 1096 ³:
1690 1025 1881 1098 multi
1918 1053 1999 1098 ex
2038 1028 2297 1098 duabus
2339 1028 2439 1098 le-

269 1134 594 1229 gionibus
619 1187 640 1222 ‚
677 1157 824 1228 quae
860 1148 1016 1203 sunt
1044 1133 1306 1204 traditae
1333 1159 1372 1203 a
1416 1137 1679 1205 Caesare
1699 1189 1719 1224 ‚
1752 1149 2191 1205 arcessuntur.
2235 1138 2439 1206 Com-

271 1240 511 1335 pletur
551 1227 796 1330 urbs-⁴3
827 1254 899 1309 at
931 1241 1043 1334 jus
1079 1243 1505 1311 comitiorum
1542 1242 1851 1312 tribunus
1882 1241 2093 1337 plebis
2124 1243 2203 1310 C.
2230 1244 2439 1312 Curio

273 1443 428 1478 anno
464 1429 610 1490 6063
638 1423 1124 1496 praestantissimam
1152 1426 1323 1496 legem

275 1505 410 1557 tulit
423 1543 440 1572 ‚
470 1504 777 1556 tabellarium
813 1503 1010 1557 dictam
1023 1543 1042 1571 ,
1068 1522 1174 1577 qua
1205 1503 1322 1557 edi-

272 1585 502 1637 cebatur
516 1622 534 1649 ,
565 1584 650 1636 uti
675 1603 803 1655 pop.
845 1603 1072 1637 romano
1101 1584 1161 1637 in
1203 1601 1319 1637 om·

271 1665 441 1717 nibus
450 1661 689 1736 judiciis,
703 1663 1072 1736 perduellione
1083 1677 1322 1737 excepta,

273 1764 380 1816 per
422 1744 678 1797 tabellam
720 1744 1036 1816 suffragium
1075 1757 1236 1811 esset,
1263 1746 1320 1798 in

275 1844 392 1896 qua
412 1825 501 1878 hae
521 1835 666 1878 ηοω
691 1824 960 1896 inscripta
989 1825 1231 1890 fuerant,
1253 1827 1317 1878 A.

275 1905 343 1958 C:
368 1905 438 1957 N.
463 1905 528 1958 L.
545 1940 560 1963 ‚
587 1904 810 1970 absolvo,
831 1905 1090 1956 condemno
1103 1944 1118 1967 ,
1136 1923 1234 1956 non
1257 1905 1318 1956 la·-

275 1996 399 2056 quet
405 2005 429 2048 ,·
453 2001 628 2055 quum
667 1996 820 2037 antea
849 1984 1064 2056 publice
1091 1996 1194 2057 per
1221 2002 1319 2037 vo·

275 2083 400 2118 cem
449 2063 682 2117 dabatur
707 2083 720 2117 ε
753 2077 806 2118 et
847 2063 916 2118 ad
963 2063 1023 2117 id
1073 2062 1322 2117 alludunt

276 2144 496 2197 nummi
525 2157 636 2197 tres
661 2144 895 2216 argentei
919 2145 1120 2210 nostri,
1139 2145 1214 2197 ita
1233 2145 1318 2198 in-

277 2225 499 2296 signiti:
525 2224 585 2276 in
627 2224 806 2296 primo
849 2237 902 2278 et
943 2222 1218 2280 secundo:
1247 2225 1316 2290 Q.

279 2306 538 2369 Csssm33
587 2317 749 2375 caput
803 2305 980 2357 Vesta
1037 2305 1270 2358 velatum
1299 2323 1316 2370 3

279 2383 451 2438 Vnsr.
485 2385 553 2436 In
585 2385 746 2437 tertio
767 2396 944 2437 autem
975 2397 1138 2456 caput
1162 2385 1320 2438 liher-

277 2465 405 2519 tatis
426 2502 445 2531 ,
476 2465 710 2518 Lxmr.
757 2464 936 2540 Altera
977 2477 1128 2536 parte
1181 2476 1316 2518 tem-

275 2547 434 2617 plum
477 2543 774 2598 rotundum
782 2543 803 2610 ¹,
843 2545 900 2597 in
939 2547 1090 2617 cujus
1131 2544 1315 2598 medio

279 2626 410 2680 sella
432 2625 638 2685 curulis
658 2644 672 2679 τ
694 2644 722 2678 n
747 2624 932 2679 dextra
959 2625 1202 2697 Templi,
1229 2644 1318 2677 ur·

279 2722 388 2771 na;
429 2724 462 2757 a
503 2705 718 2758 sinistra
735 2742 752 2770 ,
784 2705 976 2757 tabella
1019 2724 1142 2757 curn
1171 2705 1316 2761 litte·

235 2828 250 2841 .
279 2788 356 2839 ris
384 2788 451 2839 A.
485 2785 550 2838 C.
563 2786 740 2838 Vestae
763 2797 940 2838 autem
967 2786 1142 2856 capite
1165 2804 1315 2856 ,egre-

278 2867 432 2939 gium
455 2863 606 2924 aliud
633 2877 960 2919 memoratur
987 2864 1226 2936 ejusdem
1250 2866 1315 2919 L.

281 2946 454 3000 Cassii
481 2944 718 3017 Longini
748 2946 946 3001 factum
964 2983 982 3011 ,
1023 2945 1152 3016 qui,
1181 2944 1315 3013 duni

279 3038 416 3080 esset
431 3037 656 3097 prator,
680 3026 943 3079 Liciniam
959 3037 1014 3078 et
1029 3025 1312 3089 Marciam,

280 3107 552 3170 Vestales,
581 3106 790 3159 violate
811 3104 1084 3179 pudicitiae
1103 3124 1246 3171 rens,
1261 3117 1315 3159 et

281 3186 558 3239 sententiis
577 3185 898 3256 pontificum
932 3185 1195 3238 absolutas
1227 3204 1312 3238 re-

281 3267 492 3319 vocavit
513 3266 569 3319 in
593 3264 886 3337 judicium,
911 3278 964 3318 et
989 3264 1314 3319 condemna·

281 3347 378 3399 vit.
422 3344 508 3399 Ad
536 3348 708 3417 legem
751 3362 882 3399 vero
925 3346 1281 3399 Tabellariam
1294 3383 1313 3411 ,

281 3424 554 3479 vindicem
576 3426 836 3479 libertatis
852 3464 867 3492 ‚
897 3436 1098 3496 spectat
1120 3426 1178 3479 in
1203 3439 1311 3480 ter-

282 3507 358 3559 tio
383 3504 608 3559 denario
636 3524 926 3578 procusum
947 3506 1206 3559 libertatis
1232 3524 1315 3559 ca-

281 3599 398 3659 put.
421 3587 490 3651 Q.
517 3585 728 3639 Cassius
751 3586 1024 3655 Longinus
1038 3624 1054 3652 ,
1080 3598 1314 3657 quaestor

281 3666 626 3737 provincialis
665 3665 801 3731 fuit,
830 3684 954 3719 cum
1003 3666 1166 3719 fratre
1215 3684 1312 3719 suo

281 3765 404 3799 ann.
451 3750 608 3817 6993
639 3746 889 3799 tribunus
926 3746 1128 3817 plebis,
1162 3751 1310 3817 7043

280 3838 480 3899 praetor
525 3825 901 3897 provincialis,
931 3844 1066 3895 710.
1116 3828 1198 3879 De
1247 3844 1310 3879 eo

281 3905 642 3960 videinlibris
654 3906 1026 3977 sequentibus3
1050 3905 1120 3959 de
1147 3907 1314 3960 fratre

281 3998 457 4039 autem
481 3987 628 4059 ejus,
663 4004 762 4039 suo
787 3985 909 4038 loco
935 3984 1190 4039 dicemus.

363 4066 492 4119 Cu».
525 4068 627 4120 111.
663 4083 713 4119 ι.
753 4065 934 4119 Omnes
965 4070 1051 4139 qui
1069 4078 1188 4119 sune
1210 4068 1313 4137 ejus

283 4146 480 4202 ordinis.
515 4148 626 4201 Per
654 4143 870 4201 ordinem
901 4145 992 4202 hic
1019 4165 1132 4202 non
1161 4164 1310 4203 sena·

1409 1438 1529 1478 tum
1557 1426 1763 1492 notari,
1792 1425 1889 1480 sed
1932 1425 2150 1479 Coesaris
2194 1425 2438 1480 inimicos

1406 1517 1563 1575 putat
1599 1505 1899 1559 Hotmanus
1913 1544 1931 1571 ,
1961 1522 2052 1558 eos
2080 1505 2175 1577 qui
2203 1506 2440 1577 partium

1407 1583 1605 1638 Caesari
1634 1583 1975 1639 adversarum
2000 1586 2233 1638 fuerunt.
2262 1586 2442 1638 Mark-

1406 1663 1601 1717 landus
1626 1683 1757 1718 vero
1773 1703 1790 1730 ‚
1822 1664 1891 1719 ad
1914 1666 2112 1721 calcem
2140 1666 2313 1737 suppl.
2336 1666 2442 1718 Eu·

1407 1745 1514 1815 rip.
1540 1763 1596 1816 p.
1632 1748 1743 1808 264
1775 1745 1879 1816 legi
1899 1746 2046 1812 vult,
2075 1765 2234 1797 omnes
2258 1749 2339 1797 sui
2356 1748 2441 1819 qui

1409 1836 1526 1876 suut
1550 1827 1653 1895 ejus
1677 1825 1883 1888 ordinis,
1912 1825 1987 1879 ita
2013 1837 2074 1878 ut
2092 1830 2177 1878 :sui
2199 1825 2306 1879 sint
2330 1826 2441 1878 fau·

1407 1916 1551 1958 tores
1578 1918 1631 1958 et
1660 1905 1815 1958 amici
1841 1906 2291 1977 Pompeianarum
2314 1924 2441 1977 par·
2468 1927 2475 1934 ·

1407 1985 1563 2039 tium.
1580 1985 1828 2056 Intelligo
1846 1998 2089 2038 senatum
2100 1986 2434 2043 universum,

1405 2081 1569 2135 quem
1598 2065 1785 2118 falsum
1822 2077 1902 2118 est
1938 2066 2087 2118 mille
2126 2065 2439 2118 hominibus

1407 2155 1537 2197 tunc
1566 2144 1861 2198 constitisse
1879 2183 1896 2212 ‚
1922 2157 1986 2197 ut
2012 2145 2313 2198 Hotmsnus
2354 2163 2440 2198 ar·

1405 2223 1667 2290 bitratur3
1692 2243 1819 2278 narn
1844 2243 1908 2278 ex
1926 2225 2151 2296 epistola
2174 2225 2347 2279 Cicer.
2368 2223 2438 2278 ad

1404 2303 1645 2358 Atticum
1688 2305 1887 2376 scripta
1928 2323 2071 2357 anno
2100 2309 2212 2374 692
2232 2343 2248 2370 ‚
2277 2317 2333 2358 et
2372 2324 2439 2357 ex

1405 2383 1547 2456 App.
1584 2383 1743 2438 civil.
1785 2403 1807 2437 1
1825 2403 1848 2437 1
1864 2423 1881 2450 ‚
1914 2384 2057 2456 735,
2078 2383 2333 2438 discimus
2356 2403 2439 2436 se·

1402 2477 1615 2518 natores
1660 2465 1872 2519 circiter
1918 2463 2335 2537 quadringentos
2382 2475 2437 2517 et

1401 2544 1595 2615 viginti
1611 2544 1771 2598 fuisse
1782 2583 1799 2610 ,
1820 2545 1961 2597 inter
1978 2564 2111 2615 quos
2128 2542 2438 2616 quindecim

1401 2636 1615 2678 tantum
1644 2624 1840 2678 Caesari
1868 2624 2131 2678 faverunt.

1489 2724 1541 2757 2.
1569 2704 1769 2757 Laudat
1784 2705 2041 2775 Pompeius
2054 2744 2069 2766 ,
2098 2714 2243 2776 atque
2259 2707 2437 2774 in‘pos·

1403 2795 1556 2837 terum
1580 2783 1852 2854 confirmat.
1882 2785 1965 2837 Ita
1994 2802 2179 2837 omnes
2205 2782 2363 2837 codd.
2382 2797 2438 2838 et

1401 2876 1599 2917 noster.
1632 2865 1861 2936 Vulgata
1878 2865 2068 2930 lectio,
2096 2883 2257 2937 quam
2282 2876 2434 2917 extu-

1401 2943 1486 2999 dit
1505 2944 1694 2999 Octav.
1713 2946 2070 3016 Pantagathus
2081 2982 2099 3011 ,
2117 2946 2303 3011 habet,
2322 2945 2434 2997 lau-

1399 3025 1493 3077 dat
1499 3037 1771 3096 promptos,
1791 3037 1949 3096 atque.
1968 3066 1981 3078 .
2000 3067 2013 3079 .
2039 3026 2151 3078 scil.
2170 3025 2263 3097 qui
2282 3036 2435 3078 erant

1401 3105 1510 3159 acri
1538 3117 1593 3158 et
1623 3104 1833 3157 infenso
1860 3106 1917 3157 in
1944 3105 2202 3158 Casarem
2228 3106 2432 3171 animo,

1399 3204 1498 3258 per
1536 3186 1933 3257 oppositionem
1960 3186 2257 3257 segnior-ibus
2271 3206 2291 3247 ,-
2322 3204 2433 3238 non

1399 3266 1539 3319 male
1548 3303 1565 3330 ,
1584 3264 1678 3318 sed
1690 3266 1805 3318 sine
1820 3266 2157 3318 auctoritate:
2176 3276 2433 3336 preterea

1398 3362 1504 3399 ‘vox
1522 3357 1772 3417 promptos
1786 3364 1899 3399 non
1918 3344 2050 3399 adeo
2067 3344 2213 3398 utilis
2242 3357 2344 3410 est,
2370 3357 2433 3397 ut

1399 3426 1579 3479 abesse
1603 3418 1825 3479 omnino
1845 3442 1957 3479 non
1980 3426 2146 3497 possit
2164 3442 2179 3477 :
2194 3425 2333 3477 hanc
2353 3435 2430 3475 ta·
2546 3470 2548 3473 ⁴

1399 3524 1525 3559 men
1562 3504 1755 3576 probat
1790 3507 1986 3559 Thom.
2032 3504 2301 3557 Bentleius
2314 3542 2331 3571 ‚
2372 3503 2430 3557 in

1399 3584 1485 3638 ed.
1513 3580 1814 3650 Bettinelli3
1836 3588 2027 3639 Venet.
2068 3584 2235 3654 1788.

1484 3666 1537 3719 3.
1569 3665 1666 3737 Spe
1688 3666 1911 3717 ordinum
1946 3674 2217 3716 evocantur.
2237 3665 2318 3716 De
2348 3682 2433 3717 or·

1399 3744 1615 3799 dinibus
1646 3745 1851 3797 militiae
1880 3735 1989 3795 hid.
2023 3744 2247 3814 passim,
2272 3745 2335 3797 Β.
2358 3744 2425 3798 G.

1399 3838 1453 3879 et
1479 3824 1551 3877 de
1578 3825 1745 3877 verbo
1776 3842 1995 3884 evocare,
2032 3823 2105 3875 ib.
2132 3824 2273 3889 VII,
2300 3824 2394 3878 65.

1483 3912 1537 3967 4.
1568 3904 1849 3975 Completw·
1870 3904 2009 3966 urhe,-
2030 3916 2090 3955 at
2099 3907 2185 3975 jus
2211 3908 2428 3957 comitio·

1400 4004 1504 4036 mm
1535 3984 1752 4037 tribunus
1774 3984 1928 4055 plebis
1962 3985 2022 4038 C.
2068 3985 2219 4038 Curio
2248 3996 2427 4039 evocat.

1397 4062 1733 4119 Emendabat
1782 4065 2095 4119 Ciacconius
2120 4084 2135 4117 ε
2172 4066 2429 4135 completur

1399 4146 1510 4199 urbs
1528 4165 1548 4201 .·
1572 4144 1645 4199 ad
1660 4146 1745 4217 jus
1774 4149 2071 4212 comitiorum
2098 4144 2308 4199 tribunos
2319 4145 2433 4221 pb·
