3025 5025
487 457 684 588 '³70
829 491 908 559 c.
963 487 1273 557 JUL11
1330 485 1834 555 cAESAms
1888 480 2479 558 COMMENT.

572 623 832 693 infimas
868 621 1114 691 montis
1172 618 1424 689 radices
1472 617 1891 715 producunt,
1946 610 2017 687 et
2070 618 2303 720 praelio
2368 619 2723 691 lacessunt.

571 733 809 824 Neque
855 729 1104 798 idcirco
1141 730 1366 818 Caesar
1421 751 1592 822 opus
1627 727 2036 814 intermittit,
2084 726 2379 798 confisus
2414 729 2727 822 praesidio

569 836 910 932 legionum
951 837 1154 904 trium
1177 888 1196 923 ,
1252 849 1320 902 et
1355 835 1725 902 munitione
1770 832 1978 902 fossae.
2024 831 2133 902 Illi
2178 858 2315 903 non
2350 833 2467 903 diu
2526 861 2725 906 com-

570 945 848 1031 morati,
879 968 1004 1012 nec
1041 941 1302 1037 longius
1338 941 1422 1008 ab
1465 939 1697 1010 infimo
1738 939 1907 1009 colle
1954 942 2331 1035 progressi,
2385 942 2615 1038 copias
2654 945 2725 1011 in

569 1065 788 1120 castra
812 1050 1158 1138 reducunt.
1198 1049 1426 1117 Tertio
1456 1047 1563 1118 die
1594 1050 1820 1118 Caesar
1845 1044 2022 1118 vallo
2052 1062 2271 1118 castra
2302 1051 2679 1118 communit
2706 1073 2725 1118 ε

565 1156 852 1253 reliquas
899 1156 1210 1225 cohortes
1226 1209 1245 1242 ‚
1275 1179 1440 1250 quas
1472 1157 1541 1222 in
1581 1154 2031 1250 superioribus
2072 1155 2303 1222 castris
2333 1153 2725 1248 reliquerat,

565 1263 1170 1359 impedimentaque
1211 1261 1298 1330 ad
1341 1287 1411 1333 se
1447 1261 1709 1334 traduci
1736 1261 1949 1354 jubet.

675 1372 933 1440 XLIII.
991 1372 1156 1438 Erat
1189 1369 1361 1437 inter
1397 1367 1721 1463 oppidum
1756 1367 2047 1437 Ilerdam
2074 1381 2144 1436 et
2170 1369 2552 1462 proximum
2594 1367 2727 1439 col-

567 1477 697 1547 lem
719 1533 740 1567 ,
770 1476 885 1546 ubi
921 1490 1139 1546 castra
1179 1477 1477 1546 Petreius
1517 1490 1724 1570 atque=
1754 1473 2067 1544 Afranius
2108 1474 2477 1564 habebant,
2504 1473 2723 1570 plani-

566 1584 711 1656 ties¹
740 1586 1005 1656 circiter
1031 1607 1347 1680 passuum
1369 1583 1585 1652 CCC:
1616 1597 1815 1676 atque
1840 1583 1911 1652 in
1934 1581 2067 1664 hoc
2088 1580 2229 1650 fere
2255 1582 2475 1654 medio
2502 1585 2725 1676 spatio

564 1689 864 1761 tumulus
914 1706 1059 1760 erat
1107 1689 1334 1787 paullo
1376 1688 1619 1758 editior
1652 1714 1668 1757 ε
1712 1713 1911 1782 quem
1956 1689 2010 1756 si
2046 1703 2447 1783 occupasset
2496 1691 2727 1758 Caesar

565 1812 635 1867 et
661 1799 1173 1886 communisset,
1213 1796 1299 1865 ab
1351 1795 1601 1892 oppido
1638 1809 1706 1864 et
1748 1810 1952 1890 ponte
1996 1809 2065 1863 et
2117 1793 2531 1868 commeatu²
2576 1820 2722 1864 om-

563 1905 666 1990 ni,
689 1929 888 1998 quem
915 1907 984 1974 in
1013 1903 1338 2000 oppidum
1365 1901 1817 1991 contulerant,
1842 1927 1913 1974 se
1946 1901 2461 1975 interclusurum
2482 1902 2724 1975 adver-

565 2012 782 2080 sarios
842 2010 1238 2080 confidebat.
1285 2011 1436 2104 Hoc
1483 2033 1757 2104 sperans
1787 2063 1806 2097 ,
1846 2008 2137 2103 legiones
2184 2025 2321 2078 tres
2360 2033 2441 2081 ex
2489 2011 2725 2079 castris

565 2116 820 2204 educit,
859 2119 1130 2212 acieque
1172 2118 1242 2184 in
1279 2115 1440 2186 locis
1481 2115 1735 2185 idoneis
1778 2117 2103 2212 instructa
2115 2100 2164 2205 ³,
2198 2118 2395 2186 unius
2446 2115 2729 2214 legionis

562 2225 1030 2318 antesignanos
1073 2248 1470 2317 procurrere
1483 2277 1506 2311 ‚
1552 2238 1753 2317 atque
1801 2247 2135 2318 occupare
2184 2247 2340 2306 eum
2383 2219 2723 2295 tumulum

555 2329 765 2422 jubet.
842 2331 997 2420 Qua
1051 2355 1126 2398 re
1173 2331 1444 2424 cognita
1467 2384 1488 2418 ,
1538 2329 1841 2420 celeriter
1858 2383 1877 2418 ‚
1924 2355 2071 2423 quae
2130 2331 2200 2396 in
2260 2330 2541 2398 statione
2594 2353 2725 2424 pro

560 2436 794 2507 castris
833 2450 1025 2504 erant
1065 2436 1321 2504 Afranii
1364 2437 1705 2523 cohortes,
1761 2436 2067 2508 breviore
2119 2437 2356 2508 itinere
2392 2435 2479 2504 ad
2518 2459 2718 2504 eum-

557 2542 710 2613 dem
750 2544 1218 2638 occupandum
1255 2542 1478 2617 locum
1538 2545 1912 2613 mittuntur.
1959 2542 2408 2613 Contenditur
2450 2542 2721 2639 praeli03

558 2664 628 2718 et
645 2702 666 2736 ,
706 2650 889 2743 quod
932 2652 1117 2745 prius
1159 2649 1230 2719 in
1287 2650 1623 2741 tumulum
1682 2650 2028 2719 Afraniani
2089 2664 2414 2719 venerant
2432 2704 2453 2738 ,
2505 2654 2724 2719 nostri

561 2754 975 2849 repelluntur
993 2810 1014 2844 ,
1057 2770 1290 2851 atque,
1336 2756 1475 2825 aliis
1512 2743 1893 2827 submissis⁴
1934 2756 2255 2851 praesidiis
2275 2810 2295 2845 ‚
2339 2770 2530 2852 terga
2558 2778 2721 2825 ver·-

560 2876 702 2931 tere
727 2916 747 2949 ,
791 2887 993 2955 seque
1035 2863 1120 2937 ad
1155 2866 1345 2957 signa
1387 2862 1727 2957 legionum
1771 2860 2066 2958 recipere
2104 2878 2457 2959 coguntur.

642 3063 772 3117 Cu.
790 3062 991 3116 XLIII.
1014 3081 1037 3116 1
1051 3104 1064 3115 .
1079 3064 1338 3117 Planities.
1357 3061 1592 3117 videtur

561 3161 627 3197 ex
661 3141 820 3197 codd.
847 3156 902 3195 et
935 3142 1291 3196 marmoribus
1321 3146 1593 3201 Romanos

559 3242 626 3275 eo
655 3234 896 3295 tempore
919 3222 1190 3295 scripsisse
1203 3223 1445 3295 planitia,
1476 3242 1590 3280 non

549 3304 799 3375 planities.
833 3304 990 3355 Parvi
1020 3304 1256 3357 interest.

644 3403 696 3438 2.
727 3384 814 3437 Ab
836 3384 1047 3454 oppidO,
1091 3396 1142 3435 et
1168 3396 1318 3454 ponte
1335 3422 1351 3449 ,
1383 3396 1434 3435 et
1461 3402 1591 3436 eom·

558 3476 795 3518 meatum.
820 3464 890 3536 Et
907 3462 966 3517 id
985 3464 1266 3517 confirmat
1281 3458 1430 3536 quod
1448 3462 1589 3531 dixi,

557 3561 672 3615 cap.
703 3550 773 3607 41
795 3582 812 3610 ‚
843 3564 901 3597 n.
939 3545 970 3597 3
988 3583 1006 3610 ,
1032 3545 1312 3597 Afranium
1342 3545 1591 3601 habuisse

555 3637 725 3677 castra
757 3644 851 3677 sua
879 3624 949 3677 ad
977 3626 1114 3677 latus
1142 3624 1418 3679 sinistrum
1446 3624 1592 3677 Sico-

553 3703 630 3757 ris
643 3743 658 3768 ‚
693 3717 860 3777 ponte
906 3703 1086 3757 medio
1133 3706 1276 3758 inter
1321 3716 1490 3757 casu-a
1535 3716 1591 3757 et

554 3786 762 3837 urbem.
779 3787 960 3850 Quum
975 3786 1164 3857 igitur,
1179 3797 1336 3857 capto
1349 3784 1587 3849 tumulo,

556 3863 651 3933 qui
669 3878 781 3918 erat
805 3866 946 3917 inter
967 3878 1136 3918 castra
1153 3865 1360 3917 Afranii
1381 3877 1434 3917 et
1453 3882 1591 3935 pon·

554 3954 693 4005 tem,
719 3943 892 3997 Caesar
917 3963 972 3997 se
1000 3947 1068 3999 ab
1099 3943 1303 4017 oppido
1323 3944 1482 3998 simul
1497 3981 1514 4009 ,
1533 3956 1589 3998 et

555 4035 722 4094 ponte
739 4064 754 4089 ‚
782 4038 835 4079 et
874 4039 1174 4079 commeatu
1210 4026 1389 4079 hostes
1417 4024 1587 4077 inter·

552 4104 827 4157 clusuram
849 4108 1094 4177 sperabat
1104 4146 1120 4169 ,
1134 4103 1260 4157 inde
1269 4143 1288 4171 ‚
1302 4124 1410 4177 quo
1421 4105 1587 4157 latere

556 4196 727 4251 castra
761 4186 1009 4240 habuerit
1040 4197 1268 4255 uterque
1295 4184 1585 4249 exercitus,

1676 3064 1900 3127 minime
1926 3064 1985 3117 in
2006 3062 2235 3117 dubium
2255 3066 2497 3120 revocari
2518 3078 2717 3137 potest.

1762 3145 1793 3198 3
1802 3185 1815 3198 .
1834 3145 2095 3198 [mer-ueta.
2108 3146 2381 3199 Instruere
2394 3158 2475 3198 ent
2484 3147 2719 3201 verbum

1676 3218 1914 3281 sosenne.
1944 3224 2189 3277 Instruere
2218 3230 2369 3277 aciem
2397 3226 2595 3297 passim
2624 3246 2715 3279 re-

1675 3304 1885 3376 peritur
1911 3304 2055 3376 apud
2080 3305 2288 3377 seriptt.
2304 3306 2377 3359 At
2392 3318 2575 3359 noster
2586 3305 2713 3361 eod.

1680 3386 1833 3455 5764
1861 3386 2022 3439 hahet
2047 3397 2255 3440 structa.
2280 3382 2436 3457 Vix-g.
2458 3389 2583 3441 AE'an.
2612 3387 2713 3442 lib.

1677 3483 1735 3517 τι
1791 3486 1843 3519 v.
1920 3486 1947 3519 2
1984 3484 1999 3517 :

1738 3503 1847 3592 ileu
1868 3472 2049 3589 §ti-uere
2068 3542 2297 3591 auderent
2316 3543 2486 3590 aciem.
2503 3576 2516 3588 .
2538 3578 2549 3589 .
2569 3577 2583 3591 .

1674 3622 1814 3677 Item
1842 3623 1960 3675 Liv.
1994 3640 2112 3677 1511
2128 3660 2149 3689 ,
2166 3642 2283 3694 cap.
2322 3623 2414 3676 51.
2440 3623 2577 3689 Alii,
2601 3644 2720 3677 con-

1672 3714 1875 3756 structa.
1904 3704 2063 3757 Male.
2088 3736 2173 3749 --
2190 3702 2569 3773 Aaronem.
2598 3704 2714 3757 An-

1674 3780 1936 3853 tesignani
1952 3781 2083 3839 dieti
2096 3794 2222 3835 sunt
2233 3783 2429 3835 milites
2442 3821 2461 3848 ,
2474 3782 2570 3854 qui
2582 3796 2713 3837 anoe

1674 3862 1825 3934 signa
1848 3863 1908 3919 in
1930 3863 2045 3917 acie
2064 3862 2716 3916 munimntum—Pm-

1674 3962 1877 3997 cunere.
1904 3945 2192 4015 Proprium
2211 3942 2339 3998 huic
2362 3940 2445 3995 rei
2458 3944 2710 3997 verbum.

1670 4025 1755 4079 Ita
1794 4022 1954 4077 codd.
1994 4024 2103 4077 Alii
2116 4061 2133 4090 ‚
2164 4042 2478 4094 praem-mn.
2526 4022 2713 4076 Minus

1673 4104 1831 4159 bene.

1759 4192 1816 4249 4.
1836 4183 2113 4237 submissis.
2142 4180 2281 4236 cod.
2309 4194 2493 4237 noster
2506 4219 2525 4249 ‚
2541 4195 2598 4237 et
2620 4182 2713 4235 alii
