3025 5025
644 509 781 578 DE
835 510 1183 579 BELLo
1239 509 1609 579 01v1L1.
1667 485 1855 578 LIB.
1913 510 2013 578 11.
2257 527 2391 602 171
2496 467 2501 476 ’

252 661 337 708 ex
359 644 691 712 'concione
733 645 1026 714 universi
1072 643 1542 731 cohortantur,
1578 667 1824 738 magno
1869 646 1951 713 sit
1988 644 2243 729 animo,
2265 665 2401 711 neu

247 745 514 819 dubitet
547 750 850 845 praelium
884 753 1340 838 committere,
1367 766 1435 820 et
1473 774 1658 819 suam
1706 749 1905 818 fldem
1950 753 2406 844 virtutemque

247 857 552 948 experiri.
589 859 748 946 Quo
785 858 964 927 facto
997 870 1407 928 commutata
1443 857 1743 926 omnium
1784 855 2130 925 voluntate
2158 872 2225 924 et
2251 857 2404 951 opi-

248 961 448 1031 nione
473 1019 495 1052 ‚
548 981 877 1036 consensu
931 963 1085 1034 suo¹
1141 965 1490 1034 constituit
1549 965 1756 1034 Curio
1780 1018 1799 1052 ,
1856 989 2063 1060 quum
2108 966 2400 1058 primum

249 1067 334 1136 sit
381 1068 542 1140 data
595 1085 887 1166 potestas
908 1122 926 1156 ,
969 1070 1209 1166 ‘praelio
1267 1097 1408 1142 rem
1468 1073 1903 1140 committere.
1956 1073 2231 1140 Postero
2296 1070 2405 1138 die

249 1175 652 1268 productO‘S,
698 1179 932 1247 eodem
964 1177 1146 1267 loco,
1188 1201 1323 1274 quo
1362 1178 1814 1273 superioribus
1869 1175 2116 1247 diebus·
2148 1177 2403 1245 consti-

249 1293 452 1372 terat,
495 1286 564 1353 in
609 1288 752 1355 acie
788 1283 1090 1356 collocat.
1135 1288 1240 1357 Ne
1269 1287 1494 1356 Varus
1551 1283 1818 1380 quidem
1870 1287 2090 1354 Attius
2136 1283 2403 1352 dubitat

250 1390 476 1483 copias
537 1393 954 1486 producere,
1006 1395 1144 1462 sive
1205 1391 1598 1462 sollicitandi
1659 1389 1897 1461 milites
1932 1443 1950 1476 ‚
2011 1394 2150 1460 sive
2213 1413 2403 1483 aequo
2446 1473 2456 1482 ι

248 1492 394 1564 loco
425 1497 792 1568 dimicandi
823 1499 1019 1568 detur
1049 1502 1342 1587 occasio,
1372 1525 1462 1568 >ne
1499 1497 1886 1568 facultatem
1920 1499 2403 1594 praetermittat.

351 1604 690 1676 XXXIV.
747 1607 914 1675 Era't
955 1605 1142 1675 vallis
1199 1609 1374 1676 inter
1427 1605 1591 1675 duas
1640 1607 1857 1693 acies,
1901 1620 1982 1674 ut
2036 1621 2237 1700 supra
2278 1603 2403 1672 de-

248 1727 702 1782 monstratum
748 1723 847 1783 e'st
867 1712 912 1801 ¹,
949 1719 1094 1782 ‘nori
1135 1714 1227 1782 ita
1273 1735 1561 1808 magno,
1602 1725 1720 1781 aut
1772 1711 2029 1782 difficili
2073 1725 2142 1781 et
2193 1709 2407 1781 arduo

249 1835 552 1888 ascensu.
611 1821 805 1890 Hanc
851 1827 1128 1914 uterque
1181 1823 1234 1889 si
1279 1820 1815 1890 adversariorum
1862 1821 2071 1916 copiae
2124 1819 2409 1887 transire

247 1939 690 2012 conarentur,
719 1929 1179 2024 exspectabat,
1209 1949 1344 2022 quo
1370 1928 1662 2022 aequiore
1690 1925 1839 1995 loco
1874 1925 2181 2020 praelium
2228 1947 2409 1992 com·-

247 2033 569 2102 mitteret.
611 2034 820 2103 Simul
865 2034 950 2102 ab
992 2035 1264 2104 sinistro
1309 2055 1520 2104 cornu
1566 2035 1638 2102 P.
1685 2035 1850 2102 Attii
1890 2035 2220 2127 equitatus
2265 2047 2408 2100 om-

249 2141 384 2224 nis,
423 2154 497 2209 et
537 2164 676 2208 una
711 2139 876 2210 levis
922 2137 1308 2210 armaturae²
1358 2141 1686 2234 interjecti
1729 2138 2105 2234 complures
2130 2193 2147 2225 ,
2201 2161 2407 2231 quum

249 2271 318 2314 se
345 2247 420 2315 in
465 2244 710 2318 vallem
747 2247 1199 2336 demitterent,
1225 2247 1691 2317 cernebantur.
1716 2246 1822 2314 Ad
1846 2271 1959 2315 eos
1988 2246 2195 2314 Curio
2227 2246 2409 2338 equi-

250 2366 506 2440 tatum,
552 2368 620 2423 et
655 2353 818 2424 duas
865 2354 1411 2425 Marrucinorum
1456 2354 1768 2422 cohortes
1810 2354 2015 2420 mittit
2060 2378 2075 2418 z
2122 2375 2409 2444 quorum
2444 2413 2448 2421 .

247 2461 553 2553 primum
614 2463 940 2557 impetum
991 2462 1245 2557 equites
1297 2460 1593 2531 hostium
1648 2483 1789 2529 non
1846 2457 2147 2527 tulerunt
2170 2512 2189 2546 ,
2251 2456 2367 2526 sed
2389 2509 2412 2544 ,

330 2672 474 2724 Car.
511 2670 771 2723 XXXIII.
811 2689 860 2723 1.
901 2669 1146 2723 Comensu
1182 2690 1286 2723 suo,

247 2750 330 2805 Ita
349 2747 520 2804 codd.
541 2768 724 2803 omnes
738 2762 792 2803 et
804 2748 1063 2804 editiones
1075 2749 1261 2823 prisco
1271 2788 1290 2815 ,

249 2842 301 2883 et
340 2830 524 2883 nostri
551 2830 700 2901 regii.
729 2830 1028 2884 Hotmanus
1064 2850 1129 2883 ex
1161 2848 1290 2899 con-

1376 2688 1508 2739 gno,
1545 2679 1634 2721 aut
1674 2667 1868 2738 difficili
1906 2679 1958 2719 et
1996 2666 2151 2719 arduo
2193 2684 2407 2719 ascensu.

1379 2750 1523 2815 Quo:
1540 2747 1759 2820 quidem
1782 2748 1941 2801 lectio
1962 2764 2176 2801 sensum
2204 2747 2409 2800 clarum

1377 2842 1431 2882 et
1458 2842 1702 2901 apertum
1732 2828 1960 2881 exbibet.
1992 2828 2098 2879 Alii
2132 2828 2315 2899 legunt
2344 2846 2408 2881 ex

243 2911 491 2980 iectura,
537 2930 717 2963 summo
771 2930 1028 2972 consensu,
1076 2907 1134 2961 id
1181 2922 1288 2975 est,

245 2990 521 3043 unanimi.
553 2990 790 3043 Faernus
824 3005 952 3044 vero
989 3010 1020 3043 e
1054 2996 1290 3043 manusc.

245 3069 464 3143 legebat
480 3088 494 3122 ε
511 3090 704 3122 suorum
741 3087 982 3125 consen-m.
1017 3069 1167 3123 Nihil
1199 3082 1292 3122 au-

248 3162 362 3203 tem
418 3149 754 3203 mutandum.
804 3149 969 3203 Curio
1018 3162 1138 3203 ante
1181 3168 1293 3205 non

248 3238 600 3283 consenserat
645 3230 702 3283 in
749 3230 995 3303 praelium
1012 3268 1028 3295 ‚
1069 3227 1178 3284 vid.
1229 3228 1290 3282 C.

248 3308 523 3381 [κακᾶς
549 3310 660 3381 jam
699 3328 828 3363 vero
863 3308 1052 3363 videns
1080 3310 1297 3381 praefec-

247 3402 442 3443 torum
461 3401 518 3443 et
540 3388 769 3443 militum
791 3402 996 3443 mentes
1015 3390 1188 3461 praelii
1207 3408 1295 3443 cu·

247 3468 447 3543 pidine
481 3462 787 3540 flagrantes,
824 3470 1053 3523 mutavit
1090 3482 1297 3523 senten·

248 3552 388 3605 tiam
399 3586 417 3615 ‚
441 3561 498 3601 et
515 3551 931 3623 constituitrem
947 3550 1135 3621 praelio
1151 3566 1294 3602 com-

247 3633 504 3697 mittere,
539 3648 767 3701 saumque
783 3624 952 3683 ‘dedit
987 3632 1258 3683 consensum
1273 3650 1293 3681 .-

241 3712 384 3765 'nam
414 3720 470 3761 et
504 3708 763 3781 potuisset
803 3720 992 3762 eorum
1027 3708 1292 3773 desiderio

249 3789 486 3861 obsequi
501 3826 518 3853 ‚
540 3778 665 3841 licet
694 3782 840 3842 aliu'd
870 3790 1130 3845 sensisset.

336 3870 478 3924 CAP.
517 3862 778 3923 XXXIV.
819 3889 868 3923 1.
903 3867 988 3922 'Ut
1025 3885 1172 3941 supra
1195 3868 1291 3919 'de-

252 3954 576 4003 monstratum
619 3958 708 4004 est.
752 3948 814 4003 C.
863 3943 954 4021 37.
973 3982 1054 3991 -—-
1085 3950 1292 4019 'megrim

251 4029 472 4085 restitui
502 4047 564 4082 ex
581 4027 742 4082 codd.
757 4021 838 4072 -’-
851 4035 953 4082 atet.
973 4030 1110 4083 Item
1128 4048 1191 4082 ex
1209 4028 1294 4081 iis-

253 4108 390 4163 dem
440 4107 599 4163 codd.
643 4110 886 4177 restitui,
929 4120 991 4161 ut
1041 4110 1110 4163 sit
1155 4106 1290 4161 ordo

242 4188 497 4264 'phrasin
518 4202 626 4241 erat
649 4186 817 4243 vauls.
842 4231 852 4241 .
876 4232 886 4242 .
907 4231 918 4241 .
947 4208 1043 4241 non
1081 4194 1150 4240 ita
1187 4210 1288 4241 ma·

1379 2910 1650 2963 Ciacconii
1664 2906 2035 2962 emendatione
2052 2925 2064 2959 :
2079 2908 2227 2959 vallis
2241 2919 2362 2959 erat.
2372 2947 2383 2959 .
2392 2947 2406 2960 .

1377 2994 1579 3041 nowt'ta
1614 3007 1790 3059 magna
1801 3027 1818 3051 ,
1859 3001 1915 3039 at
1944 2986 2141 3057 difficili
2172 2999 2219 3038 et
2254 2988 2410 3038 arduo

1345 3098 1352 3105 -
1379 3082 1592 3124 ascensu.
1618 3070 1877 3141 Vulgata:
1904 3069 2069 3121 Vallis
2093 3080 2409 3121 eranum

1380 3154 1451 3201 ita
1481 3169 1685 3219 magno,
1723 3170 1781 3201 ac
1822 3147 2018 3218 difficili
2054 3160 2104 3199 et
2140 3148 2293 3199 arduo
2325 3167 2407 3199 as·

1379 3232 1537 3281 cetisu.
1554 3228 1713 3282 Haud
1732 3226 2060 3301 aspernanda
2072 3242 2214 3281 certe
2233 3228 2407 3281 Ciacc.

1379 3307 1683 3363 emendatio
1698 3347 1715 3376 ,
1754 3308 1849 3362 sed
1901 3308 2049 3361 nulla
2096 3308 2410 3359 auctoritate

1375 3388 1640 3443 firmatur.

1465 3490 1515 3522 a.
1567 3470 1707 3523 Levis
1754 3480 2029 3519 armatur-ce.
2082 3463 2412 3537 Subauditur

1379 3550 1575 3609 milites,
1606 3561 1668 3602 ut
1688 3559 1831 3601 recte
1860 3548 2105 3599 observat
2128 3542 2413 3610 Oudend.;

1371 3628 1478 3682 ‘nec
1505 3648 1641 3699 opus
1675 3640 1753 3680 est
1784 3625 2155 3679 emendatione
2180 3625 2408 3699 Davisii,

1379 3709 1500 3782 qui,
1535 3727 1599 3761 ex
1628 3706 1812 3760 codice
1843 3708 1977 3772 alio,
2007 3723 2239 3776 quocum
2280 3723 2411 3755 con-

1379 3790 1540 3841 sentit
1589 3794 1771 3841 'noster
1815 3788 1879 3839 R.
1924 3786 2075 3855 5764
2096 3824 2113 3850 ,
2153 3784 2412 3855 proponit

1373 3870 1492 3943 ‘levis
1520 3878 1797 3929 armatura,
1830 3878 1893 3918 ut
1922 3864 2285 3939 intelligantur
2314 3864 2373 3914 V
2364 3884 2411 3915 e-

1381 3950 1508 4008 lites‚
1534 3948 1595 4000 in
1620 3946 1897 3999 collective
1922 3964 2149 3999 numero
2178 3944 2408 4017 sumpti,

1379 4041 1469 4081 aut
1491 4029 1605 4081 levis
1620 4022 1639 4089 (
1654 4046 1755 4100 pro
1772 4023 1930 4091 leves)
1954 4038 2230 4077 armaturae.
2254 4021 2411 4077 Tunc

1378 4108 1523 4162 enim
1541 4104 1829 4161 dicendum
1844 4120 1955 4160 erat
1973 4089 2170 4159 helaehtae
2184 4106 2245 4157 ab
2258 4106 2413 4163 hia...

1378 4190 1500 4241 leves*
1524 4198 1801 4243 armaturae.
1834 4186 1926 4241 Nil
1951 4198 2120 4242 muto,
2384 4184 2393 4191 ⁰
