<?xml version="1.0" encoding="UTF-8"?>
<!DOCTYPE html PUBLIC "-//W3C//DTD XHTML 1.0 Transitional//EN"
    "http://www.w3.org/TR/xhtml1/DTD/xhtml1-transitional.dtd">
<html xmlns="http://www.w3.org/1999/xhtml" xml:lang="en" lang="en">
 <head>
  <title>
</title>
<meta http-equiv="Content-Type" content="text/html;charset=utf-8" />
  <meta name='ocr-system' content='tesseract 3.04.00' />
  <meta name='ocr-capabilities' content='ocr_page ocr_carea ocr_par ocr_line ocrx_word'/>
</head>
<body>
  <div class='ocr_page' id='page_1' title='image "./caiusjuliuscsar00plutgoog_0149.png"; bbox 0 0 3025 5025; ppageno 0'>
   <div class='ocr_carea' id='block_1_1' title="bbox 651 473 2522 567">
    <p class='ocr_par' dir='ltr' id='par_1_1' title="bbox 651 473 2522 567">
     <span class='ocr_line' id='line_1_1' title="bbox 651 473 2522 567; baseline -0.005 -14"><span class='ocrx_word' id='word_1_1' title='bbox 651 479 800 567; x_wconf 77' lang='lat'>134</span> <span class='ocrx_word' id='word_1_2' title='bbox 962 481 1041 550; x_wconf 89' lang='lat' dir='ltr'>C.</span> <span class='ocrx_word' id='word_1_3' title='bbox 1095 478 1382 550; x_wconf 82' lang='lat' dir='ltr'><strong>JULII</strong></span> <span class='ocrx_word' id='word_1_4' title='bbox 1437 475 1911 546; x_wconf 80' lang='lat' dir='ltr'><strong>CAESARIS</strong></span> <span class='ocrx_word' id='word_1_5' title='bbox 1966 473 2522 546; x_wconf 80' lang='lat' dir='ltr'><strong>COMMENT.</strong></span> 
     </span>
    </p>
   </div>
   <div class='ocr_carea' id='block_1_2' title="bbox 635 605 2803 2731">
    <p class='ocr_par' dir='ltr' id='par_1_2' title="bbox 642 605 2797 920">
     <span class='ocr_line' id='line_1_2' title="bbox 642 605 2793 709; baseline -0.004 -24"><span class='ocrx_word' id='word_1_6' title='bbox 642 614 852 709; x_wconf 87' lang='lat' dir='ltr'>cepit,</span> <span class='ocrx_word' id='word_1_7' title='bbox 897 627 976 682; x_wconf 89' lang='lat' dir='ltr'>ut</span> <span class='ocrx_word' id='word_1_8' title='bbox 1009 611 1170 680; x_wconf 88' lang='lat' dir='ltr'>urbs</span> <span class='ocrx_word' id='word_1_9' title='bbox 1207 610 1296 678; x_wconf 80' lang='lat' dir='ltr'>ab</span> <span class='ocrx_word' id='word_1_10' title='bbox 1335 609 1639 678; x_wconf 82' lang='lat' dir='ltr'>hostibus</span> <span class='ocrx_word' id='word_1_11' title='bbox 1678 622 1877 703; x_wconf 81' lang='lat' dir='ltr'>capta</span> <span class='ocrx_word' id='word_1_12' title='bbox 1918 607 2157 678; x_wconf 80' lang='lat' dir='ltr'>eodem</span> <span class='ocrx_word' id='word_1_13' title='bbox 2196 608 2479 704; x_wconf 80' lang='lat' dir='ltr'>vestigio</span> <span class='ocrx_word' id='word_1_14' title='bbox 2521 605 2793 677; x_wconf 80' lang='lat' dir='ltr'>videre-</span> 
     </span>
     <span class='ocr_line' id='line_1_3' title="bbox 642 701 2797 810; baseline -0.003 -20"><span class='ocrx_word' id='word_1_15' title='bbox 642 737 771 790; x_wconf 87' lang='lat' dir='ltr'>tur.</span> <span class='ocrx_word' id='word_1_16' title='bbox 827 717 1272 790; x_wconf 76' lang='lat' dir='ltr'>Massilienses</span> <span class='ocrx_word' id='word_1_17' title='bbox 1323 732 1551 786; x_wconf 81' lang='lat' dir='ltr'>tamen</span> <span class='ocrx_word' id='word_1_18' title='bbox 1594 714 1806 784; x_wconf 86' lang='lat' dir='ltr'>nihilo</span> <span class='ocrx_word' id='word_1_19' title='bbox 1854 701 2162 810; x_wconf 79' lang='lat' dir='ltr'>segnius⁴</span> <span class='ocrx_word' id='word_1_20' title='bbox 2204 715 2291 784; x_wconf 88' lang='lat' dir='ltr'>ad</span> <span class='ocrx_word' id='word_1_21' title='bbox 2334 714 2797 786; x_wconf 80' lang='lat' dir='ltr'>defensionem</span> 
     </span>
     <span class='ocr_line' id='line_1_4' title="bbox 643 825 1891 920; baseline -0.006 -22"><span class='ocrx_word' id='word_1_22' title='bbox 643 828 828 898; x_wconf 88' lang='lat' dir='ltr'>urhis</span> <span class='ocrx_word' id='word_1_23' title='bbox 871 825 1122 920; x_wconf 83' lang='lat' dir='ltr'>reliqua</span> <span class='ocrx_word' id='word_1_24' title='bbox 1157 848 1482 920; x_wconf 80' lang='lat' dir='ltr'>apparare</span> <span class='ocrx_word' id='word_1_25' title='bbox 1524 837 1891 917; x_wconf 82' lang='lat' dir='ltr'>coeperunt.</span> 
     </span>
    </p>

    <p class='ocr_par' dir='ltr' id='par_1_3' title="bbox 637 927 2803 2305">
     <span class='ocr_line' id='line_1_5' title="bbox 749 927 2794 1025; baseline -0.004 -19"><span class='ocrx_word' id='word_1_26' title='bbox 749 936 942 1006; x_wconf 92' lang='lat' dir='ltr'><strong>VIII.</strong></span> <span class='ocrx_word' id='word_1_27' title='bbox 995 937 1120 1004; x_wconf 81' lang='lat' dir='ltr'>Est</span> <span class='ocrx_word' id='word_1_28' title='bbox 1159 931 1701 1000; x_wconf 70' lang='lat' dir='ltr'>annnadversum</span> <span class='ocrx_word' id='word_1_29' title='bbox 1736 930 1826 999; x_wconf 83' lang='lat' dir='ltr'>ab</span> <span class='ocrx_word' id='word_1_30' title='bbox 1860 927 2266 1025; x_wconf 80' lang='lat' dir='ltr'>legionariis,</span> <span class='ocrx_word' id='word_1_31' title='bbox 2298 928 2413 1024; x_wconf 90' lang='lat' dir='ltr'>qui</span> <span class='ocrx_word' id='word_1_32' title='bbox 2448 927 2794 1000; x_wconf 83' lang='lat' dir='ltr'>dexteram</span> 
     </span>
     <span class='ocr_line' id='line_1_6' title="bbox 641 1035 2795 1136; baseline -0.003 -26"><span class='ocrx_word' id='word_1_33' title='bbox 641 1054 902 1136; x_wconf 87' lang='lat' dir='ltr'>partem</span> <span class='ocrx_word' id='word_1_34' title='bbox 944 1041 1166 1135; x_wconf 84' lang='lat' dir='ltr'>operis</span> <span class='ocrx_word' id='word_1_35' title='bbox 1200 1037 1759 1107; x_wconf 76' lang='lat' dir='ltr'>administrabant</span> <span class='ocrx_word' id='word_1_36' title='bbox 1778 1066 1810 1125; x_wconf 87' lang='lat'>‚·</span> <span class='ocrx_word' id='word_1_37' title='bbox 1838 1061 1921 1106; x_wconf 76' lang='lat' dir='ltr'>cx</span> <span class='ocrx_word' id='word_1_38' title='bbox 1963 1035 2217 1106; x_wconf 76' lang='lat' dir='ltr'>crebris</span> <span class='ocrx_word' id='word_1_39' title='bbox 2246 1035 2546 1105; x_wconf 87' lang='lat' dir='ltr'>hostium</span> <span class='ocrx_word' id='word_1_40' title='bbox 2580 1060 2795 1132; x_wconf 88' lang='lat' dir='ltr'>erup-</span> 
     </span>
     <span class='ocr_line' id='line_1_7' title="bbox 641 1141 2795 1241; baseline -0.002 -25"><span class='ocrx_word' id='word_1_41' title='bbox 641 1147 934 1216; x_wconf 84' lang='lat' dir='ltr'>tionibus</span> <span class='ocrx_word' id='word_1_42' title='bbox 961 1198 981 1233; x_wconf 90' lang='lat'><strong><em>‚</em></strong></span> <span class='ocrx_word' id='word_1_43' title='bbox 1017 1169 1266 1240; x_wconf 81' lang='lat' dir='ltr'>magno</span> <span class='ocrx_word' id='word_1_44' title='bbox 1303 1145 1428 1214; x_wconf 85' lang='lat' dir='ltr'>sibi</span> <span class='ocrx_word' id='word_1_45' title='bbox 1467 1169 1610 1214; x_wconf 82' lang='lat' dir='ltr'>esse</span> <span class='ocrx_word' id='word_1_46' title='bbox 1653 1144 1959 1241; x_wconf 82' lang='lat' dir='ltr'>praesidio</span> <span class='ocrx_word' id='word_1_47' title='bbox 2004 1167 2231 1238; x_wconf 81' lang='lat' dir='ltr'>posse,</span> <span class='ocrx_word' id='word_1_48' title='bbox 2262 1145 2315 1214; x_wconf 90' lang='lat' dir='ltr'>si</span> <span class='ocrx_word' id='word_1_49' title='bbox 2350 1168 2479 1239; x_wconf 90' lang='lat' dir='ltr'>pro</span> <span class='ocrx_word' id='word_1_50' title='bbox 2518 1141 2795 1216; x_wconf 80' lang='lat' dir='ltr'>castello</span> 
     </span>
     <span class='ocr_line' id='line_1_8' title="bbox 643 1250 2803 1348; baseline -0.001 -26"><span class='ocrx_word' id='word_1_51' title='bbox 643 1278 722 1322; x_wconf 90' lang='lat' dir='ltr'>ac</span> <span class='ocrx_word' id='word_1_52' title='bbox 781 1251 1206 1348; x_wconf 80' lang='lat' dir='ltr'>receptaculo</span> <span class='ocrx_word' id='word_1_53' title='bbox 1229 1305 1235 1312; x_wconf 87' lang='lat'><strong>.</strong></span> <span class='ocrx_word' id='word_1_54' title='bbox 1257 1253 1496 1342; x_wconf 80' lang='lat' dir='ltr'>turrim</span> <span class='ocrx_word' id='word_1_55' title='bbox 1550 1277 1633 1322; x_wconf 81' lang='lat' dir='ltr'>ex</span> <span class='ocrx_word' id='word_1_56' title='bbox 1684 1252 1888 1321; x_wconf 85' lang='lat' dir='ltr'>latere</span> <span class='ocrx_word' id='word_1_57' title='bbox 1918 1250 1937 1274; x_wconf 84' lang='lat'><em>¹</em></span> <span class='ocrx_word' id='word_1_58' title='bbox 1986 1251 2111 1320; x_wconf 86' lang='lat' dir='ltr'>sub</span> <span class='ocrx_word' id='word_1_59' title='bbox 2168 1275 2364 1320; x_wconf 86' lang='lat' dir='ltr'>muro</span> <span class='ocrx_word' id='word_1_60' title='bbox 2430 1250 2747 1320; x_wconf 85' lang='lat' dir='ltr'>fecissent</span> <span class='ocrx_word' id='word_1_61' title='bbox 2775 1305 2803 1339; x_wconf 86' lang='lat'>‚.</span> 
     </span>
     <span class='ocr_line' id='line_1_9' title="bbox 642 1355 2795 1456; baseline 0 -28"><span class='ocrx_word' id='word_1_62' title='bbox 642 1383 844 1454; x_wconf 84' lang='lat' dir='ltr'>quam</span> <span class='ocrx_word' id='word_1_63' title='bbox 885 1361 1106 1456; x_wconf 84' lang='lat' dir='ltr'>primo</span> <span class='ocrx_word' id='word_1_64' title='bbox 1137 1358 1222 1427; x_wconf 88' lang='lat' dir='ltr'>ad</span> <span class='ocrx_word' id='word_1_65' title='bbox 1254 1361 1637 1453; x_wconf 85' lang='lat' dir='ltr'>repentinos</span> <span class='ocrx_word' id='word_1_66' title='bbox 1680 1360 1984 1430; x_wconf 84' lang='lat' dir='ltr'>incursus</span> <span class='ocrx_word' id='word_1_67' title='bbox 2025 1355 2346 1428; x_wconf 83' lang='lat' dir='ltr'>humilem</span> <span class='ocrx_word' id='word_1_68' title='bbox 2382 1381 2795 1454; x_wconf 82' lang='lat' dir='ltr'>parvamque</span> 
     </span>
     <span class='ocr_line' id='line_1_10' title="bbox 641 1451 2793 1559; baseline -0.001 -23"><span class='ocrx_word' id='word_1_69' title='bbox 641 1451 958 1538; x_wconf 75' lang='lat' dir='ltr'>fecerant.</span> <span class='ocrx_word' id='word_1_70' title='bbox 1007 1470 1158 1536; x_wconf 88' lang='lat' dir='ltr'>Huc</span> <span class='ocrx_word' id='word_1_71' title='bbox 1191 1465 1677 1536; x_wconf 70' lang='lat' dir='ltr'>se*1·eferebant</span> <span class='ocrx_word' id='word_1_72' title='bbox 1706 1493 1723 1535; x_wconf 74' lang='grc' dir='ltr'>ε</span> <span class='ocrx_word' id='word_1_73' title='bbox 1761 1466 1919 1534; x_wconf 86' lang='lat' dir='ltr'>hinc</span> <span class='ocrx_word' id='word_1_74' title='bbox 1944 1519 1965 1554; x_wconf 87' lang='lat'>‚</span> <span class='ocrx_word' id='word_1_75' title='bbox 1998 1467 2053 1534; x_wconf 85' lang='lat' dir='ltr'>si</span> <span class='ocrx_word' id='word_1_76' title='bbox 2082 1489 2217 1559; x_wconf 80' lang='lat' dir='ltr'>qua</span> <span class='ocrx_word' id='word_1_77' title='bbox 2258 1465 2473 1558; x_wconf 84' lang='lat' dir='ltr'>major</span> <span class='ocrx_word' id='word_1_78' title='bbox 2515 1488 2793 1559; x_wconf 86' lang='lat' dir='ltr'>oppres-</span> 
     </span>
     <span class='ocr_line' id='line_1_11' title="bbox 645 1570 2793 1672; baseline -0.001 -30"><span class='ocrx_word' id='word_1_79' title='bbox 645 1588 820 1642; x_wconf 85' lang='lat' dir='ltr'>serat</span> <span class='ocrx_word' id='word_1_80' title='bbox 861 1575 1000 1662; x_wconf 79' lang='lat' dir='ltr'>vis‚</span> <span class='ocrx_word' id='word_1_81' title='bbox 1039 1573 1601 1668; x_wconf 79' lang='lat' dir='ltr'>propugnabant:</span> <span class='ocrx_word' id='word_1_82' title='bbox 1630 1573 1789 1642; x_wconf 88' lang='lat' dir='ltr'>hinc</span> <span class='ocrx_word' id='word_1_83' title='bbox 1816 1573 1904 1642; x_wconf 89' lang='lat' dir='ltr'>ad</span> <span class='ocrx_word' id='word_1_84' title='bbox 1944 1570 2401 1672; x_wconf 83' lang='lat' dir='ltr'>repellendum</span> <span class='ocrx_word' id='word_1_85' title='bbox 2442 1586 2511 1640; x_wconf 90' lang='lat' dir='ltr'>et</span> <span class='ocrx_word' id='word_1_86' title='bbox 2550 1596 2793 1666; x_wconf 88' lang='lat' dir='ltr'>prose-</span> 
     </span>
     <span class='ocr_line' id='line_1_12' title="bbox 643 1678 2795 1797; baseline -0.001 -49"><span class='ocrx_word' id='word_1_87' title='bbox 643 1678 984 1776; x_wconf 89' lang='lat' dir='ltr'>quendum</span> <span class='ocrx_word' id='word_1_88' title='bbox 1021 1679 1285 1748; x_wconf 88' lang='lat' dir='ltr'>hostem</span> <span class='ocrx_word' id='word_1_89' title='bbox 1327 1678 1835 1774; x_wconf 85' lang='lat' dir='ltr'>procurrebant.</span> <span class='ocrx_word' id='word_1_90' title='bbox 1879 1679 2157 1768; x_wconf 74' lang='lat' dir='ltr'>Patebat</span> <span class='ocrx_word' id='word_1_91' title='bbox 2194 1678 2339 1747; x_wconf 83' lang='lat' dir='ltr'>haec</span> <span class='ocrx_word' id='word_1_92' title='bbox 2371 1703 2795 1797; x_wconf 80' lang='lat' dir='ltr'>quoquover-</span> 
     </span>
     <span class='ocr_line' id='line_1_13' title="bbox 643 1773 2792 1914; baseline -0.001 -59"><span class='ocrx_word' id='word_1_93' title='bbox 643 1811 754 1855; x_wconf 90' lang='lat' dir='ltr'>sus</span> <span class='ocrx_word' id='word_1_94' title='bbox 781 1783 985 1882; x_wconf 89' lang='lat' dir='ltr'>pedes</span> <span class='ocrx_word' id='word_1_95' title='bbox 1013 1787 1250 1872; x_wconf 88' lang='lat' dir='ltr'><strong>XXX,</strong></span> <span class='ocrx_word' id='word_1_96' title='bbox 1272 1785 1387 1856; x_wconf 88' lang='lat' dir='ltr'>sed</span> <span class='ocrx_word' id='word_1_97' title='bbox 1409 1787 1740 1880; x_wconf 77' lang='lat' dir='ltr'>parietum</span> <span class='ocrx_word' id='word_1_98' title='bbox 1776 1773 2144 1856; x_wconf 74' lang='lat' dir='ltr'>crassitudo</span> <span class='ocrx_word' id='word_1_99' title='bbox 2173 1786 2419 1880; x_wconf 87' lang='lat' dir='ltr'>pedum</span> <span class='ocrx_word' id='word_1_100' title='bbox 2454 1786 2792 1914; x_wconf 63' lang='lat' dir='ltr'>quipque:</span> 
     </span>
     <span class='ocr_line' id='line_1_14' title="bbox 639 1889 2788 1986; baseline 0 -24"><span class='ocrx_word' id='word_1_101' title='bbox 639 1905 869 1984; x_wconf 84' lang='lat' dir='ltr'>postea</span> <span class='ocrx_word' id='word_1_102' title='bbox 910 1916 1118 1977; x_wconf 81' lang='lat' dir='ltr'>vero,</span> <span class='ocrx_word' id='word_1_103' title='bbox 1162 1905 1240 1961; x_wconf 92' lang='lat' dir='ltr'>ut</span> <span class='ocrx_word' id='word_1_104' title='bbox 1280 1906 1383 1960; x_wconf 90' lang='lat' dir='ltr'>est</span> <span class='ocrx_word' id='word_1_105' title='bbox 1420 1917 1651 1964; x_wconf 87' lang='lat' dir='ltr'>rerum</span> <span class='ocrx_word' id='word_1_106' title='bbox 1696 1894 1997 1964; x_wconf 87' lang='lat' dir='ltr'>omnium</span> <span class='ocrx_word' id='word_1_107' title='bbox 2034 1893 2348 1986; x_wconf 80' lang='lat' dir='ltr'>magister</span> <span class='ocrx_word' id='word_1_108' title='bbox 2388 1889 2612 1978; x_wconf 75' lang='lat' dir='ltr'>usus&#39;,</span> <span class='ocrx_word' id='word_1_109' title='bbox 2654 1891 2788 1962; x_wconf 87' lang='lat' dir='ltr'>ho-</span> 
     </span>
     <span class='ocr_line' id='line_1_15' title="bbox 637 1995 2789 2098; baseline 0.001 -34"><span class='ocrx_word' id='word_1_110' title='bbox 637 1999 896 2065; x_wconf 87' lang='lat' dir='ltr'>minum</span> <span class='ocrx_word' id='word_1_111' title='bbox 932 1997 1232 2098; x_wconf 81' lang='lat' dir='ltr'>adhibita</span> <span class='ocrx_word' id='word_1_112' title='bbox 1267 1995 1535 2067; x_wconf 86' lang='lat' dir='ltr'>solertia</span> <span class='ocrx_word' id='word_1_113' title='bbox 1558 2052 1577 2086; x_wconf 90' lang='lat'>‚</span> <span class='ocrx_word' id='word_1_114' title='bbox 1606 2001 1952 2067; x_wconf 84' lang='lat' dir='ltr'>inventum</span> <span class='ocrx_word' id='word_1_115' title='bbox 1997 2013 2098 2069; x_wconf 86' lang='lat' dir='ltr'>cst</span> <span class='ocrx_word' id='word_1_116' title='bbox 2121 2052 2141 2086; x_wconf 87' lang='lat'>‚</span> <span class='ocrx_word' id='word_1_117' title='bbox 2182 2023 2429 2094; x_wconf 83' lang='lat' dir='ltr'>magno</span> <span class='ocrx_word' id='word_1_118' title='bbox 2465 2021 2608 2067; x_wconf 87' lang='lat' dir='ltr'>esse</span> <span class='ocrx_word' id='word_1_119' title='bbox 2637 2000 2789 2066; x_wconf 90' lang='lat' dir='ltr'>usui</span> 
     </span>
     <span class='ocr_line' id='line_1_16' title="bbox 639 2103 2791 2198; baseline 0.001 -26"><span class='ocrx_word' id='word_1_120' title='bbox 639 2128 834 2198; x_wconf 89' lang='lat' dir='ltr'>posse</span> <span class='ocrx_word' id='word_1_121' title='bbox 855 2157 875 2192; x_wconf 87' lang='lat'>‚</span> <span class='ocrx_word' id='word_1_122' title='bbox 925 2105 977 2172; x_wconf 92' lang='lat' dir='ltr'>si</span> <span class='ocrx_word' id='word_1_123' title='bbox 1021 2103 1166 2172; x_wconf 83' lang='lat' dir='ltr'>haec</span> <span class='ocrx_word' id='word_1_124' title='bbox 1221 2119 1391 2174; x_wconf 87' lang='lat' dir='ltr'>esset</span> <span class='ocrx_word' id='word_1_125' title='bbox 1439 2106 1510 2174; x_wconf 91' lang='lat' dir='ltr'>in</span> <span class='ocrx_word' id='word_1_126' title='bbox 1555 2103 1971 2178; x_wconf 85' lang='lat' dir='ltr'>altitudinem</span> <span class='ocrx_word' id='word_1_127' title='bbox 2018 2106 2219 2174; x_wconf 87' lang='lat' dir='ltr'>turris</span> <span class='ocrx_word' id='word_1_128' title='bbox 2278 2105 2467 2174; x_wconf 83' lang='lat' dir='ltr'>elata.</span> <span class='ocrx_word' id='word_1_129' title='bbox 2523 2105 2605 2174; x_wconf 92' lang='lat' dir='ltr'>Id</span> <span class='ocrx_word' id='word_1_130' title='bbox 2658 2105 2791 2174; x_wconf 88' lang='lat' dir='ltr'>hac</span> 
     </span>
     <span class='ocr_line' id='line_1_17' title="bbox 639 2205 2621 2305; baseline 0.002 -27"><span class='ocrx_word' id='word_1_131' title='bbox 639 2211 898 2280; x_wconf 84' lang='lat' dir='ltr'>ratione</span> <span class='ocrx_word' id='word_1_132' title='bbox 941 2209 1312 2305; x_wconf 86' lang='lat' dir='ltr'>perfectum</span> <span class='ocrx_word' id='word_1_133' title='bbox 1349 2226 1468 2282; x_wconf 85' lang='lat' dir='ltr'>est.</span> <span class='ocrx_word' id='word_1_134' title='bbox 2615 2205 2621 2208; x_wconf 49' lang='grc'><strong>”</strong></span> 
     </span>
    </p>

    <p class='ocr_par' dir='ltr' id='par_1_4' title="bbox 635 2315 2802 2731">
     <span class='ocr_line' id='line_1_18' title="bbox 741 2315 2787 2411; baseline 0.001 -28"><span class='ocrx_word' id='word_1_135' title='bbox 741 2317 863 2385; x_wconf 89' lang='grc' dir='ltr'>ΙΧ.</span> <span class='ocrx_word' id='word_1_136' title='bbox 910 2316 1048 2385; x_wconf 90' lang='lat' dir='ltr'>Ubi</span> <span class='ocrx_word' id='word_1_137' title='bbox 1089 2319 1288 2385; x_wconf 89' lang='lat' dir='ltr'>turris</span> <span class='ocrx_word' id='word_1_138' title='bbox 1331 2315 1613 2386; x_wconf 88' lang='lat' dir='ltr'>altitudo</span> <span class='ocrx_word' id='word_1_139' title='bbox 1644 2316 1969 2411; x_wconf 84' lang='lat' dir='ltr'>perducta</span> <span class='ocrx_word' id='word_1_140' title='bbox 2010 2317 2145 2387; x_wconf 85' lang='lat' dir='ltr'>est¹</span> <span class='ocrx_word' id='word_1_141' title='bbox 2178 2317 2264 2386; x_wconf 85' lang='lat' dir='ltr'>ad</span> <span class='ocrx_word' id='word_1_142' title='bbox 2302 2315 2787 2387; x_wconf 80' lang='lat' dir='ltr'>contabulatio-</span> 
     </span>
     <span class='ocr_line' id='line_1_19' title="bbox 635 2424 2802 2521; baseline 0 -29"><span class='ocrx_word' id='word_1_143' title='bbox 635 2445 826 2513; x_wconf 90' lang='lat' dir='ltr'>nem;</span> <span class='ocrx_word' id='word_1_144' title='bbox 863 2447 1010 2490; x_wconf 86' lang='lat' dir='ltr'>eam</span> <span class='ocrx_word' id='word_1_145' title='bbox 1052 2424 1123 2492; x_wconf 91' lang='lat' dir='ltr'>in</span> <span class='ocrx_word' id='word_1_146' title='bbox 1157 2425 1440 2521; x_wconf 83' lang='lat' dir='ltr'>parietes</span> <span class='ocrx_word' id='word_1_147' title='bbox 1495 2425 1957 2497; x_wconf 86' lang='lat' dir='ltr'>instruxerunt</span> <span class='ocrx_word' id='word_1_148' title='bbox 1990 2426 2122 2511; x_wconf 85' lang='lat' dir='ltr'>ita,</span> <span class='ocrx_word' id='word_1_149' title='bbox 2166 2438 2242 2492; x_wconf 88' lang='lat' dir='ltr'>ut</span> <span class='ocrx_word' id='word_1_150' title='bbox 2284 2425 2501 2521; x_wconf 86' lang='lat' dir='ltr'>capita</span> <span class='ocrx_word' id='word_1_151' title='bbox 2554 2425 2802 2520; x_wconf 65' lang='lat' dir='ltr'>tignoe</span> 
     </span>
     <span class='ocr_line' id='line_1_20' title="bbox 640 2532 2787 2629; baseline 0.002 -32"><span class='ocrx_word' id='word_1_152' title='bbox 640 2555 794 2603; x_wconf 84' lang='lat' dir='ltr'>rum</span> <span class='ocrx_word' id='word_1_153' title='bbox 857 2543 1196 2617; x_wconf 84' lang='lat' dir='ltr'>extrema,</span> <span class='ocrx_word' id='word_1_154' title='bbox 1251 2533 1582 2625; x_wconf 84' lang='lat' dir='ltr'>parietum</span> <span class='ocrx_word' id='word_1_155' title='bbox 1636 2546 1972 2603; x_wconf 83' lang='lat' dir='ltr'>structura</span> <span class='ocrx_word' id='word_1_156' title='bbox 2016 2546 2401 2629; x_wconf 82' lang='lat' dir='ltr'>tegerentur</span> <span class='ocrx_word' id='word_1_157' title='bbox 2418 2584 2441 2619; x_wconf 89' lang='lat'>‚</span> <span class='ocrx_word' id='word_1_158' title='bbox 2474 2556 2561 2605; x_wconf 85' lang='lat' dir='ltr'>ne</span> <span class='ocrx_word' id='word_1_159' title='bbox 2627 2532 2787 2627; x_wconf 88' lang='lat' dir='ltr'>quid</span> 
     </span>
     <span class='ocr_line' id='line_1_21' title="bbox 639 2637 2785 2731; baseline 0.001 -26"><span class='ocrx_word' id='word_1_160' title='bbox 639 2637 960 2705; x_wconf 86' lang='lat' dir='ltr'>emineret</span> <span class='ocrx_word' id='word_1_161' title='bbox 977 2691 996 2725; x_wconf 86' lang='lat'><strong>,</strong></span> <span class='ocrx_word' id='word_1_162' title='bbox 1043 2637 1160 2705; x_wconf 92' lang='lat' dir='ltr'>ubi</span> <span class='ocrx_word' id='word_1_163' title='bbox 1211 2638 1380 2731; x_wconf 83' lang='lat' dir='ltr'>ignis</span> <span class='ocrx_word' id='word_1_164' title='bbox 1443 2638 1738 2708; x_wconf 87' lang='lat' dir='ltr'>hostium</span> <span class='ocrx_word' id='word_1_165' title='bbox 1792 2638 2291 2708; x_wconf 73' lang='lat' dir='ltr'>adhaeresceret.</span> <span class='ocrx_word' id='word_1_166' title='bbox 2348 2642 2541 2707; x_wconf 82' lang='lat' dir='ltr'>Hanc</span> <span class='ocrx_word' id='word_1_167' title='bbox 2597 2638 2785 2707; x_wconf 88' lang='lat' dir='ltr'>insu·-</span> 
     </span>
    </p>
   </div>
   <div class='ocr_carea' id='block_1_3' title="bbox 631 2867 2783 3019">
    <p class='ocr_par' dir='ltr' id='par_1_5' title="bbox 631 2867 2783 3019">
     <span class='ocr_line' id='line_1_22' title="bbox 717 2867 2783 2943; baseline 0.001 -20"><span class='ocrx_word' id='word_1_168' title='bbox 717 2875 771 2931; x_wconf 71' lang='grc'>4.</span> <span class='ocrx_word' id='word_1_169' title='bbox 791 2867 964 2923; x_wconf 69' lang='lat' dir='ltr'>Nihilo</span> <span class='ocrx_word' id='word_1_170' title='bbox 988 2870 1196 2937; x_wconf 74' lang='lat' dir='ltr'>segnius.</span> <span class='ocrx_word' id='word_1_171' title='bbox 1222 2868 1456 2923; x_wconf 9' lang='lat' dir='ltr'>&#39;Restitui</span> <span class='ocrx_word' id='word_1_172' title='bbox 1479 2888 1545 2924; x_wconf 81' lang='lat' dir='ltr'>ex</span> <span class='ocrx_word' id='word_1_173' title='bbox 1572 2888 1665 2924; x_wconf 86' lang='lat' dir='ltr'>co·</span> <span class='ocrx_word' id='word_1_174' title='bbox 1754 2870 2023 2943; x_wconf 75' lang='lat' dir='ltr'>sequentis</span> <span class='ocrx_word' id='word_1_175' title='bbox 2060 2868 2289 2942; x_wconf 82' lang='lat' dir='ltr'>amplius</span> <span class='ocrx_word' id='word_1_176' title='bbox 2340 2869 2783 2927; x_wconf 82' lang='lat' dir='ltr'>commentarium</span> 
     </span>
     <span class='ocr_line' id='line_1_23' title="bbox 631 2944 2781 3019; baseline 0.001 -18"><span class='ocrx_word' id='word_1_177' title='bbox 631 2944 844 3001; x_wconf 76' lang='lat' dir='ltr'>dicibus</span> <span class='ocrx_word' id='word_1_178' title='bbox 880 2947 1014 3003; x_wconf 86' lang='lat' dir='ltr'>Scal.</span> <span class='ocrx_word' id='word_1_179' title='bbox 1031 2944 1042 2959; x_wconf 81' lang='lat'><strong><em>¹</em></strong></span> <span class='ocrx_word' id='word_1_180' title='bbox 1059 2961 1114 3001; x_wconf 84' lang='lat' dir='ltr'>et</span> <span class='ocrx_word' id='word_1_181' title='bbox 1152 2960 1337 3001; x_wconf 85' lang='lat' dir='ltr'>nostro</span> <span class='ocrx_word' id='word_1_182' title='bbox 1388 2948 1541 3019; x_wconf 84' lang='lat'><strong>5768</strong></span> <span class='ocrx_word' id='word_1_183' title='bbox 1558 2987 1575 3016; x_wconf 86' lang='lat'>,</span> <span class='ocrx_word' id='word_1_184' title='bbox 1612 2964 1666 3003; x_wconf 81' lang='lat' dir='ltr'>et</span> <span class='ocrx_word' id='word_1_185' title='bbox 1752 2969 1877 3005; x_wconf 86' lang='lat' dir='ltr'>cum</span> <span class='ocrx_word' id='word_1_186' title='bbox 1908 2950 2086 3005; x_wconf 74' lang='lat' dir='ltr'>tabula</span> <span class='ocrx_word' id='word_1_187' title='bbox 2112 2969 2217 3005; x_wconf 70' lang='lat' dir='ltr'>tere</span> <span class='ocrx_word' id='word_1_188' title='bbox 2238 2951 2421 3004; x_wconf 77' lang='lat' dir='ltr'>coelata</span> <span class='ocrx_word' id='word_1_189' title='bbox 2442 2948 2693 3005; x_wconf 79' lang='lat' dir='ltr'>dabimus</span> <span class='ocrx_word' id='word_1_190' title='bbox 2718 2948 2781 3003; x_wconf 86' lang='lat' dir='ltr'>ad</span> 
     </span>
    </p>
   </div>
   <div class='ocr_carea' id='block_1_4' title="bbox 635 3026 2785 3098">
    <p class='ocr_par' dir='ltr' id='par_1_6' title="bbox 635 3026 2785 3098">
     <span class='ocr_line' id='line_1_24' title="bbox 635 3026 2785 3098; baseline 0.001 -17"><span class='ocrx_word' id='word_1_191' title='bbox 635 3026 1063 3098; x_wconf 75' lang='lat' dir='ltr'>aliispermultis.</span> <span class='ocrx_word' id='word_1_192' title='bbox 1083 3026 1192 3080; x_wconf 73' lang='lat' dir='ltr'>Alii</span> <span class='ocrx_word' id='word_1_193' title='bbox 1214 3040 1389 3083; x_wconf 76' lang='lat' dir='ltr'>tamen</span> <span class='ocrx_word' id='word_1_194' title='bbox 1412 3030 1567 3083; x_wconf 74' lang='lat' dir='ltr'>nihilo</span> <span class='ocrx_word' id='word_1_195' title='bbox 1588 3050 1663 3082; x_wconf 78' lang='lat' dir='ltr'>se·</span> <span class='ocrx_word' id='word_1_196' title='bbox 1751 3030 1949 3085; x_wconf 75' lang='lat' dir='ltr'>calcem</span> <span class='ocrx_word' id='word_1_197' title='bbox 1996 3031 2125 3085; x_wconf 82' lang='lat' dir='ltr'>libri</span> <span class='ocrx_word' id='word_1_198' title='bbox 2168 3031 2315 3085; x_wconf 80' lang='lat' dir='ltr'>tertii</span> <span class='ocrx_word' id='word_1_199' title='bbox 2354 3049 2369 3083; x_wconf 75' lang='grc' dir='ltr'><em>τ</em></span> <span class='ocrx_word' id='word_1_200' title='bbox 2410 3042 2465 3085; x_wconf 80' lang='lat' dir='ltr'>at</span> <span class='ocrx_word' id='word_1_201' title='bbox 2509 3030 2617 3084; x_wconf 84' lang='lat' dir='ltr'>boe</span> <span class='ocrx_word' id='word_1_202' title='bbox 2666 3032 2785 3085; x_wconf 82' lang='lat' dir='ltr'>loco</span> 
     </span>
    </p>
   </div>
   <div class='ocr_carea' id='block_1_5' title="bbox 623 3105 1664 4220">
    <p class='ocr_par' dir='ltr' id='par_1_7' title="bbox 631 3105 1664 3499">
     <span class='ocr_line' id='line_1_25' title="bbox 634 3105 1664 3179; baseline 0.004 -22"><span class='ocrx_word' id='word_1_203' title='bbox 634 3110 760 3167; x_wconf 79' lang='lat' dir='ltr'>cius,</span> <span class='ocrx_word' id='word_1_204' title='bbox 785 3108 872 3159; x_wconf 83' lang='lat' dir='ltr'>vel</span> <span class='ocrx_word' id='word_1_205' title='bbox 899 3108 1046 3161; x_wconf 61' lang='lat' dir='ltr'>sericas</span> <span class='ocrx_word' id='word_1_206' title='bbox 1058 3127 1080 3169; x_wconf 70' lang='lat'>‚⁹</span> <span class='ocrx_word' id='word_1_207' title='bbox 1106 3105 1335 3163; x_wconf 69' lang='lat' dir='ltr'>editores</span> <span class='ocrx_word' id='word_1_208' title='bbox 1363 3120 1418 3164; x_wconf 76' lang='lat' dir='ltr'>et</span> <span class='ocrx_word' id='word_1_209' title='bbox 1431 3110 1664 3179; x_wconf 75' lang='lat' dir='ltr'>Vulgata</span> 
     </span>
     <span class='ocr_line' id='line_1_26' title="bbox 633 3187 1663 3265; baseline 0.002 -26"><span class='ocrx_word' id='word_1_210' title='bbox 633 3187 788 3239; x_wconf 71' lang='lat' dir='ltr'>nihilo</span> <span class='ocrx_word' id='word_1_211' title='bbox 817 3190 1034 3259; x_wconf 73' lang='lat' dir='ltr'>sequius,</span> <span class='ocrx_word' id='word_1_212' title='bbox 1073 3200 1326 3259; x_wconf 84' lang='lat' dir='ltr'>corrupta</span> <span class='ocrx_word' id='word_1_213' title='bbox 1362 3208 1468 3243; x_wconf 75' lang='lat' dir='ltr'>vox</span> <span class='ocrx_word' id='word_1_214' title='bbox 1495 3208 1663 3265; x_wconf 65' lang='lat' dir='ltr'>guam</span> 
     </span>
     <span class='ocr_line' id='line_1_27' title="bbox 633 3265 1661 3325; baseline 0.003 -5"><span class='ocrx_word' id='word_1_215' title='bbox 633 3265 876 3321; x_wconf 80' lang='lat' dir='ltr'>eamdem</span> <span class='ocrx_word' id='word_1_216' title='bbox 896 3266 1085 3321; x_wconf 72' lang='lat' dir='ltr'>dicunt</span> <span class='ocrx_word' id='word_1_217' title='bbox 1109 3286 1218 3321; x_wconf 79' lang='lat' dir='ltr'>esse</span> <span class='ocrx_word' id='word_1_218' title='bbox 1238 3287 1300 3325; x_wconf 86' lang='lat' dir='ltr'>ac</span> <span class='ocrx_word' id='word_1_219' title='bbox 1315 3272 1481 3323; x_wconf 71' lang='lat' dir='ltr'>secius.</span> <span class='ocrx_word' id='word_1_220' title='bbox 1498 3270 1661 3325; x_wconf 84' lang='lat' dir='ltr'>Esto:</span> 
     </span>
     <span class='ocr_line' id='line_1_28' title="bbox 631 3347 1663 3418; baseline 0.006 -19"><span class='ocrx_word' id='word_1_221' title='bbox 631 3366 730 3418; x_wconf 87' lang='lat' dir='ltr'>per</span> <span class='ocrx_word' id='word_1_222' title='bbox 747 3366 833 3401; x_wconf 81' lang='lat' dir='ltr'>me</span> <span class='ocrx_word' id='word_1_223' title='bbox 857 3347 1013 3414; x_wconf 85' lang='lat' dir='ltr'>licet,</span> <span class='ocrx_word' id='word_1_224' title='bbox 1045 3361 1107 3402; x_wconf 88' lang='lat' dir='ltr'>ut</span> <span class='ocrx_word' id='word_1_225' title='bbox 1132 3367 1248 3401; x_wconf 80' lang='lat' dir='ltr'>eam</span> <span class='ocrx_word' id='word_1_226' title='bbox 1273 3361 1517 3413; x_wconf 61' lang='lat' dir='ltr'>servent,</span> <span class='ocrx_word' id='word_1_227' title='bbox 1534 3368 1663 3405; x_wconf 78' lang='lat' dir='ltr'>nam</span> 
     </span>
     <span class='ocr_line' id='line_1_29' title="bbox 631 3428 1506 3499; baseline 0.003 -19"><span class='ocrx_word' id='word_1_228' title='bbox 631 3428 784 3481; x_wconf 68' lang='lat' dir='ltr'>nihilo</span> <span class='ocrx_word' id='word_1_229' title='bbox 810 3431 960 3483; x_wconf 69' lang='lat' dir='ltr'>secius</span> <span class='ocrx_word' id='word_1_230' title='bbox 981 3446 1130 3499; x_wconf 75' lang='lat' dir='ltr'>aeque</span> <span class='ocrx_word' id='word_1_231' title='bbox 1155 3429 1285 3483; x_wconf 77' lang='lat' dir='ltr'>ferri</span> <span class='ocrx_word' id='word_1_232' title='bbox 1314 3441 1506 3499; x_wconf 77' lang='lat' dir='ltr'>potest.</span> 
     </span>
    </p>

    <p class='ocr_par' dir='ltr' id='par_1_8' title="bbox 631 3507 1660 3643">
     <span class='ocr_line' id='line_1_30' title="bbox 711 3507 1660 3564; baseline 0.001 -1"><span class='ocrx_word' id='word_1_233' title='bbox 711 3507 842 3563; x_wconf 74' lang='lat' dir='ltr'>Cn».</span> <span class='ocrx_word' id='word_1_234' title='bbox 875 3508 1032 3563; x_wconf 89' lang='lat' dir='ltr'><strong>VIII.</strong></span> <span class='ocrx_word' id='word_1_235' title='bbox 1071 3528 1094 3561; x_wconf 94' lang='lat'>1</span> <span class='ocrx_word' id='word_1_236' title='bbox 1107 3548 1120 3561; x_wconf 90' lang='lat'><strong>.</strong></span> <span class='ocrx_word' id='word_1_237' title='bbox 1162 3510 1356 3563; x_wconf 74' lang='lat' dir='ltr'>Turrim</span> <span class='ocrx_word' id='word_1_238' title='bbox 1397 3529 1460 3563; x_wconf 73' lang='lat' dir='ltr'>ex</span> <span class='ocrx_word' id='word_1_239' title='bbox 1493 3509 1660 3564; x_wconf 58' lang='lat' dir='ltr'>hare.</span> 
     </span>
     <span class='ocr_line' id='line_1_31' title="bbox 631 3588 1178 3643; baseline 0 -2"><span class='ocrx_word' id='word_1_240' title='bbox 631 3588 851 3643; x_wconf 82' lang='lat' dir='ltr'>Turrim</span> <span class='ocrx_word' id='word_1_241' title='bbox 877 3588 1178 3641; x_wconf 79' lang='lat' dir='ltr'>lateritiam.</span> 
     </span>
    </p>

    <p class='ocr_par' dir='ltr' id='par_1_9' title="bbox 627 3669 1664 4059">
     <span class='ocr_line' id='line_1_32' title="bbox 713 3669 1664 3737; baseline -0.002 -14"><span class='ocrx_word' id='word_1_242' title='bbox 713 3687 763 3723; x_wconf 72' lang='lat' dir='ltr'>a.</span> <span class='ocrx_word' id='word_1_243' title='bbox 805 3669 875 3723; x_wconf 78' lang='lat' dir='ltr'>Ut</span> <span class='ocrx_word' id='word_1_244' title='bbox 903 3680 977 3719; x_wconf 78' lang='lat' dir='ltr'>est</span> <span class='ocrx_word' id='word_1_245' title='bbox 1004 3672 1211 3721; x_wconf 71' lang='lat' dir='ltr'>omnium</span> <span class='ocrx_word' id='word_1_246' title='bbox 1243 3687 1402 3721; x_wconf 76' lang='lat' dir='ltr'>rerum</span> <span class='ocrx_word' id='word_1_247' title='bbox 1431 3670 1664 3737; x_wconf 71' lang='lat' dir='ltr'>magister</span> 
     </span>
     <span class='ocr_line' id='line_1_33' title="bbox 633 3736 1659 3814; baseline 0.003 -15"><span class='ocrx_word' id='word_1_248' title='bbox 633 3767 758 3800; x_wconf 80' lang='lat' dir='ltr'>usus.</span> <span class='ocrx_word' id='word_1_249' title='bbox 784 3748 859 3801; x_wconf 88' lang='lat' dir='ltr'>M.</span> <span class='ocrx_word' id='word_1_250' title='bbox 887 3748 1059 3814; x_wconf 88' lang='lat' dir='ltr'>Tull.,</span> <span class='ocrx_word' id='word_1_251' title='bbox 1082 3746 1148 3800; x_wconf 90' lang='lat' dir='ltr'>de</span> <span class='ocrx_word' id='word_1_252' title='bbox 1167 3736 1317 3801; x_wconf 66' lang='lat' dir='ltr'>Orat.</span> <span class='ocrx_word' id='word_1_253' title='bbox 1336 3747 1432 3801; x_wconf 86' lang='lat' dir='ltr'>lib.</span> <span class='ocrx_word' id='word_1_254' title='bbox 1453 3766 1504 3813; x_wconf 72' lang='grc' dir='ltr'>ι,</span> <span class='ocrx_word' id='word_1_255' title='bbox 1522 3767 1567 3803; x_wconf 86' lang='lat' dir='ltr'>c.</span> <span class='ocrx_word' id='word_1_256' title='bbox 1592 3755 1659 3813; x_wconf 75' lang='lat'>4:</span> 
     </span>
     <span class='ocr_line' id='line_1_34' title="bbox 633 3828 1659 3899; baseline -0.002 -18"><span class='ocrx_word' id='word_1_257' title='bbox 633 3828 760 3881; x_wconf 80' lang='lat' dir='ltr'>Usus</span> <span class='ocrx_word' id='word_1_258' title='bbox 799 3830 1004 3883; x_wconf 76' lang='lat' dir='ltr'>omnium</span> <span class='ocrx_word' id='word_1_259' title='bbox 1041 3832 1376 3899; x_wconf 73' lang='lat' dir='ltr'>magistrorum</span> <span class='ocrx_word' id='word_1_260' title='bbox 1414 3842 1659 3899; x_wconf 74' lang='lat' dir='ltr'>pmcepta</span> 
     </span>
     <span class='ocr_line' id='line_1_35' title="bbox 627 3908 1661 3978; baseline 0.002 -17"><span class='ocrx_word' id='word_1_261' title='bbox 627 3920 837 3977; x_wconf 77' lang='lat' dir='ltr'>superat.</span> <span class='ocrx_word' id='word_1_262' title='bbox 860 3909 926 3962; x_wconf 89' lang='lat' dir='ltr'>T.</span> <span class='ocrx_word' id='word_1_263' title='bbox 951 3910 1067 3963; x_wconf 85' lang='lat' dir='ltr'>Liv.</span> <span class='ocrx_word' id='word_1_264' title='bbox 1099 3928 1270 3975; x_wconf 69' lang='lat' dir='ltr'>tun,</span> <span class='ocrx_word' id='word_1_265' title='bbox 1289 3928 1334 3963; x_wconf 76' lang='lat' dir='ltr'>c,</span> <span class='ocrx_word' id='word_1_266' title='bbox 1369 3908 1442 3978; x_wconf 80' lang='lat'>39</span> <span class='ocrx_word' id='word_1_267' title='bbox 1463 3927 1479 3963; x_wconf 71' lang='grc' dir='ltr'><strong><em>ε</em></strong></span> <span class='ocrx_word' id='word_1_268' title='bbox 1497 3910 1661 3965; x_wconf 68' lang='lat' dir='ltr'>Even-</span> 
     </span>
     <span class='ocr_line' id='line_1_36' title="bbox 630 3988 1508 4059; baseline 0.007 -20"><span class='ocrx_word' id='word_1_269' title='bbox 630 3999 730 4039; x_wconf 71' lang='lat' dir='ltr'>tum</span> <span class='ocrx_word' id='word_1_270' title='bbox 754 3988 1006 4041; x_wconf 77' lang='lat' dir='ltr'>stultorum</span> <span class='ocrx_word' id='word_1_271' title='bbox 1036 3993 1316 4059; x_wconf 65' lang='lat' dir='ltr'>nagistrum</span> <span class='ocrx_word' id='word_1_272' title='bbox 1344 4002 1508 4045; x_wconf 77' lang='lat' dir='ltr'>vocat.</span> 
     </span>
    </p>

    <p class='ocr_par' dir='ltr' id='par_1_10' title="bbox 623 4067 1657 4220">
     <span class='ocr_line' id='line_1_37' title="bbox 711 4067 1657 4125; baseline 0.002 -4"><span class='ocrx_word' id='word_1_273' title='bbox 711 4067 842 4121; x_wconf 69' lang='lat' dir='ltr'><strong>Cu».</strong></span> <span class='ocrx_word' id='word_1_274' title='bbox 885 4069 986 4125; x_wconf 87' lang='lat' dir='ltr'>IX.</span> <span class='ocrx_word' id='word_1_275' title='bbox 1037 4086 1086 4123; x_wconf 88' lang='lat'>1.</span> <span class='ocrx_word' id='word_1_276' title='bbox 1129 4070 1228 4123; x_wconf 78' lang='lat' dir='ltr'>Ubi</span> <span class='ocrx_word' id='word_1_277' title='bbox 1265 4074 1410 4123; x_wconf 75' lang='lat' dir='ltr'>tur-ris</span> <span class='ocrx_word' id='word_1_278' title='bbox 1445 4069 1657 4124; x_wconf 74' lang='lat' dir='ltr'>altitudo</span> 
     </span>
     <span class='ocr_line' id='line_1_38' title="bbox 623 4148 1657 4220; baseline 0.007 -23"><span class='ocrx_word' id='word_1_279' title='bbox 623 4148 860 4219; x_wconf 83' lang='lat' dir='ltr'>perducta</span> <span class='ocrx_word' id='word_1_280' title='bbox 893 4160 989 4212; x_wconf 84' lang='lat' dir='ltr'>est,</span> <span class='ocrx_word' id='word_1_281' title='bbox 1024 4161 1112 4202; x_wconf 83' lang='lat' dir='ltr'>etc.</span> <span class='ocrx_word' id='word_1_282' title='bbox 1150 4148 1352 4220; x_wconf 80' lang='lat' dir='ltr'>Capitis</span> <span class='ocrx_word' id='word_1_283' title='bbox 1397 4149 1559 4220; x_wconf 75' lang='lat' dir='ltr'>hujus</span> <span class='ocrx_word' id='word_1_284' title='bbox 1601 4162 1657 4204; x_wconf 84' lang='lat' dir='ltr'>et</span> 
     </span>
    </p>
   </div>
   <div class='ocr_carea' id='block_1_6' title="bbox 1742 3108 2787 4143">
    <p class='ocr_par' dir='ltr' id='par_1_11' title="bbox 1742 3108 2787 4143">
     <span class='ocr_line' id='line_1_39' title="bbox 1750 3108 2786 3182; baseline 0 -17"><span class='ocrx_word' id='word_1_285' title='bbox 1750 3122 1957 3167; x_wconf 76' lang='lat' dir='ltr'>tantum</span> <span class='ocrx_word' id='word_1_286' title='bbox 1983 3108 2053 3165; x_wconf 84' lang='lat' dir='ltr'>de</span> <span class='ocrx_word' id='word_1_287' title='bbox 2072 3110 2235 3165; x_wconf 72' lang='lat' dir='ltr'>variis</span> <span class='ocrx_word' id='word_1_288' title='bbox 2258 3111 2575 3165; x_wconf 81' lang='lat' dir='ltr'>lectionibus</span> <span class='ocrx_word' id='word_1_289' title='bbox 2597 3111 2786 3182; x_wconf 84' lang='lat' dir='ltr'>loque·</span> 
     </span>
     <span class='ocr_line' id='line_1_40' title="bbox 1749 3189 2785 3262; baseline -0.002 -17"><span class='ocrx_word' id='word_1_290' title='bbox 1749 3210 1900 3245; x_wconf 79' lang='lat' dir='ltr'>mur:</span> <span class='ocrx_word' id='word_1_291' title='bbox 1916 3210 2081 3262; x_wconf 78' lang='lat' dir='ltr'>porro</span> <span class='ocrx_word' id='word_1_292' title='bbox 2098 3189 2309 3245; x_wconf 81' lang='lat' dir='ltr'>codices</span> <span class='ocrx_word' id='word_1_293' title='bbox 2320 3190 2432 3244; x_wconf 80' lang='lat' dir='ltr'>fere</span> <span class='ocrx_word' id='word_1_294' title='bbox 2442 3208 2633 3245; x_wconf 82' lang='lat' dir='ltr'>omnes</span> <span class='ocrx_word' id='word_1_295' title='bbox 2647 3190 2785 3245; x_wconf 82' lang='lat' dir='ltr'>hanc</span> 
     </span>
     <span class='ocr_line' id='line_1_41' title="bbox 1748 3268 2787 3342; baseline 0 -19"><span class='ocrx_word' id='word_1_296' title='bbox 1748 3270 1991 3342; x_wconf 75' lang='lat' dir='ltr'>phrasim</span> <span class='ocrx_word' id='word_1_297' title='bbox 2020 3271 2095 3325; x_wconf 84' lang='lat' dir='ltr'>ita</span> <span class='ocrx_word' id='word_1_298' title='bbox 2115 3268 2383 3325; x_wconf 81' lang='lat' dir='ltr'>dederunt</span> <span class='ocrx_word' id='word_1_299' title='bbox 2400 3290 2417 3325; x_wconf 78' lang='lat' dir='ltr'>t</span> <span class='ocrx_word' id='word_1_300' title='bbox 2436 3270 2517 3325; x_wconf 75' lang='lat' dir='ltr'>Ibi</span> <span class='ocrx_word' id='word_1_301' title='bbox 2543 3274 2692 3323; x_wconf 72' lang='lat' dir='ltr'>uari-is</span> <span class='ocrx_word' id='word_1_302' title='bbox 2714 3272 2787 3323; x_wconf 81' lang='lat' dir='ltr'>al-</span> 
     </span>
     <span class='ocr_line' id='line_1_42' title="bbox 1750 3350 2779 3423; baseline -0.003 -19"><span class='ocrx_word' id='word_1_303' title='bbox 1750 3352 1907 3405; x_wconf 68' lang='lat' dir='ltr'>titudo</span> <span class='ocrx_word' id='word_1_304' title='bbox 1920 3352 2159 3423; x_wconf 73' lang='lat' dir='ltr'>perducta</span> <span class='ocrx_word' id='word_1_305' title='bbox 2180 3364 2279 3412; x_wconf 84' lang='lat' dir='ltr'>est,</span> <span class='ocrx_word' id='word_1_306' title='bbox 2306 3352 2391 3405; x_wconf 78' lang='lat' dir='ltr'>vel</span> <span class='ocrx_word' id='word_1_307' title='bbox 2410 3350 2657 3422; x_wconf 61' lang='lat' dir='ltr'>producta</span> <span class='ocrx_word' id='word_1_308' title='bbox 2680 3363 2779 3413; x_wconf 81' lang='lat' dir='ltr'>est,</span> 
     </span>
     <span class='ocr_line' id='line_1_43' title="bbox 1750 3432 2785 3503; baseline -0.002 -18"><span class='ocrx_word' id='word_1_309' title='bbox 1750 3442 1808 3485; x_wconf 75' lang='lat' dir='ltr'>ut</span> <span class='ocrx_word' id='word_1_310' title='bbox 1824 3432 2224 3485; x_wconf 71' lang='lat' dir='ltr'>contabulationis</span> <span class='ocrx_word' id='word_1_311' title='bbox 2241 3450 2388 3485; x_wconf 71' lang='lat' dir='ltr'>causa</span> <span class='ocrx_word' id='word_1_312' title='bbox 2410 3435 2463 3484; x_wconf 77' lang='grc' dir='ltr'>ἱιι</span> <span class='ocrx_word' id='word_1_313' title='bbox 2474 3434 2688 3503; x_wconf 73' lang='lat' dir='ltr'>pan’etes</span> <span class='ocrx_word' id='word_1_314' title='bbox 2710 3436 2785 3485; x_wconf 76' lang='lat' dir='ltr'>in-</span> 
     </span>
     <span class='ocr_line' id='line_1_44' title="bbox 1746 3505 2781 3575; baseline 0 -12"><span class='ocrx_word' id='word_1_315' title='bbox 1746 3524 2027 3565; x_wconf 70' lang='lat' dir='ltr'>struxenmt</span> <span class='ocrx_word' id='word_1_316' title='bbox 2048 3505 2455 3575; x_wconf 64' lang='lat' dir='ltr'>(emmeram),</span> <span class='ocrx_word' id='word_1_317' title='bbox 2484 3514 2557 3563; x_wconf 64' lang='lat' dir='ltr'>im</span> <span class='ocrx_word' id='word_1_318' title='bbox 2584 3524 2662 3573; x_wconf 79' lang='lat' dir='ltr'>ue,</span> <span class='ocrx_word' id='word_1_319' title='bbox 2692 3523 2781 3564; x_wconf 72' lang='lat' dir='ltr'>etr.</span> 
     </span>
     <span class='ocr_line' id='line_1_45' title="bbox 1746 3590 2781 3663; baseline -0.002 -18"><span class='ocrx_word' id='word_1_320' title='bbox 1746 3592 1857 3645; x_wconf 79' lang='lat' dir='ltr'>Alii</span> <span class='ocrx_word' id='word_1_321' title='bbox 1894 3604 2188 3663; x_wconf 76' lang='lat' dir='ltr'>agnoscunt</span> <span class='ocrx_word' id='word_1_322' title='bbox 2228 3596 2281 3644; x_wconf 81' lang='lat' dir='ltr'>in</span> <span class='ocrx_word' id='word_1_323' title='bbox 2296 3630 2313 3654; x_wconf 83' lang='lat'><em>,</em></span> <span class='ocrx_word' id='word_1_324' title='bbox 2362 3591 2453 3647; x_wconf 84' lang='lat' dir='ltr'>alii</span> <span class='ocrx_word' id='word_1_325' title='bbox 2500 3590 2781 3662; x_wconf 76' lang='lat' dir='ltr'>rejiciunt5</span> 
     </span>
     <span class='ocr_line' id='line_1_46' title="bbox 1748 3670 2779 3735; baseline 0 -10"><span class='ocrx_word' id='word_1_326' title='bbox 1748 3671 1838 3725; x_wconf 69' lang='lat' dir='ltr'>alii</span> <span class='ocrx_word' id='word_1_327' title='bbox 1860 3672 1943 3735; x_wconf 84' lang='lat' dir='ltr'>ad,</span> <span class='ocrx_word' id='word_1_328' title='bbox 1968 3672 2149 3725; x_wconf 81' lang='lat' dir='ltr'>nullus</span> <span class='ocrx_word' id='word_1_329' title='bbox 2170 3684 2349 3728; x_wconf 81' lang='lat' dir='ltr'>autem</span> <span class='ocrx_word' id='word_1_330' title='bbox 2361 3670 2651 3725; x_wconf 75' lang='lat' dir='ltr'>lectionem</span> <span class='ocrx_word' id='word_1_331' title='bbox 2670 3672 2779 3725; x_wconf 84' lang='lat' dir='ltr'>vul·</span> 
     </span>
     <span class='ocr_line' id='line_1_47' title="bbox 1744 3751 2779 3823; baseline -0.004 -17"><span class='ocrx_word' id='word_1_332' title='bbox 1744 3763 1921 3821; x_wconf 73' lang='lat' dir='ltr'>gatam</span> <span class='ocrx_word' id='word_1_333' title='bbox 1958 3751 2175 3806; x_wconf 82' lang='lat' dir='ltr'>exhibet</span> <span class='ocrx_word' id='word_1_334' title='bbox 2216 3753 2475 3823; x_wconf 74' lang='lat' dir='ltr'>integram</span> <span class='ocrx_word' id='word_1_335' title='bbox 2488 3786 2506 3816; x_wconf 80' lang='lat'>,</span> <span class='ocrx_word' id='word_1_336' title='bbox 2544 3769 2667 3822; x_wconf 69' lang='lat' dir='ltr'>qua</span> <span class='ocrx_word' id='word_1_337' title='bbox 2704 3762 2779 3803; x_wconf 79' lang='lat' dir='ltr'>est</span> 
     </span>
     <span class='ocr_line' id='line_1_48' title="bbox 1746 3829 2777 3903; baseline -0.002 -18"><span class='ocrx_word' id='word_1_338' title='bbox 1746 3829 2049 3885; x_wconf 72' lang='lat' dir='ltr'>emendatio</span> <span class='ocrx_word' id='word_1_339' title='bbox 2098 3832 2461 3887; x_wconf 80' lang='lat' dir='ltr'>recentiorum</span> <span class='ocrx_word' id='word_1_340' title='bbox 2492 3868 2511 3897; x_wconf 88' lang='lat'>,</span> <span class='ocrx_word' id='word_1_341' title='bbox 2564 3844 2621 3886; x_wconf 85' lang='lat' dir='ltr'>et</span> <span class='ocrx_word' id='word_1_342' title='bbox 2658 3831 2777 3903; x_wconf 84' lang='lat' dir='ltr'>qui·</span> 
     </span>
     <span class='ocr_line' id='line_1_49' title="bbox 1744 3909 2774 3977; baseline -0.002 -12"><span class='ocrx_word' id='word_1_343' title='bbox 1744 3909 1870 3965; x_wconf 81' lang='lat' dir='ltr'>dem</span> <span class='ocrx_word' id='word_1_344' title='bbox 1894 3912 2183 3966; x_wconf 78' lang='lat' dir='ltr'>necessaria</span> <span class='ocrx_word' id='word_1_345' title='bbox 2197 3950 2215 3977; x_wconf 83' lang='lat'><strong>,</strong></span> <span class='ocrx_word' id='word_1_346' title='bbox 2252 3930 2377 3965; x_wconf 75' lang='lat' dir='ltr'>nam</span> <span class='ocrx_word' id='word_1_347' title='bbox 2406 3930 2473 3965; x_wconf 83' lang='lat' dir='ltr'>ex</span> <span class='ocrx_word' id='word_1_348' title='bbox 2502 3910 2774 3965; x_wconf 80' lang='lat' dir='ltr'>codicibus</span> 
     </span>
     <span class='ocr_line' id='line_1_50' title="bbox 1742 3992 2770 4047; baseline -0.005 0"><span class='ocrx_word' id='word_1_349' title='bbox 1742 4010 1927 4047; x_wconf 68' lang='lat' dir='ltr'>tensus</span> <span class='ocrx_word' id='word_1_350' title='bbox 1950 3992 2061 4046; x_wconf 79' lang='lat' dir='ltr'>fere</span> <span class='ocrx_word' id='word_1_351' title='bbox 2090 3992 2269 4047; x_wconf 80' lang='lat' dir='ltr'>nullus</span> <span class='ocrx_word' id='word_1_352' title='bbox 2298 4004 2392 4047; x_wconf 81' lang='lat' dir='ltr'>est.</span> <span class='ocrx_word' id='word_1_353' title='bbox 2411 4022 2493 4039; x_wconf 75' lang='lat'>--</span> <span class='ocrx_word' id='word_1_354' title='bbox 2509 3992 2770 4044; x_wconf 75' lang='lat' dir='ltr'>Adboeres·</span> 
     </span>
     <span class='ocr_line' id='line_1_51' title="bbox 1746 4072 2779 4143; baseline -0.002 -18"><span class='ocrx_word' id='word_1_355' title='bbox 1746 4086 1886 4126; x_wconf 71' lang='lat' dir='ltr'>aeret.</span> <span class='ocrx_word' id='word_1_356' title='bbox 1918 4072 2153 4143; x_wconf 76' lang='lat' dir='ltr'>Vulgata</span> <span class='ocrx_word' id='word_1_357' title='bbox 2184 4074 2529 4126; x_wconf 70' lang='lat' dir='ltr'>inhoemoemt.</span> <span class='ocrx_word' id='word_1_358' title='bbox 2562 4072 2779 4125; x_wconf 76' lang='lat' dir='ltr'>Utrum-</span> 
     </span>
    </p>
   </div>
   <div class='ocr_carea' id='block_1_7' title="bbox 1746 4150 2213 4223">
    <p class='ocr_par' dir='ltr' id='par_1_12' title="bbox 1746 4150 2213 4223">
     <span class='ocr_line' id='line_1_52' title="bbox 1746 4150 2213 4223; baseline 0 -16"><span class='ocrx_word' id='word_1_359' title='bbox 1746 4150 1987 4223; x_wconf 77' lang='lat' dir='ltr'>que-dici</span> <span class='ocrx_word' id='word_1_360' title='bbox 2010 4164 2213 4223; x_wconf 78' lang='lat' dir='ltr'>potest.</span> 
     </span>
    </p>
   </div>
  </div>
 </body>
</html>
