3025 5025
597 464 638 509 s
956 458 1663 527 HISPANIENSI.
2230 458 2378 549 543

229 607 416 679 rant,
454 595 521 661 V
557 590 796 686 dejecti
831 604 1026 678 sunt,
1065 604 1133 659 et
1179 614 1350 685 puer
1377 644 1397 678 ‚
1440 591 1555 685 qui
1598 584 1927 658 ballistam
1968 592 2197 664 solitus
2236 612 2380 677 erat

230 700 608 769 observare.
1020 788 1022 791 y

218 838 229 850 ’
339 808 530 875 XIV.
587 807 692 875 Eo
736 805 1072 899 praeterito
1096 818 1400 898 tempore
1424 801 1470 891 ²,
1505 804 1861 897 Pompeius
1900 819 2084 874 trans
2128 806 2379 876 flumen

232 910 494 983 Salsum
532 910 874 982 castellum
915 910 1293 999 constituit3
1332 934 1551 1003 neque
1583 935 1621 979 a
1657 911 1901 979 nostris
1938 912 2317 1005 prohibitus
2360 943 2378 999 3

232 1018 530 1114 falsaque
567 1017 676 1087 illa
712 1019 1024 1112 opinione
1055 1016 1374 1111 gloriatus
1410 1032 1545 1104 est,
1570 1016 1749 1111 quod
1776 1040 1987 1112 prope
2020 1021 2090 1086 in
2138 1024 2381 1090 nostris

231 1128 538 1221 partibus
574 1123 796 1208 locum
833 1126 1170 1195 tenuisset.
1199 1126 1370 1193 It'em
1408 1126 1779 1218 insequenti
1816 1124 1921 1192 die
1956 1125 2189 1194 eadem
2222 1153 2379 1195 con·

234 1234 586 1303 suetudine
621 1232 782 1301 dum
815 1230 1076 1326 longius
1107 1232 1559 1326 prosequitur,
1584 1254 1719 1325 quo
1754 1227 1905 1299 loeo
1934 1234 2189 1327 equites
2222 1260 2382 1303 nos-

235 1342 323 1408 tri
347 1341 700 1409 stationem
723 1338 1129 1425 habueram,
1155 1336 1410 1431 aliquot
1425 1352 1665 1407 turmae
1686 1362 1841 1406 cum
1868 1335 1997 1407 levi
2016 1354 2355 1409 armatura
2368 1396 2387 1425 ‚

237 1448 496 1541 impetu
536 1445 747 1533 facto,
795 1444 946 1517 loco
993 1458 1148 1515 sunt
1197 1443 1467 1538 dejectae
1489 1498 1509 1532 ‚
1548 1460 1615 1513 et
1664 1459 1941 1539 propter
1985 1448 2384 1541 paucitatem

235 1568 623 1623 nostrorum
651 1552 950 1646 equitum
977 1550 1171 1622 simul
1199 1577 1354 1622 cum
1384 1551 1514 1621 levi
1542 1548 1910 1620 armatura²
1939 1554 2115 1621 inter
2134 1565 2387 1623 turmas

237 1660 774 1730 adversariorum
837 1659 1151 1753 protritae.
1207 1662 1359 1727 Hoc
1417 1660 1484 1725 in
1534 1671 1898 1752 conspectu
1951 1667 2389 1755 utrorumque

238 1781 614 1835 castrorum
663 1764 1066 1859 gerebatur:
1120 1778 1188 1833 et
1225 1766 1476 1858 majore
1530 1766 1919 1859 Pompeiani
1972 1767 2391 1837 exsultabant

239 1872 494 1967 gloria,
527 1871 788 1965 longius
819 1872 1046 1966 quod,
1083 1874 1326 1941 nostris
1361 1871 1781 1959 cedentibuS,
1808 1876 2121 2003 prosequi
2157 1878 2391 1971 eoepis-

243 1994 414 2051 sent.
457 1979 596 2067 Qui
633 2004 840 2072 quum
878 1978 1100 2074 aliquo
1135 1974 1286 2047 loco
1321 2003 1364 2047 a
1400 1980 1644 2047 nostris
1690 1964 1981 2072 recepti³
2022 1996 2280 2071 essent,
2318 1996 2395 2051 ut

243 2100 710 2173 consuessent,
735 2110 820 2155 ex
843 2085 1036 2155 simili
1070 2087 1320 2155 virtute
1357 2084 1651 2155 clamore
1682 2086 1897 2174 facto,
1927 2092 2213 2158 aversati
2244 2103 2401 2158 sunt

243 2190 550 2288 praelium
589 2192 826 2264 facere.

355 2302 510 2368 XV.
550 2301 714 2367 Fere
747 2296 928 2392 apud
964 2297 1288 2366 exercitus
1321 2297 1464 2365 h‘aec
1499 2312 1600 2366 est
1632 2300 1959 2391 equestris·
1990 2299 2197 2393 p‘raelii
2226 2322 2395 2369 con-

248 2406 576 2475 suetudo:
610 2430 816 2499 quum
849 2428 1050 2498 eques
1075 2403 1161 2471 ad
1189 2403 1677 2493 dimicandum,
1706 2403 1977 2474 dimisso
2006 2430 2211 2500 equ0‚
2240 2409 2396 2476 cum

248 2513 478 2610 pedite
520 2512 948 2608 congreditur
968 2566 988 2599 ‚
1018 2532 1438 2607 nequaquam
1471 2535 1595 2607 par
1632 2511 1956 2580 habetur:
2004 2512 2073 2580 id
2112 2513 2293 2607 quod
2331 2517 2398 2581 in

251 2621 386 2693 hoc
439 2619 681 2694 accidit
719 2621 1103 2692 certamine.
1165 2620 1398 2706 Quum
1441 2617 1695 2713 pedites
1716 2671 1734 2702 ‚
1778 2643 1860 2686 ex
1898 2617 2028 2687 levi
2064 2635 2405 2689 armatura

251 2726 444 2814 lecti,
477 2726 561 2796 ad
594 2750 887 2821 pugnam
918 2780 937 2815 ,
965 2724 1293 2820 equitibus
1328 2726 1574 2794 nostris
1610 2749 1749 2812 nec¹
1769 2726 2233 2819 opinantibuS‚
2278 2749 2399 2794 ve-

254 2832 573 2920 nissent¹‚
607 2832 804 2926 idque
841 2833 910 2900 in
946 2831 1174 2927 praelio
1213 2829 1750 2900 animadversum
1787 2845 1995 2920 esset,
2027 2833 2405 2928 complures

257 3036 436 3074 sensu.
455 3017 542 3070 Sic
559 3037 606 3070 c.
625 3036 653 3078 ,ι
667 3021 700 3072 6
716 3054 733 3082 ,
750 3017 925 3088 oppido
947 3027 1282 3086 represserunt.
1461 3019 1512 3070 3.
1542 3017 1753 3087 Recepti.
1776 3015 2141 3089 Glandorpius
2160 3018 2310 3071 malit
2326 3039 2409 3071 ex-

343 3099 474 3152 CAP.
505 3098 656 3150 XIV.
702 3116 750 3150 1.
783 3099 864 3150 Eo
881 3099 1137 3168 proeterito
1169 3109 1286 3148 tem·
1374 3100 1514 3168 cepti.
1534 3091 1717 3148 ——Ex
1736 3097 1885 3148 simili
1906 3101 2107 3151 virtute.
2130 3097 2278 3164 Quid
2302 3099 2405 3152 hoc

253 3199 394 3252 pore.
414 3175 591 3232 codd.
611 3177 863 3248 permulti
887 3189 942 3232 et
965 3177 1134 3229 nostri
1155 3179 1289 3246 :ejus
1376 3177 1478 3229 sibi
1504 3176 1660 3230 vult?
1679 3176 1885 3228 Utrum
1911 3177 1979 3230 ad
2010 3179 2287 3250 superiora
2318 3198 2404 3230 re·

259 3257 524 3333 prateriti
559 3260 795 3328 temporis.
825 3258 1028 3310 Forsan
1059 3276 1162 3328 pro
1187 3258 1290 3326 ejus
1378 3255 1657 3309 ferendum
1676 3294 1692 3321 ,
1725 3260 1877 3309 nostri
1914 3278 1994 3310 eos
2028 3271 2315 3329 exceperunt
2338 3263 2406 3310 si·

255 3351 442 3412 puncto
474 3341 696 3407 temporis
709 3375 726 3400 ,
757 3349 818 3390 ut
847 3355 1008 3409 supra
1033 3338 1098 3390 B.
1123 3336 1290 3390 Afric.
1381 3337 1489 3388 mili
1511 3341 1716 3399 virtute,
1748 3356 1859 3389 non
1887 3351 2158 3391 cesserunt
2186 3337 2291 3391 iis?
2324 3339 2408 3390 An

261 3439 316 3473 c.
349 3438 373 3472 1
389 3418 810 3490 5.-Fateaque.
844 3418 1029 3470 Potius
1053 3417 1221 3484 falsa,
1265 3436 1299 3469 e
1381 3417 1669 3469 clamorem
1700 3415 1955 3471 dicuntur
1990 3418 2258 3471 sustulisse
2284 3437 2412 3490 pro-

267 3498 488 3552 Norvic.
519 3510 572 3550 et
595 3498 776 3552 Petav.
803 3495 974 3550 codic.
996 3498 1080 3570 Μ.
1382 3508 1504 3568 pter
1530 3496 1759 3560 similem
1790 3510 2097 3550 nostrorum
2120 3497 2413 3550 virtutem?

357 3599 409 3634 a.
431 3577 590 3632 Simul
627 3598 732 3630 cum
765 3579 855 3632 levi
897 3588 1164 3630 armatura.
1211 3576 1298 3630 Sic
1385 3578 1523 3647 quia¹
1538 3589 1748 3629 nostros
1786 3575 2040 3631 videbant
2066 3589 2119 3630 et
2144 3578 2288 3649 ipsos
2319 3598 2413 3631 au-

271 3657 401 3712 libri
427 3658 574 3712 boni.
607 3649 820 3729 Vulgo,
843 3657 1074 3728 simulque
1099 3657 1190 3708 levi
1217 3677 1300 3707 ar·
1386 3654 1517 3708 dere
1542 3654 1764 3726 aliquid.
1787 3657 1866 3708 M.

273 3750 394 3791 mat.
408 3737 559 3790 male.
573 3773 591 3802 ,
611 3739 692 3790 M.
717 3737 820 3790 Hie
841 3738 1006 3792 verba
1031 3737 1177 3788 simul
1195 3756 1302 3788 ctam
1469 3735 1600 3788 Car.
1615 3737 1741 3789 XV.
1760 3755 1806 3788 1.
1826 3737 2416 3809 Equitibus...venissent.

274 3821 367 3874 levi
397 3830 646 3870 armatura
667 3817 940 3872 abundare
971 3813 1250 3881 videntur,
1272 3835 1304 3868 e
1392 3814 1757 3886 Glandorpius
1786 3815 1914 3869 addi
1958 3818 2170 3870 volebat
2214 3818 2417 3870 auxilio.

275 3898 642 3970 superioribus
689 3899 932 3969 repetita.
967 3897 1176 3950 Onmu..
1223 3927 1306 3938 --
1393 3895 1617 3948 Vossius
1644 3893 1803 3947 dabat
1828 3897 2162 3950 subvenissent.
2195 3897 2298 3950 Sed
2314 3899 2423 3950 Ou-

282 3979 386 4048 Qui
397 3978 710 4051 quumaliquo
721 3978 994 4048 locoLips.
1009 3978 1162 4030 malit
1170 3995 1306 4048 oequo
1393 3973 1725 4047 dendorpius
1756 3989 1905 4028 notat
1924 3978 2107 4043 ‚alicui
2126 3983 2291 4030 venire
2318 3997 2423 4049 pro

280 4060 404 4112 loco.
435 4057 540 4113 Sed
564 4058 748 4112 nostri·
769 4056 928 4113 codd.
957 4058 1096 4110 hanc
1121 4057 1307 4110 lectio·
1395 4055 1654 4108 advenire
1638 4073 1697 4106 m
1724 4067 2007 4126 utramque
2027 4071 2236 4127 partem
2266 4059 2421 4111 sumi.

288 4157 414 4192 nem
448 4141 706 4210 p'raefbent.
1399 4135 1597 4188 Iustin.
1646 4151 1782 4202 xm,
1827 4141 1903 4197 4.
1932 4137 2197 4188 Ptolemaeo
2238 4138 2428 4213 Afre'foe

617 4412 640 4448 Ι
