3025 5025
533 468 716 537 ,DE
771 467 1124 536 BELLO
1180 466 1548 571 CIVILL
1606 467 2009 535 LIB..111.
2230 466 2379 539 265

355 600 527 668 LIX.
581 602 796 669 Erant
833 597 1012 693 apud
1047 601 1378 668 Caesarem
1423 622 1502 667 ex
1540 600 1837 691 equitum
1880 624 2161 669 numero
2192 600 2383 670 Allo-

260 705 485 800 broges
517 706 649 774 duo
676 705 948 794 fratreS,
978 704 1308 774 Roscillus
1335 719 1406 774 et
1429 706 1635 799 AEgus
1655 757 1673 792 ,
1714 705 2046 775 Abducilli
2086 706 2202 775 filii
2221 762 2240 795 ,
2268 710 2383 803 qui

260 814 681 907 principatum
715 814 784 880 in
817 810 1120 881 civitate¹
1153 809 1378 881 multis
1403 814 1593 880 annis
1620 812 2000 881 obtinuerat
2018 864 2035 897 ‚
2066 814 2383 909 singulari

258 920 482 987 virtute
522 920 828 987 homines
849 972 870 1006 ,
919 942 1204 1012 quorum
1247 942 1454 1012 opera
1491 919 1715 987 Caesar
1755 921 2067 988 omnibus
2110 920 2384 991 Gallicis

257 1024 430 1094 bellis
475 1028 728 1121 optima
773 1024 1260 1119 fortissimaque
1305 1039 1450 1094 erat
1491 1050 1669 1094 usus.
1716 1027 1837 1095 His
1892 1025 2075 1095 domi
2131 1027 2218 1095 ob
2262 1028 2384 1095 has

256 1155 468 1201 causas
518 1131 958 1226 amplissimos
1008 1134 1432 1225 magistratus
1481 1131 1919 1201 mandaverat
1944 1188 1963 1221 ,
2018 1147 2221 1227 atque
2270 1158 2385 1202 eos

255 1252 423 1306 extra
454 1239 760 1307 ordinem
806 1239 874 1305 in
913 1253 1216 1307 senatum
1259 1236 1577 1333 legendos
1622 1254 1973 1308 curaverat
1996 1292 2015 1327 ,
2058 1262 2385 1333 agrosque

255 1345 314 1410 in
347 1345 554 1415 Gallia
583 1399 602 1432 ,
640 1370 724 1413 ex
765 1344 1068 1413 hostibus
1107 1360 1341 1439 captos
1360 1398 1379 1433 ,
1409 1346 1812 1439 praemiaque
1850 1347 1945 1413 rei
1985 1348 2385 1439 pecuniariae

255 1474 478 1544 magna
519 1452 850 1520 tribuerat
873 1501 891 1536 ,
937 1449 1432 1546 locupletesque
1475 1476 1557 1520 ex
1598 1452 1950 1546 egentibus
1994 1452 2259 1521 fecerat.
2298 1454 2385 1521 Hi

254 1572 512 1652 propter
567 1557 887 1627 virtutem
933 1584 1068 1626 non
1117 1557 1331 1626 solum
1385 1557 1566 1653 apud
1625 1560 1957 1627 Caesarem
2015 1560 2082 1627 in
2128 1559 2387 1627 honore

253 1678 458 1753 erant,
483 1663 599 1733 sed
621 1665 823 1732 etiam
848 1664 1028 1758 apud
1051 1666 1414 1734 exercitum
1442 1666 1581 1732 cari
1607 1663 2061 1751 habebantur3
2093 1665 2209 1735 sed
2233 1665 2383 1734 freti

253 1772 525 1840 amicitia
577 1772 896 1858 Caesaris,
943 1785 1010 1838 et
1064 1771 1266 1840 stulta
1309 1795 1388 1838 ac
1438 1771 1725 1839 barbara
1768 1773 2150 1866 arrogantia
2191 1770 2343 1840 elati
2367 1826 2384 1859 ,

251 1875 694 1971 despiciebant
741 1901 898 1946 suos
921 1930 941 1963 ,
991 1878 1527 1971 stipendiumque
1572 1880 1869 1972 equitum
1922 1877 2323 1947 fraudabant
2342 1876 2390 1966 ²,

249 1997 309 2050 et
344 1984 636 2078 praedam
673 2007 942 2052 omnem
981 1983 1255 2052 domum
1301 1985 1709 2053 avertebant.
1758 1985 2027 2073 Quibus
2059 1983 2152 2052 illi
2191 1985 2390 2053 rebus

251 2093 521 2182 permoti
538 2143 557 2178 ,
587 2092 884 2158 universi
925 2092 1256 2159 Caesarem
1285 2090 1591 2159 adierunt
1609 2146 1628 2179 ,
1654 2090 2009 2186 palamque
2045 2092 2129 2160 de
2158 2116 2392 2161 eorum

251 2196 491 2289 injuriis
535 2211 692 2265 sunt
733 2199 991 2292 questi3
1033 2213 1099 2267 et
1141 2198 1226 2267 ad
1271 2211 1493 2266 cetera
1535 2197 1972 2284 addiderunt,
2019 2197 2257 2267 falsum
2307 2198 2392 2266 ab

247 2301 336 2370 his
375 2305 676 2399 equitum
714 2328 1068 2371 numerum
1098 2304 1344 2373 deferri
1361 2289 1410 2391 ³,
1451 2329 1739 2398 quorum
1766 2303 2170 2400 stipendium
2206 2329 2395 2372 aver·-

250 2422 473 2479 terent.

343 2520 490 2588 LX.
551 2520 778 2588 Caesar
819 2543 1034 2612 neque
1081 2533 1347 2612 tempus
1399 2517 1565 2586 illud
1615 2517 2206 2586 animadversionis
2258 2541 2401 2585 esse

249 2625 621 2693 existimans
641 2678 660 2712 ,
693 2639 763 2693 et
787 2624 998 2693 multa
1028 2626 1258 2694 virtuti
1288 2649 1523 2693 eorum
1554 2623 1929 2694 concedens
1951 2677 1970 2711 ,
2001 2648 2143 2691 rem
2184 2638 2397 2690 totam

247 2729 532 2815 distulit3
569 2729 716 2800 illos
759 2735 1013 2801 secreto
1039 2732 1422 2826 castigavit,
1456 2730 1637 2825 quod
1672 2731 1951 2824 quaestui
1990 2731 2245 2824 equites
2281 2729 2400 2797 ha·

247 2835 473 2906 herent
490 2864 511 2925 3
530 2839 947 2932 monuitque,
965 2853 1043 2908 ut
1069 2864 1154 2907 ex
1179 2863 1298 2906 sua
1326 2839 1617 2907 amicitia
1642 2838 1867 2906 omnia
1891 2835 2399 2930 exspectarent¹,

245 2957 307 3010 et
349 2969 430 3012 ex
480 2946 833 3039 praeteritis
877 2947 1009 3013 suis
1053 2944 1292 3013 officiis
1343 2943 1596 3038 reliqua
1648 2957 2013 3038 sperarent.
2076 2945 2397 3038 Magnam

245 3141 376 3196 Vide
405 3163 622 3216 quoque
648 3146 915 3217 Propert„
947 3146 984 3198 l.
1015 3163 1106 3212 111,
1133 3147 1267 3216 eleg.
1444 3146 1497 3198 3.
1524 3145 1729 3199 Falsum
1745 3144 1905 3199 abJu's
1924 3150 2133 3216 equitum
2152 3166 2395 3198 numerum

251 3224 310 3276 13
329 3263 345 3289 ,
370 3245 424 3278 v.
469 3244 561 3278 20.
588 3227 775 3278 DAv1s.
1357 3225 1555 3292 defit-ri.
1597 3225 1868 3290 Quoniam
1906 3226 2051 3278 ferro
2097 3239 2151 3280 et
2189 3227 2396 3280 casibus

315 3307 443 3358 Cn.
471 3306 617 3358 LIX.
647 3305 710 3358 In
740 3308 948 3358 civitate.
973 3304 1102 3368 Alii,
1125 3310 1176 3356 in
1201 3309 1271 3357 ci·
1357 3305 1517 3358 multi
1549 3317 1777 3376 pereunt
1794 3345 1809 3373 ,
1833 3304 2077 3376 quotidie
2113 3305 2183 3358 ad
2219 3307 2391 3378 impe-

245 3387 440 3438 vitatem.
474 3385 678 3438 Auctor
709 3384 823 3456 ipse
850 3385 912 3438 Β.
944 3383 1035 3450 G„
1060 3385 1098 3437 l.
1141 3403 1192 3450 1,
1217 3403 1264 3438 c.
1356 3399 1607 3458 ratorem⁸
1626 3386 1862 3437 militum
1898 3405 2155 3439 uumerus
2185 3384 2390 3439 defere-

247 3462 274 3514 3
297 3482 310 3517 τ
328 3468 661 3536 principatum
693 3469 744 3516 in
773 3469 966 3518 civitate
989 3464 1236 3516 obtinebat
1244 3486 1265 3526 ,·
1354 3465 1514 3518 batur
1530 3504 1545 3531 ,
1574 3477 1634 3518 ut
1674 3466 1831 3519 sciret
1865 3464 2000 3536 quid
2030 3479 2164 3518 esset
2189 3466 2289 3517 sibi
2323 3463 2392 3518 de

240 3557 560 3616 quapropter
589 3545 670 3597 nil
698 3543 1036 3598 mutandum.
1355 3547 1464 3598 suis
1479 3545 1688 3599 viribus
1707 3543 2051 3616 sperandum.
2073 3544 2218 3597 Gon.
2237 3544 2391 3598 Idem

317 3639 368 3677 α’.
405 3625 799 3697 Stipendiumque
827 3629 1038 3697 equitum
1051 3624 1266 3691 frauda·
1354 3645 1469 3678 mos
1518 3623 1661 3696 apud
1702 3624 2041 3678 recentiores·
2086 3621 2271 3695 Legati
2304 3625 2391 3678 vel

241 3701 364 3758 bant.
387 3705 572 3775 Vulgo
601 3702 870 3757 diceretur
896 3723 910 3758 ε
935 3703 1264 3777 stipendioque
1353 3706 1561 3758 tribuni
1579 3705 1854 3775 legionum
1877 3702 1947 3756 ad
1959 3705 2163 3757 Ducem
2190 3702 2259 3757 de
2280 3715 2386 3758 sta·

239 3787 407 3854 equites
439 3784 768 3851 fraudabant.
811 3786 882 3836 At
920 3785 1142 3856 hujusce
1179 3784 1263 3836 lo·
1352 3798 1412 3839 tu
1445 3785 1577 3838 aciei
1604 3787 1860 3855 cujusque
1882 3781 2150 3836 deferunt.

239 3862 431 3931 quendi
459 3864 706 3916 sormulae
735 3883 846 3916 non
869 3863 1066 3918 desunt
1082 3881 1261 3916 exem·
1433 3865 1564 3917 Car.
1598 3865 1713 3916 Lx.
1757 3883 1805 3915 1.
1851 3864 1922 3915 Ut
1960 3884 2021 3914 ex
2048 3883 2139 3914 sua
2169 3867 2387 3916 amicitia

235 3943 333 4012 pla.
365 3945 551 3998 Livius
568 3983 583 4011 ,
597 3944 692 3997 lib.
721 3962 806 4011 Π,
840 3963 864 3998 1
879 3964 906 3997 2
937 3964 952 3997 τ
969 3944 1258 4011 fraudando
1351 3948 1514 3996 omnia
1543 3954 1887 4013 exspectarent.
1908 3944 1986 3995 Ut
2008 3962 2037 3994 a
2056 3963 2111 3996 se
2132 3943 2237 3998 illis
2258 3946 2385 3996 ami-

231 4035 412 4089 partem
429 4025 651 4077 diuturni
667 4025 778 4079 cibi.
800 4025 999 4096 Hygin.
1018 4043 1262 4096 quoque,
1350 4025 1565 4078 cissimo
1591 4023 1771 4075 omnia
1793 4034 2183 4094 exspectarent,
2206 4043 2383 4096 neque

238 4100 337 4156 fab.
366 4107 440 4173 89
461 4117 517 4157 et
546 4123 657 4173 229
671 4144 684 4157 .
1156 4099 1160 4106 ”
1350 4103 1455 4175 ipsi
1477 4101 1758 4156 fraudibus
1774 4116 1829 4156 et
1851 4103 2053 4156 artibus
2072 4105 2223 4156 malis
2239 4123 2383 4156 cres-
