3025 5025
667 448 820 535 364
1473 444 1613 519 DE
1666 450 2009 518 BELLO

661 579 877 651 titudo
919 582 989 648 in
1032 578 1298 673 reliquis
1340 580 1623 651 navibus
1668 593 2245 675 propugnatorum
2290 593 2390 647 est
2440 577 2804 649 interfecta.

661 686 867 775 Quod
908 687 1033 755 nisi
1073 710 1210 757 nox
1251 686 1554 781 praelium
1598 686 1971 755 diremisset
1994 739 2014 771 ‚
2068 700 2211 754 tota
2258 684 2465 775 classe
2518 685 2807 755 hostium

665 795 889 863 Caesar
928 793 1180 886 potitus
1223 808 1412 862 esset.
1459 798 1604 863 Hac
1644 792 2017 863 calamitate
2057 793 2423 886 perterritis
2484 791 2809 873 hostibus,

663 898 944 967 adverso
995 914 1198 968 vento
1259 898 1493 969 leniter
1522 888 1737 969 ’flante
1754 952 1773 986 ‚
1817 906 2020 967 naves
2063 899 2403 967 onerarias
2444 900 2667 967 Caesar
2710 922 2807 965 re·

663 1004 890 1074 mulco
909 992 932 1029 ³
977 1006 1364 1075 victricibus
1407 1008 1539 1075 suis
1584 1006 1866 1075 navibus
1908 1004 2375 1073 Alexandriam
2418 1004 2705 1073 deducit.

773 1114 930 1181 XII.
964 1115 1067 1180 Eo
1097 1112 1497 1184 detrimento
1523 1111 1689 1181 adeo
1722 1126 1881 1181 sunt
1900 1111 2103 1179 -fracti
2132 1109 2593 1197 Alexandrini,
2614 1134 2811 1204 quum

662 1216 801 1310 jam
824 1243 962 1287 non
987 1221 1233 1288 virtute
1260 1233 1843 1313 propugnatorum
1857 1272 1876 1305 ‚
1896 1216 2011 1287 sed
2040 1219 2313 1287 scientia
2335 1216 2811 1287 classiariorum

670 1348 740 1392 se
776 1325 992 1393 victos
1033 1324 1334 1393 viderent
1353 1379 1374 1413 ,
1413 1316 1477 1347 '⁴⁴‘
1517 1325 1754 1419 quibus
1793 1338 1863 1393 et
1902 1324 2353 1419 superioribus
2394 1323 2562 1393 locis
2600 1320 2809 1391 suble-

671 1430 1037 1518 vabantur,
1081 1446 1156 1501 ut
1199 1456 1280 1500 ex
1323 1430 1653 1503 aedificiis.¹
1700 1430 1964 1500 defendi
2014 1444 2326 1526 possent:
2368 1445 2437 1499 et
2476 1430 2809 1517 materiam

671 1552 984 1606 cunctam
1035 1537 1402 1631 objicerent
1420 1591 1441 1626 ‚
1475 1537 1659 1631 quod
1701 1551 1945 1606 nostrae
1987 1536 2210 1607 classis
2253 1538 2811 1632 oppugnationem

673 1642 872 1711 etiam
911 1642 996 1711 ad
1034 1658 1280 1713 terram
1319 1643 1747 1713 verebantur.
1793 1644 2005 1713 Iidem
2024 1696 2043 1731 ‚
2082 1658 2565 1737 posteasquam
2594 1644 2809 1735 Gany·-

675 1748 902 1819 medes
945 1751 1015 1817 in
1073 1748 1356 1819 coneilio
1389 1734 1835 1819 ‘confirmavit
1856 1803 1877 1836 ‚
1916 1775 2055 1819 sese
2098 1764 2169 1819 et
2202 1774 2347 1837 eas,
2406 1774 2555 1843 quae
2612 1760 2815 1817 essent

679 1856 935 1925 amissae
957 1909 977 1943 ,
1011 1858 1480 1925 restituturum
1505 1910 1525 1945 ,
1562 1871 1631 1925 et
1672 1866 2027 1925 numerum
2062 1856 2503 1927 adaucturum
2528 1908 2549 1942 ,
2586 1876 2815 1948 magna

679 1986 798 2056 spe
829 1976 900 2029 et
931 1961 1176 2031 fiducia
1213 1976 1470 2031 veteres
1513 1962 1789 2033 reficere
1830 1985 2035 2031 naves
2061 2016 2081 2049 ,
2121 1964 2635 2056 accuratiusque
2674 1960 2813 2029 huic

677 2066 774 2137 r'ei
797 2067 1064 2137 studere
1089 2083 1288 2163 atque
1311 2070 1631 2139 inservire
1665 2069 2129 2139 instituerunt:
2156 2084 2227 2139 at
2254 2069 2511 2137 tametsi
2550 2065 2812 2162 amplius

680 2175 808 2242 CX
847 2175 1128 2265 navibus
1173 2174 1386 2271 longis
1425 2178 1494 2243 in
1527 2190 1731 2270 portu
1763 2174 2241 2269 navalibusque
2276 2176 2671 2261 amiserant,
2694 2195 2809 2240 non

571 2366 576 2371 φ
681 2294 908 2349 tamen
942 2281 1329 2376 reparandae
1353 2280 1580 2351 classis
1610 2283 2083 2376 cogitationem
2119 2281 2611 2376 deposuerunt:
2640 2278 2810 2347 vide-

679 2386 846 2456 bant
875 2390 1051 2455 enim
1067 2442 1086 2476 ‚
1107 2414 1245 2477 non
1274 2386 1514 2457 auxilia
1539 2389 1786 2457 Caesari
1802 2441 1823 2475 ‚
1840 2413 1981 2457 non
2014 2402 2425 2459 commeatus
2454 2382 2812 2482 supportari

683 2519 879 2589 posse
899 2549 920 2582 ‚
957 2494 1009 2564 si
1045 2493 1252 2565 classe
1296 2494 1417 2590 ipsi
1462 2492 1778 2564 valerent.
1816 2496 2145 2565 Praeterea
2178 2491 2458 2567 nautici²
2497 2494 2810 2576 homines,

681 2602 872 2680 ‚urbis
915 2616 984 2670 et
1025 2603 1312 2697 regionis
1369 2603 1714 2672 maritimae
1730 2655 1751 2690 ‚
1790 2601 2311 2696 quotidianoque
2352 2623 2481 2670 usu
2529 2626 2569 2670 a
2610 2597 2811 2695 pueris

782 2813 834 2866 3.
865 2812 1109 2867 Remulco.
1142 2813 1266 2866 Hoc
1296 2825 1375 2866 est
1391 2851 1406 2880 ,
1435 2825 1613 2884 captas
1636 2831 1728 2866 na·
1812 2812 2105 2866 acutioribus
2141 2813 2257 2864 locis
2288 2811 2677 2866 sublevabantur.
2710 2808 2809 2864 Cel·

642 2943 654 2964 ·
695 2909 813 2956 ves,
843 2893 1081 2945 remulco
1108 2893 1352 2962 religatas
1383 2912 1412 2946 e
1436 2893 1543 2945 suis
1576 2893 1726 2944 navi·-
1812 2891 1979 2944 larius
2003 2892 2107 2964 legi
2130 2893 2245 2944 vult
2264 2933 2278 2955 ,
2298 2897 2444 2964 quiet
2460 2913 2567 2965 sup.
2584 2893 2699 2944 locis
2708 2887 2807 2942 subl.

695 2972 826 3036 bus,
853 2971 1089 3025 deducit.
1115 2972 1194 3024 Μ.
1227 2971 1461 3038 Quidam
1485 2970 1728 3037 codices,
1813 2984 1871 3023 ut
1896 2976 2013 3034 νέω,
2043 2983 2145 3024 etc.
2440 3038 2443 3039 ⁷

693 3055 925 3120 remigio,
945 3050 1080 3104 vitio
1097 3052 1462 3106 librariorum.
1476 3053 1729 3104 Remulcm
1902 3071 1951 3104 a.
1982 3051 2200 3105 Nautici.
2225 3051 2343 3104 Hoc
2364 3063 2501 3122 puto
2520 3048 2807 3104 delendum:

696 3143 780 3184 est
809 3130 982 3198 funis,
1002 3151 1112 3202 quo
1148 3131 1298 3184 navis
1337 3131 1557 3203 religata
1578 3131 1731 3184 alteri
1814 3149 1943 3184 nam
1970 3130 2215 3184 homines
2242 3131 2393 3184 urbis
2410 3143 2467 3182 et
2492 3149 2601 3202 reg.
2640 3126 2811 3182 murifi-

701 3209 956 3266 trahitur.
980 3211 1224 3264 Fortasse
1243 3211 1404 3264 etiam
1423 3211 1599 3264 omnis
1616 3230 1730 3265 ma·
1816 3229 1917 3263 mae
1946 3222 2070 3264 sunt
2096 3229 2209 3264 uno
2236 3211 2405 3263 verbo
2430 3214 2682 3273 maritimi,
2711 3219 2756 3261 et
2784 3223 2806 3256 ί

702 3289 941 3344 chinatio
961 3289 1028 3343 ad
1045 3289 1360 3343 trahendam
1381 3309 1573 3343 navem
1590 3303 1727 3362 apta.
1814 3290 1997 3362 pueris
2041 3291 2315 3344 exercitati
2349 3303 2476 3343 sunt
2520 3310 2632 3344 uno
2672 3287 2809 3342 verbo

703 3401 784 3413 —--
799 3369 1035 3424 Navibus.
1066 3367 1295 3423 Addidit
1321 3368 1673 3442 Oudendorp.
1700 3390 1731 3422 e
1816 3373 2041 3431 nautici,
2087 3368 2235 3441 quod
2278 3371 2504 3423 verbum
2548 3368 2730 3441 aliquis
2763 3365 2805 3417 in

701 3447 858 3502 codd.
902 3449 1056 3502 Idem
1095 3449 1282 3504 mallet
1305 3469 1412 3502 cum
1455 3454 1600 3502 νέειν.
1634 3453 1732 3502 suis
1817 3450 2056 3522 margine
2100 3448 2399 3522 explicandi
2437 3469 2595 3502 causa
2618 3443 2807 3502 addide-

701 3529 919 3582 navibus.
951 3531 1114 3582 Bene.
1143 3529 1249 3582 On.
1817 3541 1916 3583 rat.
1951 3529 2059 3592 Sic,
2094 3548 2211 3601 cap.
2252 3549 2275 3582 1
2289 3533 2353 3595 6,
2380 3533 2609 3592 maritimi
2632 3525 2805 3580 nautici·

785 3609 916 3662 Cu».
952 3609 1080 3662 ΧΠ.
1115 3628 1163 3661 1.
1193 3609 1281 3661 Ea:
1312 3557 1731 3679 oed1flc3i5.Ciac·
1817 3629 1909 3680 que
1940 3607 2197 3662 dicuntur
2239 3610 2596 3682 conjunctim,
2634 3620 2686 3662 et
2717 3603 2806 3658 sine

703 3687 892 3743 conius
907 3692 1000 3740 vix
1021 3688 1115 3741 oed.
1135 3701 1436 3744 correxerat
1447 3688 1626 3760 ,quod
1642 3690 1733 3742 alii
1819 3689 2193 3761 explicatione,
2225 3689 2331 3742 hoc
2357 3690 2479 3742 loco
2516 3679 2806 3760 periphrasis

701 3779 1049 3840 receperunt,
1067 3768 1194 3839 quia
1219 3786 1331 3821 non
1345 3767 1733 3822 animadverte·
1817 3767 2015 3821 horum
2039 3769 2326 3822 verborum
2346 3782 2442 3821 est.
2473 3769 2551 3821 Μ.
2577 3770 2695 3821 Vox
2712 3779 2806 3816 W

704 3859 828 3900 rant
853 3847 1126 3914 lacunam,
1158 3867 1276 3920 quae
1299 3848 1462 3920 paulo
1487 3861 1611 3902 ante
1634 3859 1729 3902 est.
1820 3852 1905 3900 tici
1942 3860 2084 3902 extat
2120 3849 2179 3901 in
2224 3849 2419 3902 nostris
2448 3845 2607 3901 codd.
2632 3877 2707 3890 —-
2722 3842 2804 3895 Bo·

705 3927 784 3978 M.
803 3927 849 3978 L
851 3945 1074 3981 acunam
1097 3927 1322 3981 Rhellie.
1337 3947 1446 3981 non
1469 3929 1730 3998 agnoscit,
1818 3947 1948 3981 num.
1968 3928 2086 3982 Hoc
2107 3949 2139 3982 e
2158 3927 2315 3984 codd.
2334 3927 2485 3981 dedit
2496 3915 2801 3980 victonvid.

707 4017 762 4057 et
778 4005 852 4058 sic
870 4008 1146 4079 conjungit
1161 4005 1334 4061 dicta:
1348 4027 1380 4058 a
1397 4007 1567 4082 quibus
1588 4002 1733 4070 (Coe-
1816 4007 1911 4062 lib.
1939 4029 1973 4060 x
1988 4045 2007 4076 ,
2037 4027 2083 4062 c.
2122 4015 2192 4072 ²4
2213 4027 2231 4074 ς
2260 4021 2516 4080 notatque
2546 4004 2805 4077 significare

706 4089 914 4140 surianis
941 4084 1232 4152 classiariis)
1257 4087 1584 4142 Alexandrini
1612 4092 1731 4140 emi-
1816 4087 1989 4142 dotem.
2025 4087 2233 4142 Omna..
