3025 5025
589 486 680 561 52
863 495 939 562 C.
995 493 1275 562 JULII
1333 493 1815 562 CAESARIS
1870 493 2438 566 COMMENT.

579 625 786 693 Curio
821 623 1110 696 Siciliam
1131 671 1151 712 -,
1196 650 1348 695 cum
1394 624 1792 695 exercitibus
1830 649 1911 694 eo
1958 627 2373 720 perveniunt.
2416 619 2727 708 Tubero,

576 755 782 824 quum
819 733 886 799 in
920 732 1213 801 Africam
1237 733 1555 818 venisset,
1580 733 1832 800 invenit
1858 733 1929 800 in
1956 733 2301 825 provincia
2329 755 2484 800 cum
2512 732 2725 825 impe·

574 837 673 904 rio
707 839 963 906 Attium
1007 837 1324 925 Varum¹‚
1364 839 1478 933 qui
1515 837 1600 906 ad
1645 840 2001 907 Auximum
2025 891 2045 924 ‚
2080 852 2157 906 ut
2196 863 2399 932 supra
2434 837 2723 906 demon-

571 946 959 1032 stravimus,
997 946 1250 1015 amissis
1297 945 1685 1014 cohortibus
1708 999 1726 1032 ‚
1762 946 2065 1040 protinus
2106 969 2189 1012 ex
2224 943 2385 1038 fuga
2422 945 2491 1011 in
2534 943 2721 1011 Afri-

569 1071 718 1117 cam
759 1067 1189 1145 pervenerat‚
1233 1065 1432 1145 atque
1459 1076 1610 1120 eam
1654 1075 1773 1120 sua
1810 1065 2045 1145 sponte
2080 1075 2365 1120 vacuam
2420 1073 2719 1144 occupa-

567 1171 782 1243 verat,
803 1156 1179 1252 dilectuque
1205 1157 1470 1245 habite,
1493 1158 1660 1226 duas
1685 1156 1977 1252 legiones
2000 1157 2345 1244 effecerat,
2364 1157 2719 1226 hominum

460 1303 476 1320 -
563 1277 633 1330 et
674 1261 976 1332 locorum
1015 1266 1252 1334 notitia
1283 1279 1350 1332 et
1381 1289 1506 1333 usu
1542 1264 1685 1358 ejus
1714 1266 2075 1358 provinciae
2111 1278 2347 1333 nactus
2384 1264 2601 1332 aditus
2628 1261 2721 1330 ad

562 1391 640 1438 ea
696 1370 1036 1457 conanda,
1085 1370 1266 1465 quod
1319 1372 1549 1465 paucis
1604 1385 1759 1439 ante
1826 1372 2015 1439 annis
2067 1395 2149 1438 ex
2211 1385 2502 1466 praetura
2565 1393 2717 1438 eam

557 1478 973 1568 provinciam
1011 1477 1410 1546 obtinuerat.
1452 1479 1585 1544 Hic
1621 1477 1997 1546 venientem
2033 1479 2305 1546 Uticam
2343 1497 2497 1545 cum
2526 1477 2715 1544 navi·

555 1579 715 1650 bus²
761 1583 1185 1651 Tuberonem
1239 1597 1443 1678 portu
1501 1597 1702 1677 atque
1767 1583 2016 1677 oppido
2081 1583 2393 1676 prohibet
2421 1637 2440 1671 ‚
2492 1607 2715 1677 neque

554 1688 872 1756 affectum
917 1688 1294 1758 valetudine
1342 1688 1554 1758 filium
1604 1714 1936 1782 exponere
1985 1691 2057 1757 in
2118 1704 2365 1758 terram
2418 1691 2715 1784 patitur3

554 1795 669 1862 sed
712 1794 984 1865 sublatis
1029 1797 1322 1881 ancoris,
1358 1795 1678 1864 excedere
1713 1819 1796 1868 eo
1835 1795 1984 1865 loco
2024 1798 2222 1889 cogit.

658 1904 953 1970 XXXII.
1013 1905 1131 1970 His
1167 1903 1368 1970 rebus
1403 1901 1758 1988 confectiS,
1788 1904 2047 1990 Caesar,
2077 1917 2154 1970 ut
2182 1901 2510 1996 reliquum
2548 1917 2709 1972 tem-

548 2031 675 2100 pus
706 2033 746 2075 a
777 2006 1006 2076 labore
1047 2010 1598 2077 intermitteretur
1620 2061 1639 2096 ‚
1676 2007 1916 2077 milites
1964 2011 2035 2075 in
2072 2010 2375 2102 proxima
2432 2010 2707 2078 munici-

547 2116 658 2207 pia
690 2113 999 2183 deducit:
1031 2115 1171 2209 ipse
1203 2114 1288 2182 ad
1325 2113 1564 2183 urbem
1598 2113 2095 2209 proficiscitur-¹.
2132 2118 2389 2184 Coacto
2430 2131 2703 2203 senatu,

543 2220 816 2312 injurias
872 2222 1293 2290 inimicorum
1358 2236 1844 2299 commemorat
1892 2247 1907 2287 ε
1965 2221 2196 2307 docet,
2244 2251 2281 2286 ε(
2311 2247 2380 2290 se
2438 2219 2699 2291 nullum

543 2327 1140 2396 extraordinarium
1179 2325 1540 2396 honorem²
1566 2329 1893 2421 appetisse
1912 2381 1931 2415 ,
1962 2327 2076 2396 sed
2121 2342 2501 2424 exspectato
2546 2325 2701 2422 legi·

623 2504 754 2557 Cu‘.
795 2504 1000 2557 XXXI.
1040 2522 1090 2557 1.
1128 2504 1322 2557 Attium
1364 2504 1422 2557 V
1414 2524 1570 2557 arum.

540 2581 676 2646 (P.)
705 2584 899 2648 frater,
929 2585 1016 2638 vel
1057 2596 1309 2654 cognatus
1341 2586 1408 2649 Q.
1440 2574 1574 2637 Attii

539 2665 672 2716 Vari
691 2702 707 2727 ,
733 2662 802 2717 de
831 2683 939 2735 quo
964 2666 1075 2735 jam
1098 2665 1308 2717 locutus
1344 2676 1422 2716 est
1454 2663 1570 2716 (Σω-

541 2762 644 2809 sar,
659 2746 722 2796 B.
739 2744 807 2796 G.
831 2745 870 2796 l.
887 2745 1046 2809 VIII,
1065 2764 1093 2795 2
1105 2746 1156 2796 8.
1174 2746 1254 2795 De
1277 2762 1341 2795 eo
1355 2744 1569 2796 nullum

538 2836 680 2876 extat
697 2836 1124 2887 monumentum,
1135 2842 1218 2894 ap.
1245 2823 1409 2875 famil.
1427 2841 1564 2875 rom.

539 2903 675 2969 Sed,
709 2916 770 2955 ut
785 2901 1031 2967 videtur,
1055 2915 1168 2954 erat
1197 2920 1228 2953 e
1253 2913 1409 2972 gente
1421 2902 1568 2955 Attia

537 2984 742 3055 plebeia
755 2976 802 3044 z(
819 2995 872 3035 et
885 2983 1024 3035 hanc
1045 2981 1286 3034 eamdem
1310 2999 1420 3033 esse
1437 2998 1565 3050 gen-

534 3076 643 3115 tem
674 3074 894 3134 apparet
923 3081 982 3116 ac
1013 3062 1186 3113 Atiam
1218 3072 1566 3113 memoratam

534 3144 590 3195 in
611 3143 872 3208 nummiS,
895 3142 1018 3194 licet
1047 3138 1356 3212 antiquariae
1393 3140 1563 3194 scien-

535 3223 621 3276 tiae
646 3222 808 3293 periti
844 3223 892 3274 ei
921 3222 1064 3293 genti
1095 3219 1204 3275 duo
1237 3233 1444 3273 tantum
1469 3238 1563 3272 co·-

529 3303 782 3374 gnomina
827 3302 1121 3373 assignent,
1166 3301 1406 3353 Labienus
1446 3301 1559 3353 scil.

529 3396 582 3436 et
598 3383 804 3435 Balbus.
825 3379 846 3447 )
869 3383 953 3434 De
979 3382 1128 3434 Attio
1153 3382 1228 3434 sic
1256 3380 1418 3433 habet
1445 3380 1558 3434 Cic.

527 3465 584 3515 in
619 3464 860 3516 oratione
887 3480 988 3535 pro
1009 3460 1222 3533 Ligario
1242 3481 1256 3515 ε
1282 3463 1467 3512 interim
1492 3461 1558 3513 P.

525 3544 698 3597 Aetius
718 3544 906 3605 Varus,
927 3546 1012 3615 qui
1021 3554 1208 3613 praetor·
1227 3540 1282 3594 A
1271 3543 1454 3608 sricam
1471 3540 1559 3591 ob-

525 3629 753 3685 tinuerat,
780 3624 970 3675 Uticam
986 3626 1125 3675 venit
1139 3641 1158 3674 .·
1178 3626 1342 3673 statc'm
1360 3620 1430 3671 ad
1451 3638 1557 3670 eum

520 3722 796 3756 concursum
813 3715 912 3756 est:
933 3714 1076 3775 atque
1095 3703 1176 3753 ille
1205 3718 1302 3752 non
1331 3700 1562 3751 mediocri

520 3785 781 3855 cupiditate
815 3786 1025 3852 arripuit
1055 3784 1321 3852 imperium,
1350 3782 1397 3829 si
1433 3778 1561 3831 illud

516 3867 760 3935 imperium
779 3882 878 3913 esse
882 3867 1048 3933 potuit
1053 3900 1068 3924 ,
1088 3861 1220 3934 quod
1237 3860 1308 3910 ad
1309 3863 1555 3929 privatum

514 3946 720 3996 clamore
769 3940 1090 3993 multitudinis
1133 3944 1370 4011 imperita
1419 3939 1554 3991 nullo

505 4025 702 4096 publico
746 4022 948 4073 consilio
989 4021 1308 4087 defit-,ebatur
1345 4048 1430 4061 —--
1463 4019 1553 4069 Ex

506 4117 744 4177 praetura.
773 4102 902 4154 Post
918 4113 1224 4171 praeturam.
1257 4100 1338 4150 Ita
1365 4116 1551 4150 omnes

511 4182 704 4251 codd,
719 4181 770 4235 N
772 4194 1035 4235 orvxcensx
1069 4191 1314 4250 excepto,
1332 4177 1427 4248 qui
1451 4176 1548 4229 ha·

1660 2503 1751 2557 bet
1764 2507 1962 2575 :paucis
1975 2516 2087 2555 ante
2101 2505 2243 2555 annis
2255 2517 2453 2576 praetor
2464 2524 2568 2557 eam
2574 2525 2699 2575 pro-

1665 2587 1865 2637 vinciam
1894 2585 2184 2636 obtinuerat.
2219 2581 2323 2637 Sed
2353 2584 2467 2637 haec
2488 2604 2519 2638 e
2540 2586 2697 2639 Cice-

1657 2681 1791 2715 rone
1812 2682 1841 2715 a
1858 2664 2023 2716 sciolo
2046 2662 2283 2735 quodam
2308 2662 2589 2736 desumpta
2611 2667 2697 2724 vi-

1656 2741 1869 2796 dentur.
1886 2744 2227 2815 Quapropter
2246 2743 2326 2795 nil
2351 2742 2693 2801 mutandum.

1742 2842 1791 2876 2.
1840 2823 1962 2875 Cum
2005 2823 2223 2877 navibus.
2271 2823 2392 2876 Cum
2437 2838 2588 2878 vacat
2634 2826 2693 2879 in

1654 2913 1839 2954 nostro
1870 2900 1991 2955 cod.
2023 2916 2136 2974 opt.
2168 2904 2353 2973 5764,
2386 2917 2440 2957 et
2475 2905 2531 2956 in
2571 2906 2693 2959 aliis

1652 2980 1930 3051 permultis
1944 3020 1961 3048 ,
1990 2995 2043 3035 et
2058 2983 2232 3054 reipsa
2252 3002 2362 3035 non
2386 2981 2519 3036 adeo
2542 2984 2691 3038 utilis

1652 3072 1731 3113 est
1742 3050 2410 3133 praepositio.—-'-Exponere
2424 3068 2475 3115 in
2491 3076 2687 3119 ter-ram.

1648 3140 1757 3193 Alii
1774 3144 1825 3191 in
1844 3154 1989 3195 terra.
2014 3142 2233 3196 Praestat
2250 3157 2433 3195 nostra
2455 3143 2634 3197 lectio.

1730 3221 1860 3273 CAP.
1880 3223 2110 3274 XXXII.
2122 3240 2144 3275 1
2158 3222 2267 3275 ..Ad
2285 3223 2446 3275 urbem
2462 3223 2688 3295 pmficis·

1649 3303 1789 3353 citur.
1802 3301 1955 3353 Metu
1967 3300 2232 3373 pavidam.
2244 3303 2374 3355 Luc.
2384 3303 2423 3357 l.
2439 3321 2532 3369 111,
2541 3322 2565 3356 1
2577 3324 2653 3357 oo
2666 3324 2681 3359 :

1720 3412 1856 3424 .....
1885 3380 1993 3425 Fuit
2010 3381 2107 3426 haec
2124 3396 2341 3426 mensura
2362 3382 2572 3438 timori33

1709 3450 1844 3495 Velle
1863 3460 2031 3511 putant
2048 3452 2378 3513 quodcumque
2396 3462 2567 3513 potest.
2579 3490 2592 3501 .
2611 3489 2623 3500 .

1646 3539 1913 3609 Fugerant
1951 3542 2097 3594 enim
2138 3560 2323 3594 omnes
2366 3543 2682 3616 Pompeiani

1644 3619 1857 3687 milites3
1870 3621 2058 3674 urbem
2070 3622 2331 3687 consules,
2339 3636 2683 3695 praeterflua-

1643 3716 1745 3768 gna
1766 3718 1889 3769 pars
1910 3716 2119 3756 senatus
2147 3701 2515 3770 deseruerant,
2535 3720 2590 3759 et
2616 3720 2679 3779 ut

1641 3776 1879 3847 ejusdem
1893 3782 2095 3835 Lucani
2120 3784 2286 3836 verbo
2302 3796 2453 3851 utar,
2464 3804 2518 3837 v.
2543 3804 2567 3838 1
2579 3772 2673 3843 08.

1702 3858 1871 3904 Omnia
1892 3861 2045 3907 Cesar
2066 3870 2165 3907 erat
2174 3894 2310 3908 .....

1724 3958 1775 3991 2.
1808 3940 1873 3992 Se
1898 3941 2079 3992 nullum
2110 3940 2551 3995 extraordinarium
2584 3946 2673 3997 Ιιο

1637 4037 1813 4072 norem.
1844 4020 2311 4073 Extraordinarius
2340 4021 2511 4075 honos
2526 4062 2543 4089 ‚
2575 4026 2672 4097 qui

1637 4110 1820 4151 contra
1845 4100 1981 4170 leges
2004 4114 2094 4153 aut
2108 4119 2313 4153 morem
2333 4101 2563 4157 civitatis
2580 4104 2672 4157 ali-

1637 4176 1723 4229 cui
1754 4180 2041 4235 confertur.
