3025 5025
227 484 239 494 ι
243 468 1692 497 ΜΜΜΜΜΨΜἏΏἋἉΏΜΜΜΜ
1696 478 1719 495 δ
1722 478 1877 497 ”m
1880 480 1969 497 m
1972 480 2249 501 §msam-su
2256 484 2345 503 ns

347 672 542 775 DE
613 667 1090 776 TURRI
1161 639 2185 780 MASSILIENSI.

213 1056 790 1125 SUPPLEMENTUM
853 1072 952 1133 An
1015 1072 1242 1121 Nous
1299 1074 1495 1122 unm
1560 1072 1615 1119 11
1676 1074 1771 1125 m:
1826 1076 2055 1123 mino
2098 1078 2315 1125 civm
2336 1110 2353 1139 ,

574 1182 580 1187 ·
1131 1178 1287 1226 cu».
1336 1179 1431 1224 rx.

219 1379 587 1521 OMNES,
644 1423 757 1516 qui
799 1446 922 1490 nos
959 1422 1028 1488 in
1072 1421 1247 1489 notis
1281 1446 1483 1516 super
1521 1412 1597 1493 C.
1640 1420 1801 1493 Julii
1844 1426 2123 1496 Caesaris
2163 1451 2353 1495 com-

216 1527 537 1601 mentariis
563 1528 928 1609 scribendis
951 1542 1462 1621 praecesserunt,
1483 1528 1567 1599 de
1587 1529 1715 1599 hac
1741 1532 1912 1601 turri
1939 1556 2096 1601 sane
2118 1535 2356 1601 miran-

217 1638 288 1706 da
319 1637 522 1709 locuti
562 1650 748 1725 sunt,
774 1650 840 1704 et
870 1634 1450 1731 interpretationes
1487 1634 1801 1711 clariores
1847 1638 2353 1709 obscurioresve

217 1744 543 1815 dederunt.
598 1746 687 1813 Et
729 1768 852 1812 nos
895 1766 1161 1835 quoque
1213 1734 1727 1835 explicationem
1781 1742 2073 1841 aliquam
2125 1745 2357 1817 lectori

217 1851 548 1939 debemUS,
581 1876 784 1945 quam
825 1848 1186 1945 perficere,
1231 1862 1556 1943 quantum
1600 1851 1670 1919 in
1714 1850 1908 1921 nobis
1953 1854 2113 1941 erit,
2157 1854 2357 1922 invo-

217 1974 345 2027 cata
395 1961 582 2054 prius
633 1956 774 2049 ejus
825 1954 1238 2049 indulgentia
1262 2008 1282 2043 ‚
1333 1956 1746 2031 conabimur.
1805 1958 1937 2027 Sed
1999 1975 2358 2057 antequam

217 2081 498 2135 nostram
541 2063 938 2133 sententiam
999 2062 1123 2157 ipsi
1191 2061 1672 2156 proferamus,‚·
1698 2062 1985 2136 aliorum
2023 2069 2359 2137 mentibus

221 2174 506 2240 omnium
540 2170 1012 2266 explicationes
1036 2168 1471 2264 ,subjiciendae
1508 2170 1839 2243 videntur.

311 2280 382 2347 C.
431 2280 556 2347 IX.
619 2276 754 2345 Ubi
784 2280 990 2345 turris
1034 2275 1330 2357 altitudo
1351 2276 1713 2371 producta
1752 2294 1862 2345 est
1893 2276 1999 2347 ad
2026 2280 2359 2349 contaba-

217 2384 562 2475 lationem,
588 2400 713 2453 etc.
749 2384 986 2478 Capite
1010 2372 1411 2477 praecedenti
1439 2382 1691 2453 dictum
1719 2398 1853 2472 est,
1878 2386 2117 2454 turrim
2144 2385 2359 2455 humi·

217 2488 332 2586 lem
349 2516 764 2589 parvamque
780 2516 819 2558 a
835 2488 1214 2584 legionariis
1235 2488 1482 2564 factam
1508 2489 2035 2584 fuisse‚pedibus
2057 2517 2361 2588 quoquo·

218 2622 435 2668 versus
459 2602 665 2673 XXX
701 2593 950 2694 pedum
979 2610 1319 2692 patentem
1336 2651 1358 2684 ,
1386 2610 1529 2668 tum
1561 2599 1632 2672 in
1657 2595 2040 2686 latitudine,
2059 2623 2267 2697 quum
2296 2603 2364 2668 in

219 2703 587 2794 altitudine3
622 2730 778 2774 nam
824 2703 892 2783 id
936 2701 1267 2801 significat
1301 2729 1434 2780 vox
1461 2727 1990 2803 quoquoversus.
2032 2737 2139 2751 -·--
2173 2709 2362 2776 Eam

220 2811 819 2882 contabulationem
844 2825 1390 2896 construxerunt,
1405 2811 1498 2878 ita
1524 2827 1601 2882 at
1622 2816 1865 2906 capita
1886 2817 2227 2912 tignorum
2254 2838 2368 2884 ex-

222 2933 428 2988 trema
455 2923 810 3015 par-cetum
845 2933 1192 2988 structura
1223 2933 1644 3016 tegerentur,
1684 2943 1771 2995 ne
1798 2919 2003 3012 quid,
2040 2935 2165 2990 ete.
2206 2923 2367 2994 Haec

223 3025 546 3094 intellectu
578 3039 736 3104 sunt
773 3022 1010 3092 facilia.
1045 3059 1150 3068 —-
1187 3027 1403 3102 Hanc
1441 3031 1724 3126 msapet·
1760 3031 2362 3123 contignationem

223 3133 669 3226 Contignatio‚
705 3131 880 3208 idem
913 3129 1094 3224 quod
1129 3123 2179 3253 οοιιῐειΙᾺιΙειιίο(ιιιιρίιιῃεῆεν)ἰ
2174 3137 2369 3230 quod

224 3239 640 3354 sequentibus
657 3252 952 3333 apparet.
957 3242 1381 3334 -Insaperz
1383 3239 1460 3310 N
1463 3264 1555 3314 on
1576 3263 1778 3340 super
1793 3241 2366 3361 contignationem

224 3343 453 3440 ipsam,-
447 3345 588 3414 s-ed
617 3345 702 3414 ad
727 3343 1282 3440 perpendiculum
1313 3370 1513 3446 super
1538 3347 1834 3444 priorem
1867 3372 2141 3424 murum
2167 3350 2367 3442 quin-

225 3474 341 3544 que
378 3453 659 3546 pedibus
696 3477 1017 3526 crassum.
1039 3487 1145 3495 ---
1165 3453 1536 3532 Laterculo
1577 3453 2090 3532 adstruxerunt.
2124 3455 2207 3522 Id
2236 3471 2370 3543 est,

227 3555 493 3629 alterum
539 3583 741 3654 opus,
777 3560 1072 3656 parietes*
1107 3556 1270 3636 alios
1307 3583 1346 3634 e
1378 3557 1709 3640 lateribus,
1742 3559 1957 3638 factos
2000 3557 2397 3632 aedificave·'

229 3680 391 3733 runt.
437 3701 542 3711 —--
587 3668 938 3761 Quantum
986 3681 1235 3742 tectam
1279 3667 1508 3760 plutei
1542 3691 1633 3738 ae
1674 3671 2039 3744 vinearum:
2075 3691 2373 3762 passum

229 3788 335 3838 est.
383 3773 565 3861 Quid
617 3774 748 3846 sint
788 3771 995 3868 plutei
1051 3797 1129 3854 ac
1169 3775 1384 3851 vineae
1423 3773 1563 3872 Jam
1618 3771 2113 3892 explicavimus.
2158 3776 2371 3844 Porro

229 3875 423 3969 plutei
451 3905 527 3950 ac
556 3881 765 3949 vineae
794 3879 879 3950 ad
909 3879 1222 3951 eumdem
1265 3903 1466 3950 usum
1507 3881 1682 3978 apti,
1717 3877 1855 3952 scil.
1884 3879 1974 3952 ad
2000 3896 2371 3978 protegen-

231 3979 342 4052 dos
370 3987 746 4082 operarios,
763 4002 830 4055 et
865 3987 1131 4082 utrique
1159 4011 1196 4058 e
1226 3975 1621 4074 viminibus,
1645 3983 2089 4063 levioribusve
2123 3987 2369 4062 tabulis

235 4091 508 4162 confecti
524 4093 656 4164 hoc
682 4093 832 4164 loco
853 4095 1387 4187 conjunguntur,
1410 4094 1567 4186 quia
1594 4094 1721 4163 situ
1745 4095 1921 4164 inter
1939 4119 2008 4162 se
2029 4093 2367 4166 differunt.
