3025 5025
959 544 1671 614 HISPANIENSI.
2228 537 2375 629 549

251 672 584 739 Caesarem
630 673 931 742 adierunt
951 729 970 763 ,
1007 704 1040 738 ι(
1079 676 1130 744 si
1168 674 1288 744 sibi
1324 678 1527 743 vitam
1556 672 1977 758 concederet,
2020 682 2157 756 s'ese
2200 670 2377 739 inse-

244 779 480 867 quenti
499 778 602 846 die
616 780 932 874 oppidum
962 806 1102 850 esse
1131 782 1488 850 dedituros.
1512 811 1547 845 »
1569 781 1830 869 Quibus
1854 777 2225 873 respondit,
2250 804 2285 839 <c
2301 800 2377 843 se

248 882 582 951 Caesarem
620 908 760 954 esse
776 885 1152 981 ,fidemque
1193 873 1709 982 praestaturum⁴.
1756 916 1789 950 2>
1832 888 1972 971 Ita,
2016 898 2166 951 ante
2208 880 2381 949 diem

248 988 377 1055 XI.
398 988 648 1062 kalend.
679 994 898 1061 martii
922 993 1170 1087 oppido
1194 996 1468 1123 potituS,
1487 998 1861 1087 Imperator
1878 1005 1976 1059 est
1993 985 2378 1085 appellatus.

363 1098 515 1163 XX.
573 1097 774 1184 Quod
827 1098 1212 1193 Pompeius¹
1254 1125 1334 1168 ex
1381 1098 1674 1194 perfugis
1723 1122 1926 1192 quum
1984 1095 2383 1163 deditionem

254 1200 488 1292 oppidi
543 1202 783 1271 factam
827 1228 965 1273 esse
1002 1208 1261 1293 scisset,
1297 1221 1512 1274 castra
1546 1205 1755 1273 movit
1790 1204 2079 1272 Ucubim
2120 1223 2385 1285 versus,

253 1319 326 1372 et
371 1309 618 1376 circum
677 1335 752 1379 ea
798 1309 940 1379 loca
991 1309 1252 1379 castella
1299 1311 1661 1407 disposuit,
1704 1324 1771 1377 et
1804 1306 2278 1377 munitionibus
2318 1327 2385 1372 se

253 1414 600 1482 continere
659 1397 875 1509 coepit.
932 1418 1154 1485 Caesar
1194 1419 1433 1506 movit,
1476 1432 1543 1485 et
1586 1417 1859 1511 propius
1906 1428 2120 1483 castra
2156 1411 2387 1480 castris

250 1518 555 1587 contulit.
592 1521 846 1591 Eodem
890 1537 1188 1617 tempore
1223 1548 1418 1591 mane
1452 1522 1765 1592 loricatus
1800 1546 1971 1589 unus
2008 1545 2088 1588 ex
2130 1518 2389 1611 legione

251 1625 617 1704 yernacula
641 1628 723 1696 ad
759 1652 880 1697 nos
913 1628 1305 1721 transfugit,
1332 1644 1398 1697 et
1436 1630 1802 1713 nuntiavit,
1840 1629 2229 1720 Pompeium
2265 1647 2385 1716 op·

255 1728 538 1821 pidanos
573 1734 962 1803 Ucubenses
1013 1759 1412 1804 convocasse
1438 1790 1456 1823 ,
1503 1737 1725 1828 eisque
1774 1734 1863 1801 ita
1900 1726 2390 1826 imperavisse²,

254 1848 372 1921 ut,
418 1835 750 1931 diligentia
777 1840 1071 1909 adhibita
1097 1895 1116 1929 ,
1159 1844 1619 1935 perquirerent
1644 1895 1662 1928 ,
1708 1840 1820 1934 qui
1862 1853 2078 1907 essent
2120 1860 2414 1931 suaruma

250 1944 550 2033 partium
581 1996 600 2030 ,
645 1946 936 2039 itemque
978 1947 1507 2016 adversariorum
1553 1947 1845 2015 victoriae
1887 1945 2196 2012 fautores.
2242 1944 2389 2009 Hoc

247 2050 592 2139 praeterito
631 2036 988 2146 tempore³,
1029 2055 1098 2120 in
1135 2052 1414 2148 oppido,
1446 2052 1626 2147 quod
1660 2052 1785 2119 fuit
1824 2066 2129 2146 captum,
2162 2070 2392 2116 servus

253 2168 363 2222 est
398 2156 762 2247 prehensus
806 2159 873 2224 in
918 2158 1266 2245 cunieuIO,
1310 2184 1506 2252 quem
1555 2183 1751 2252 supra
1794 2157 2393 2226 demonstravimus

255 2258 606 2329 dominum
659 2261 995 2357 jugulasse
1043 2266 1147 2332 :is
1199 2266 1391 2333 vivus
1451 2279 1552 2333 est
1609 2264 2009 2332 combustus.
2074 2261 2393 2353 Idemque

257 2369 581 2461 temporis
641 2371 1061 2438 centuriones
1105 2368 1356 2438 loricati
1409 2384 1563 2439 octo
1606 2369 1689 2435 ad
1728 2371 2059 2437 Caesarem
2097 2366 2394 2434 transfu-

256 2487 504 2566 gerunt
531 2498 611 2542 ex
646 2473 902 2570 legione
939 2474 1329 2564 vernacula,
1359 2490 1425 2544 et
1460 2476 1712 2570 equites
1743 2476 1951 2544 nostri
1987 2498 2139 2541 cum
2162 2472 2395 2541 adver-

255 2581 586 2648 sariorum
621 2581 948 2676 equitibus
984 2585 1320 2677 congressi
1360 2597 1551 2669 sunt,
1594 2589 1660 2649 e't
1697 2583 1895 2650 saucii
1933 2579 2182 2672 aliquot
2220 2579 2394 2646 occi·

259 2685 508 2754 derunt
541 2709 624 2754 ex
666 2686 793 2755 levi
845 2703 1198 2758 armatura.
1236 2691 1335 2756 Ea
1372 2702 1569 2756 nocte
1606 2687 2049 2782 speculatores
2087 2683 2397 2778 prehensi

261 2793 438 2860 servi
486 2807 671 2880 tres»,
715 2808 779 2862 et
823 2818 998 2864 unus
1043 2819 1121 2863 ex
1160 2794 1416 2914 legione
1453 2792 1826 2862 vernacula.
1899 2793 2085 2860 Servi
2129 2806 2283 2859 sunt
2324 2793 2393 2858 in

257 2921 530 2978 erucem
575 2896 844 2985 sublati,
882 2887 1109 2969 militi⁴
1139 2902 1428 2969 cervices
1457 2901 1777 2968 abscissae.
1908 2902 1915 2916 '

373 3006 565 3072 XXI.
621 3009 895 3075 Postero
935 3006 1043 3074 die
1069 3009 1318 3100 equites
1345 3030 1498 3076 cum
1529 3006 1656 3074 levi
1696 3019 2029 3072 armatura
2056 3029 2138 3072 ex
2165 3003 2397 3072 adver·

271 3112 600 3180 sariorum
629 3113 874 3218 'casti-is
939 3111 1024 3180 ad
1086 3138 1205 3182 nos
1265 3103 1782 3208 transfugerunt.
1830 3113 1918 3178 Et
1977 3135 2057 3180 eo
2102 3125 2400 3204 tempore

360 3320 414 3376 4.
435 3313 802 3365 Proestaturum.
821 3311 910 3366 Sic
927 3311 1083 3366 codd.
1101 3325 1153 3366 et
1171 3312 1291 3366 edd.
1465 3314 1521 3366 3.
1546 3313 1814 3382 Hocproet.
1844 3325 1983 3382 temp.
2007 3311 2095 3364 Sic
2114 3324 2167 3362 et
2180 3330 2228 3363 c.
2256 3329 2279 3362 1
2296 3329 2319 3362 1
2348 3325 2402 3363 et

275 3405 406 3448 vett.
419 3391 597 3464 Vulgo
613 3397 956 3462 pnes-titutum·
974 3393 1080 3445 Alii
1097 3432 1112 3460 ,
1123 3394 1298 3462 ραι-Μ·
1390 3399 1490 3457 14,
1511 3405 1567 3444 et
1586 3411 1712 3443 mox
1740 3411 1831 3444 aa.
1846 3393 1967 3442 -1
1970 3411 2003 3442 n
2018 3409 2128 3460 opp.
2157 3390 2401 3462 quodfuit

279 3486 455 3526 turum.
469 3498 551 3517 -s-
568 3473 850 3542 Imperator.
876 3471 1001 3528 Vid.
1029 3471 1096 3524 ad
1118 3472 1180 3526 B.
1211 3474 1297 3537 C.,
1383 3485 1589 3543 captum.
1610 3473 1705 3523 Est
1723 3473 1948 3541 Ategua,
1961 3489 2119 3541 quam
2140 3471 2321 3540 script.
2338 3471 2403 3522 ab

277 3571 358 3618 η,
388 3553 476 3604 26.
502 3551 578 3606 M.
683 3599 690 3610 ,
1385 3552 1563 3606 Ucubi
1586 3549 1817 3603 discerni
1844 3550 1975 3602 vult.
2005 3552 2084 3601 De
2112 3567 2263 3601 servo
2294 3561 2405 3602 erat

365 3631 496 3684 Cn».
518 3632 639 3684 XX.
679 3649 726 3684 1.
752 3631 900 3700 Quod
921 3632 1090 3701 Pomp.
1121 3633 1298 3702 Vulgo
1386 3650 1432 3684 e.
1455 3632 1662 3695 15,16.
1681 3632 1836 3681 —In
1858 3649 2054 3681 emacem.
2070 3629 2174 3692 AL,
2190 3633 2239 3680 in
2252 3643 2403 3680 cruce.

283 3713 362 3770 Et
382 3711 551 3780 Pomp.
573 3701 680 3762 Sed
701 3709 836 3782 quod
853 3723 962 3776 est,
987 3714 1036 3762 in
1059 3731 1176 3781 quo,
1205 3731 1300 3782 qua
1469 3717 1523 3774 4.
1558 3711 1727 3764 Militi.
1760 3707 1893 3762 cod.
1928 3708 2144 3771 Ursini,
2163 3709 2406 3761 militibus.

284 3795 336 3842 in
369 3809 442 3852 re,
465 3802 518 3842 et
538 3790 768 3842 nectitur
795 3807 917 3844 cum
945 3749 1038 3841 illo
1059 3809 1224 3860 qaum,
1242 3801 1303 3842 ut
1387 3789 1496 3844 Sed
1525 3795 1665 3842 imus
1692 3787 1855 3841 modo
1892 3801 2077 3859 captus
2113 3787 2277 3839 miles.
2304 3789 2409 3840 Ta·

286 3869 420 3942 quod
445 3872 516 3932 si,
535 3869 794 3941 quodnisi.
817 3869 892 3921 Μ.
919 3869 1068 3939 Quod
1089 3870 1141 3921 h.
1166 3870 1204 3922 l.
1225 3889 1304 3921 re·-
1385 3889 1512 3924 men
1558 3873 1754 3920 cervices
1793 3867 1988 3939 plurali
2033 3885 2256 3919 numero
2306 3865 2413 3919 dici

286 3947 508 4008 dundat.
543 3981 624 3992 --
659 3949 735 4000 Et
767 3953 942 4005 circum
971 3967 1030 4000 ea
1065 3951 1190 4003 loca.
1218 3949 1304 4002 Sic
1389 3962 1631 4020 possunt.
1666 3948 1753 4000 Sic
1782 3950 1997 4000 Terent.
2024 3947 2217 3999 Heaut.
2250 3965 2323 4000 u.
2350 3966 2378 3998 2
2396 3983 2413 4011 ,

285 4026 508 4082 codices.
536 4029 713 4098 Vulgo
739 4029 876 4081 male
903 4027 1002 4080 sed.
1401 4029 1524 4082 131.
1545 4030 1662 4080 Imo
1680 4028 1809 4080 olim
1832 4045 1901 4079 ne
1923 4025 2139 4096 quidem
2164 4025 2414 4096 singulari

373 4127 428 4162 2.
463 4108 540 4158 Ita
581 4111 890 4177 imperavisse.
913 4106 1002 4160 Sic
1018 4105 1224 4162 codices
1253 4121 1308 4162 et
1392 4106 1669 4160 dicebatur
1688 4110 1859 4160 cervix.
1880 4105 2022 4158 Vide
2039 4105 2254 4172 Quinct.
2280 4123 2414 4169 vul,

284 4185 546 4241 editiones
574 4199 776 4240 veteres
801 4187 1011 4240 habent.
1401 4205 1426 4239 ι
1441 4188 1494 4252 3,
1509 4187 1579 4240 35
1594 4199 1674 4252 ;et
1684 4188 1912 4240 Varron.
1928 4186 1993 4238 L.
2008 4187 2070 4238 L.
2082 4203 2163 4240 vn
2176 4223 2191 4250 ,
2212 4185 2241 4237 5
2254 4197 2307 4237 et
2323 4203 2346 4236 1
2360 4203 2410 4252 9.

2024 4280 2059 4314 ρο
2077 4270 2099 4304 3

1965 4336 1979 4352 .
2019 4320 2059 4353 α
