3025 5025
674 457 825 545 514
1470 460 1610 527 DE
1665 460 2018 529 BELLo

661 619 815 663 rum
838 592 1017 661 bona
1044 610 1165 659 sua
1187 590 1610 678 redemisset,
1645 617 1716 661 se
1739 592 2072 663 bonorum
2107 594 2564 665 venditionem
2593 584 2806 667 induc·

659 715 891 769 turum
909 683 958 787 ³,
992 712 1063 767 et
1104 699 1459 792 pecuniam
1501 697 1731 769 multae
1772 702 2046 770 nomine
2082 700 2450 771 relaturum
2465 758 2486 791 ,
2519 720 2602 775 ut
2631 707 2806 776 inco-

658 805 1033 877 lumitatem
1069 805 1357 875 retinere
1398 820 1643 900 posset.
1691 834 1728 873 >2
1789 806 2056 895 Quibus
2095 823 2283 877 metu
2333 812 2768 906 exsanguibus
2789 866 2809 900 ,

654 914 741 983 de
771 915 1039 1009 vitaque
1070 937 1151 981 ex
1192 936 1315 981 suo
1359 915 1728 1007 promerito
1763 912 2270 1009 desperantibus
2283 968 2303 1003 ,
2337 918 2560 987 subito
2603 918 2810 989 oblata

656 1020 908 1109 salute,
948 1018 1227 1089 libentes
1271 1017 1632 1115 cupidique
1684 1020 2138 1091 conditionem
2192 1040 2661 1120 acceperunt:
2699 1052 2810 1121 pe-

653 1128 1037 1223 tieruntque
1078 1150 1121 1195 a
1162 1128 1427 1197 Caesare
1442 1176 1461 1211 ,
1502 1140 1582 1197 ut
1623 1128 1954 1197 universis
1996 1130 2175 1199 CCC
2213 1155 2354 1200 uno
2387 1134 2666 1201 nomine
2709 1159 2812 1228 pe·

655 1236 927 1306 cuniam
968 1234 1347 1328 imperaret.
1396 1236 1636 1328 Itaque
1678 1234 1781 1303 bis
1831 1221 2112 1305 millies⁴
2152 1238 2268 1305 HS
2312 1238 2419 1307 his
2468 1240 2813 1334 imposito,

652 1356 731 1411 ut
770 1366 893 1437 per
927 1341 1291 1410 triennium
1334 1364 1451 1411 sex
1495 1340 1928 1435 pensionibus
1973 1341 2228 1437 populo
2271 1368 2566 1414 romano
2605 1346 2811 1417 solve-

652 1461 805 1519 rent
826 1504 847 1537 ,
889 1446 1075 1517 nullo
1126 1470 1363 1517 eorum
1402 1461 1754 1517 recusante
1781 1500 1803 1535 ‚
1851 1471 1930 1517 ac
1976 1472 2046 1518 se
2100 1449 2339 1519 eodem
2387 1450 2494 1521 die
2545 1453 2811 1523 demum

649 1569 846 1625 natos
890 1552 1359 1651 praedicantes,
1398 1552 1532 1623 laeti
1566 1556 1811 1649 gratias
1847 1569 2064 1650 agunt
2101 1558 2366 1626 Caesari.

756 1664 943 1733 XCI.
1000 1663 1149 1731 Rex
1204 1661 1469 1731 interim
1511 1660 1688 1731 Juba
1717 1714 1739 1749 ‚
1797 1675 1876 1729 ut
1917 1682 2000 1731 ex
2042 1662 2272 1757 praelio
2327 1664 2636 1759 fugerat,
2693 1690 2816 1736 una

653 1795 811 1841 cum
861 1769 1127 1839 Petreio
1171 1766 1463 1837 interdiu
1510 1768 1582 1835 in
1637 1766 1810 1836 villis
1854 1765 2225 1858 latitando,
2273 1772 2548 1841 tandem
2587 1827 2610 1862 ‚
2678 1799 2818 1844 noc-

650 1878 865 1946 turnis
906 1873 1257 1945 itineribus
1298 1873 1657 1963 confectis,
1689 1876 1760 1942 in
1800 1897 2083 1969 regnum
2120 1823 2462 1972 pe’rvenit3
2495 1894 2708 1975 atque
2743 1880 2819 1949 ad

648 1982 975 2079 oppidum
1018 1979 1361 2069 Zamam¹,
1398 1980 1520 2049 ubi
1567 1982 1710 2076 ipse
1751 1980 2198 2071 domicilium,
2242 1987 2607 2079 conjuges,
2659 1986 2818 2057 lihe-
2920 2046 2941 2075 A

649 2114 893 2183 rosque
928 2087 1263 2175 habebat,
1300 2111 1437 2183 quo
1478 2110 1564 2156 ex
1611 2102 1860 2157 cuncto
1903 2108 2128 2184 regno
2159 2116 2429 2160 omnem
2467 2097 2820 2186 pecuniam

652 2196 1157 2289 carissimasque
1220 2218 1327 2264 res
1378 2208 1922 2290 comportaverat
1953 2246 1974 2280 ‚
2037 2198 2351 2292 quodque
2417 2200 2588 2269 inito
2651 2200 2819 2270 hello

654 2302 971 2400 operibus
1033 2302 1338 2371 maximis
1394 2302 1730 2371 munierat
1754 2356 1774 2390 ,
1828 2301 2102 2374 accedit.
2155 2305 2380 2392 Quem
2437 2306 2768 2401 oppidani
2780 2305 2821 2396 ²,

656 2425 855 2484 antea
890 2433 1161 2481 rumore
1196 2420 1511 2503 exoptato
1551 2407 1636 2477 de
1672 2408 1956 2479 Caesaris
1990 2411 2271 2499 victoria
2297 2411 2560 2499 audito,
2591 2413 2685 2482 ob
2711 2415 2820 2483 has
2939 2490 2941 2493 Α

658 2543 891 2590 causas
929 2516 1179 2614 oppido
1218 2515 1745 2612 prohibuerunt,
1770 2515 1985 2610 quod,
2009 2517 2186 2587 bello
2221 2533 2458 2588 contra
2491 2520 2822 2617 populum

569 2670 574 2674 -
656 2649 1012 2697 romanum
1064 2637 1379 2718 suscepto·
1402 2676 1424 2711 ‚
1480 2624 1552 2692 in
1605 2623 1856 2719 oppido
1908 2627 2130 2694 Zamae
2191 2623 2387 2720 lignis
2429 2631 2773 2722 congestis
2806 2681 2823 2715 ,

750 2841 805 2895 3.
845 2839 1179 2894 Induerat-tm.
1220 2835 1583 2890 aboliturum.
1617 2834 1697 2888 Ut
1785 2837 2022 2906 imposito.
2039 2835 2170 2890 Vid.
2193 2835 2467 2892 Gran-ium
2483 2835 2556 2891 ad
2573 2839 2824 2894 Ciceron.

668 2920 845 2989 mim,
877 2919 975 2992 qui
1001 2917 1241 2991 scripsit,
1267 2915 1529 2988 scriptum
1559 2914 1700 2990 stylo
1788 2916 1914 2969 Div.
1953 2935 2042 2970 ro.
2077 2917 2156 2970 Μ.
2176 2918 2376 2971 Verior
2405 2931 2461 2972 et
2493 2918 2826 2974 moderatior

672 3018 931 3056 converso
961 2998 1171 3054 inducit
1186 3035 1205 3064 ,
1230 2998 1337 3051 hoc
1378 3008 1459 3050 ent
1472 3033 1489 3063 ‚
1518 2994 1661 3050 delet
1686 3012 1701 3048 :

673 3081 779 3149 sie,
805 3081 901 3153 qui
928 3078 1167 3134 decrevit
1183 3115 1201 3144 ‚
1230 3076 1507 3130 decretum
1543 3075 1706 3128 indu·

676 3161 754 3215 cit
767 3199 785 3226 ‚
798 3161 1001 3214 hoc-est
1017 3197 1034 3226 ,
1051 3157 1267 3212 irritum
1290 3157 1417 3210 facit
1432 3167 1489 3210 et
1510 3157 1703 3210 abdet.

675 3241 893 3296 Habent
911 3251 1114 3304 autem,
1134 3249 1265 3292 teste
1286 3233 1679 3308 Oudendorpio
1691 3273 1708 3302 ,

676 3319 889 3388 codices
910 3319 1102 3391 optimi
1120 3317 1446 3379 inducturum,
1473 3335 1576 3388 pro
1599 3335 1709 3388 quo

680 3403 743 3456 in
772 3401 887 3454 aliis
918 3412 997 3453 est
1022 3399 1335 3460 indictarum,
1364 3413 1524 3450 sensu
1550 3397 1711 3468 plane

680 3480 974 3536 contrario.
991 3511 1074 3522 --
1085 3479 1485 3532 Incolumitatem-
1505 3476 1708 3530 Vitam.

684 3561 773 3616 Sic
798 3573 853 3614 et
874 3579 992 3632 cap.
1030 3559 1124 3628 95.
1144 3559 1361 3612 Munus.

766 3649 821 3706 4.
846 3639 939 3696 Bis
968 3640 1156 3692 millies.
1194 3639 1359 3691 Abest
1387 3636 1461 3689 bis
1489 3655 1522 3689 a
1549 3634 1710 3690 codd.

684 3721 842 3776 bonis
858 3721 990 3776 :erit
1011 3737 1135 3791 ergo
1144 3719 1250 3772 hoc
1264 3719 1546 3771 incertum.
1565 3715 1712 3770 Illud

684 3813 923 3868 constat,
964 3801 1181 3854 alteram
1222 3798 1506 3852 lectionem
1527 3835 1544 3864 ,
1582 3799 1713 3849 mille

686 3885 913 3934 sestertiis
945 3883 1197 3952 impositis,
1223 3879 1403 3932 falsam
1432 3897 1571 3944 esse,
1585 3877 1712 3949 quia

685 3979 894 4016 summa
914 3963 1053 4015 foret
1076 3979 1223 4015 nunc
1243 3959 1548 4032 perexigua.
1575 3958 1714 4010 Gro-

686 4045 851 4096 novio
881 4037 984 4105 (de
1013 4054 1217 4096 sestert.
1242 4061 1273 4094 α
1288 4079 1303 4106 ,
1327 4037 1395 4105 3)
1424 4036 1712 4110 legendum

684 4121 899 4180 videtu-r
910 4161 928 4188 ,
954 4123 1129 4176 millies
1146 4124 1363 4176 sestertio
1380 4120 1453 4172 his
1468 4115 1586 4183 (vel
1599 4116 1710 4184 bis)

1789 3011 1996 3048 summa
2013 2995 2370 3070 Oudendorp.
2391 2997 2636 3065 videtur,
2673 3001 2724 3055 si
2749 3000 2828 3054 de·

1789 3076 1962 3129 lentur
1973 3077 2064 3130 bis.
2079 3107 2162 3121 —-
2175 3077 2240 3131 Se
2252 3079 2414 3130 eodem
2427 3079 2505 3131 die
2517 3081 2569 3132 d.
2587 3099 2645 3131 n.
2667 3083 2826 3134 Bent-

1791 3156 1930 3210 leina
1950 3157 2090 3210 hene
2113 3157 2265 3211 malit
2294 3179 2346 3210 se
2369 3177 2424 3210 eo
2448 3159 2640 3211 demum
2668 3162 2753 3213 die
2779 3181 2822 3213 u.

1793 3236 1984 3292 Cicero
2005 3235 2209 3291 reditus
2231 3239 2312 3291 sui
2337 3237 2480 3292 diem
2503 3241 2734 3292 natalem
2755 3239 2825 3294 di-

1793 3317 1868 3370 cit
1887 3317 1944 3370 in
1975 3317 2072 3371 Or.
2093 3335 2195 3390 pro
2214 3317 2328 3371 red.
2357 3337 2448 3385 11,
2471 3331 2525 3372 et
2543 3317 2610 3372 ad
2631 3322 2750 3375 Att.
2778 3321 2827 3385 3.

1800 3415 1903 3462 20,
1927 3409 1982 3450 et
2011 3399 2390 3470 παλιγγενεσίαν
2425 3397 2491 3451 ad
2523 3400 2643 3454 Att.
2683 3405 2752 3467 6,
2778 3405 2825 3454 6.

1875 3477 2008 3532 Cn.
2024 3478 2230 3532 xcffi.
2244 3479 2474 3532 Zamam.
2498 3479 2609 3532 Alii
2625 3482 2692 3534 Z
2693 3501 2824 3532 amoe.

1881 3575 1934 3610 π.
1961 3557 2116 3626 Quem
2129 3559 2362 3629 oppidani
2365 3597 2380 3622 ,
2405 3569 2550 3610 antea
2562 3597 2578 3622 ,
2608 3574 2723 3615 etc.
2747 3561 2828 3614 Sic

1795 3633 1956 3690 codd.
1980 3637 2130 3690 b'oni.
2163 3639 2342 3709 Vulgo
2367 3641 2424 3692 τὸ
2454 3651 2602 3690 antea
2634 3642 2827 3713 legitur

1795 3730 1918 3770 ante
1961 3717 2209 3789 oppidani.
2264 3719 2441 3785 Quam
2492 3719 2830 3774 locutionem
2939 3713 2941 3776 ζ

1794 3798 2138 3868 proletariam
2163 3809 2318 3853 vocat
2346 3799 2633 3867 Davisius3
2663 3815 2722 3854 at
2750 3801 2835 3854 illa

1795 3878 2002 3950 legibus
2023 3879 2286 3932 sermonis
2301 3879 2832 3935 nobisconsentanea
2939 3917 2941 3920 <

1795 3959 1964 4029 magis
1995 3957 2224 4013 videtur.
2257 3961 2506 4012 Attamen
2531 3963 2715 4016 nostri
2746 3980 2833 4014 co-

1797 4035 1944 4091 dices
1966 4039 2168 4092 habent
2195 4042 2251 4092 Z
2251 4059 2392 4094 amoe.
2407 4073 2491 4083 —-
2515 4041 2830 4112 Intetficeret.
2939 4081 2941 4084 ι

1797 4119 1986 4174 Celsus
2013 4121 2346 4192 superjaceret.
2388 4121 2568 4176 Bentl.
2597 4126 2830 4193 injoeeret.
