3025 5025
62 605 69 706 ι

585 485 724 552 DE
779 481 1128 553 BELLO
1183 485 1546 555 CIVILI.
1606 485 1793 556 LIB.
1850 487 1952 556 II.
2244 485 2380 584 137

243 596 418 682 coria
463 613 906 703 inducuntur,
939 639 1024 685 ne
1068 613 1411 686 canalibus
1453 641 1625 712 aqua
1666 619 1958 688 immissa
2003 616 2240 689 lateres
2278 619 2385 688 di-

239 717 416 788 luere
477 737 717 815 posset.
763 723 968 792 Coria
1019 737 1288 812 autem,
1334 749 1418 792 ne
1477 749 1707 793 rursus
1751 727 1887 820 igni
1932 749 2010 794 ac
2063 725 2126 796 la
2174 725 2389 796 idibus

243 843 797 966 corrumpantur,
827 831 1224 898 centonibus
1269 845 1735 926 conteguntur.
1784 834 1933 900 Hoc
1962 857 2131 928 opus
2204 857 2391 920 mne,

241 939 484 1002 tectum
544 922 797 1004 vineis⁴
801 935 954 1024 ,ad
1007 938 1220 1032 ipsam
1277 938 1517 1006 turrim
1568 937 1965 1033 perficiunt,
2003 939 2351 1034 subitoque
2372 992 2392 1026 ,

241 1041 740 1135 inopinantibus
789 1042 1092 1112 hostibus
1109 1096 1129 1130 ,
1183 1043 1677 1114 machinatione
1734 1043 1955 1113 navali
1969 1098 1988 1133 ,
2044 1044 2391 1140 phalangis

240 1146 588 1242 subjectiS,
631 1147 718 1216 ad
755 1150 994 1217 turrim
1038 1150 1332 1219 hostium
1371 1150 1773 1239 admovent,
1808 1166 1887 1220 ut
1920 1150 2197 1221 aedificio
2229 1152 2391 1246 jun-

245 1267 447 1346 gatur.

339 1363 466 1428 XI.
527 1361 690 1448 Quo
721 1359 899 1430 malo
936 1317 1271 1458 perterriti
1313 1363 1535 1432 subito
1596 1365 1911 1460 oppidani
1962 1388 2117 1434 saxa
2138 1389 2391 1458 ,quam

243 1468 524 1535 maxima
565 1482 888 1562 possunt,
930 1467 1280 1538 vectibus¹
1288 1523 1307 1558 ,
1351 1485 1790 1564 promovent,
1853 1471 2395 1566 praecipitataque

243 1597 428 1642 muro
489 1575 561 1641 in
618 1573 998 1644 musculum
1053 1575 1437 1645 devolvunt.
1495 1579 1719 1645 Ictum
1766 1576 2048 1647 firmitas
2102 1579 2395 1646 materiae

247 1682 566 1768 sustinet3
606 1695 708 1768 et,
749 1681 1068 1776 quidquid
1115 1682 1344 1752 incidit
1364 1736 1384 1771 ,
1436 1682 1699 1777 fastigio
1752 1683 2037 1753 musculi
2090 1683 2390 1752 elabitur.

244 1785 316 1854 Id
350 1788 470 1855 ubi
521 1787 782 1876 vident,
839 1804 1102 1858 mutant
1145 1790 1550 1860 consilium:
1610 1814 1858 1884 cupas,
1918 1790 2093 1859 taeda
2120 1815 2205 1860 ac
2247 1791 2394 1885 pice

247 1892 546 1983 refertas,
584 1841 990 1984 incendunt,
1025 1920 1268 1991 easque
1303 1897 1386 1966 de
1423 1921 1621 1965 muro
1648 1899 1717 1964 in
1747 1895 2128 1968 musculum
2165 1895 2394 1966 devol-

248 2014 420 2070 vunt.
467 1999 800 2070 Involutae
850 2001 1201 2088 labuntur,
1255 2001 1541 2098 delapsae
1590 2003 1675 2072 ab
1720 1989 2032 2072 lateribus
2076 2001 2397 2098 longuriis

249 2105 576 2202 fiii-cisque
627 2109 712 2176 ab
765 2134 968 2202 opere
1023 2108 1501 2179 removentur²
1508 2163 1523 2178 .
1581 2112 1863 2180 Interim
1924 2112 2047 2179 sub
2092 2109 2396 2180 musculo

252 2211 483 2283 milites
528 2215 832 2284 vectibus
877 2215 1107 2284 infima
1152 2239 1309 2286 saxa
1351 2218 1553 2284 turris
1593 2216 1887 2286 hostium
1905 2270 1924 2304 ,
1963 2217 2202 2311 quibus
2241 2216 2399 2285 fun-

251 2317 556 2389 damenta
592 2322 1143 2411 continebantur,
1171 2322 1575 2392 convellunt.
1615 2321 1965 2392 Musculus
1995 2347 2077 2391 ex
2110 2323 2279 2392 turri
2307 2320 2397 2390 la·

252 2430 462 2495 teritia
497 2453 540 2496 a
583 2430 828 2498 nostris
870 2428 1015 2498 telis
1058 2431 1541 2524 tormentisque
1582 2427 1967 2498 defenditur
1996 2455 2011 2496 ε
2055 2429 2283 2497 hostes
2320 2453 2403 2496 ex

253 2556 438 2602 muro
479 2560 560 2603 ac
593 2529 896 2604 'turribus
958 2537 1441 2605 submoventur
1475 2562 1488 2603 :
1532 2560 1675 2604 non
1731 2536 1927 2603 datur
1976 2535 2189 2604 libera
2225 2536 2401 2603 muri

253 2639 649 2710 defendendi
709 2641 988 2711 facultas
1007 2628 1054 2711 ³.
1104 2642 1580 2739 Compluribus
1606 2643 1744 2735 jam
1788 2640 2117 2735 lapidibus
2160 2667 2243 2711 ex
2286 2664 2401 2729 ea,

254 2869 300 2901 re
326 2855 532 2905 scribam
564 2855 637 2905 ad
663 2866 708 2906 te
731 2856 918 2923 Rkegt'o
938 2876 958 2908 .·
983 2868 1038 2907 et
1065 2855 1170 2909 hoo
1196 2874 1282 2907 eo·
1369 2867 1509 2909 sunt.
1544 2854 1635 2907 Ait
1666 2854 1840 2907 Caesar
1868 2872 2029 2927 cupas
2060 2872 2091 2907 e
2126 2872 2285 2907 muro
2316 2853 2408 2906 de-

253 2929 366 2985 dem
391 2936 570 3006 capite
600 2955 749 3005 super«
773 2936 998 2989 musculo.
1369 2936 1581 2990 volutas
1594 2936 1652 2988 in
1669 2936 1972 2988 musculum
1986 2933 2263 2988 cecidisse:
2278 2932 2405 2987 inde

329 3020 380 3077 4.
418 3016 620 3067 Tectum
645 3018 820 3068 vineis.
842 3016 1055 3087 Lipsius
1081 3034 1284 3086 propo-
1371 3016 1615 3087 fastigato
1654 3027 1794 3067 tecto
1817 3014 2056 3087 delapsas
2082 3016 2143 3067 in
2176 3027 2403 3069 terram:

255 3092 457 3146 nittecti
473 3098 656 3156 vineis,
687 3096 802 3149 sine
824 3096 1152 3148 auctoritate·
1175 3096 1287 3147 Ou-
1371 3095 1449 3147 ihi
1499 3115 1569 3149 ne
1612 3094 1825 3147 flamma
1872 3114 2009 3167 opus
2059 3093 2375 3149 adureretur
2390 3132 2407 3159 ‚

255 3169 576 3246 dendorpius
623 3176 774 3228 malit
823 3194 1089 3247 exponere
1133 3176 1286 3227 latens
1372 3175 1885 3246 longuriisremotas
1916 3194 2043 3229 esse.
2076 3177 2323 3229 Vossttrs.

251 3264 358 3319 post
383 3260 569 3308 vineas.
615 3254 722 3308 Sed
765 3273 912 3308 mera
955 3268 1036 3308 est
1077 3248 1286 3326 conjec-
1459 3257 1510 3309 3.
1536 3256 1713 3307 Libera
1734 3260 1860 3309 muri
1872 3256 2159 3323 defindendi
2166 3257 2403 3323 facultas

259 3342 388 3387 tura.
1374 3336 1565 3389 Petrus
1593 3335 1840 3389 Ciaccon.
1868 3354 2055 3389 vocem
2082 3339 2209 3387 muri
2230 3333 2411 3388 delen-

331 3415 460 3469 Cu’.
510 3416 608 3467 XI.
667 3434 717 3467 1.
777 3414 1024 3468 Vectibus.
1073 3415 1286 3481 Vectis,
1376 3414 1500 3469 dam
1532 3428 1741 3515 censet,
1772 3416 1899 3488 quia
1926 3434 2038 3469 ιιοιι
2064 3434 2279 3481 murus,
2315 3413 2411 3467 sed

261 3497 431 3562 μοχλὸς
447 3534 466 3561 ,
504 3492 710 3555 &meane
724 3532 741 3560 ,
769 3492 968 3547 dicitur
997 3494 1144 3568 quod
1176 3513 1289 3547 ma-
1375 3494 1541 3549 tum-is
1586 3482 2033 3568 oppugnabatur,
2079 3495 2230 3566 quasi
2279 3512 2409 3547 vero

261 3574 410 3627 nibus
471 3572 824 3647 percutiendo
887 3576 1129 3629 vehatur.
1195 3575 1292 3628 Est
1373 3578 1484 3648 jam
1500 3588 1651 3629 antea
1667 3577 1841 3629 Caesar
1858 3594 1967 3628 non
1983 3574 2201 3627 dixisset
2212 3574 2411 3639 hostes,

264 3654 400 3707 enim
424 3654 580 3728 palus
606 3672 635 3706 e
662 3654 808 3707 ferro
837 3654 950 3708 sive
966 3655 1112 3727 ligno
1132 3674 1290 3727 gran·
1377 3657 1438 3709 in
1465 3675 1600 3707 muro
1630 3674 1778 3727 aeque
1805 3674 1866 3707 ac
1889 3655 1946 3707 in
1975 3658 2121 3716 tum-i,
2158 3654 2276 3706 telis
2306 3665 2415 3705 tor-

263 3731 402 3799 dior,
427 3735 645 3787 rusticis
663 3746 726 3787 et
755 3734 920 3787 fabris
944 3736 1292 3789 caementariis
1377 3736 1681 3807 mentisque
1717 3754 1783 3787 ex
1826 3734 1964 3787 turri
1992 3732 2221 3787 lateritia
2259 3732 2410 3786 ictoS.

265 3812 327 3865 ad
354 3815 524 3867 multa
561 3815 884 3867 necessarius
901 3853 918 3880 ,
943 3827 1005 3867 ut
1030 3816 1134 3867 hoc
1153 3804 1291 3868 ‘loco
1378 3815 1578 3869 Murum
1608 3815 1786 3885 itaque
1823 3814 2019 3881 defendi
2044 3832 2143 3865 non
2165 3816 2378 3884 potuisse
2394 3854 2411 3877 ,

267 3890 330 3943 ad
357 3887 478 3947 saxa
503 3892 871 3966 promovenda
891 3889 915 3956 (
927 3914 992 3945 un
1023 3892 1210 3958 levier).
1379 3893 1527 3947 idem
1552 3907 1631 3947 est
1662 3914 1722 3947 ae
1754 3895 1798 3946 si
1826 3892 2044 3946 dixisset
2058 3932 2074 3958 ,
2105 3913 2206 3955 eos,
2250 3897 2333 3967 qui
2364 3896 2415 3945 in

344 3992 397 4027 3.
441 3974 528 4027 Ab
564 3994 702 4045 opere
743 3986 1054 4027 removentur.
1091 3975 1194 4027 Illa
1229 3976 1294 4027 ab
1381 3994 1518 4027 muro
1546 3986 1721 4036 essent,
1744 3994 1794 4025 se
1810 3974 2061 4041 defendere
2078 3994 2173 4026 non
2182 3978 2414 4046 potuisse.

267 4070 400 4126 opere
429 4055 488 4107 ιιι
505 4067 612 4107 vet.
643 4053 763 4107 cod.
797 4066 984 4107 nostro
1009 4067 1064 4107 et
1092 4054 1206 4107 Pet.
1241 4068 1294 4109 et
1381 4055 1496 4109 Nec
1526 4053 1738 4120 melior,
1762 4065 1825 4105 ut
1848 4054 1923 4107 ait
1946 4054 2193 4107 Clarkius
2210 4092 2226 4120 ,
2259 4054 2417 4107 Davi-

267 4128 480 4187 Nox-vic.
499 4131 898 4201 desiderantur-3
903 4135 1095 4207 proba
1117 4145 1294 4189 tamen
1381 4135 1448 4189 sii
1472 4130 1803 4202 emendatio,
1820 4135 1916 4207 qui
1934 4134 2179 4207 reponit:
2199 4154 2296 4188 non
2324 4134 2419 4185 da-
