3025 5025
577 420 714 486 DE
767 420 1111 487 BELLO
1167 419 1531 489 CIVILI.
1590 421 1779 489 LIB.
1836 422 1979 489 111.

215 548 448 617 XLV:
489 564 920 619 evocatorum
975 552 1240 619 circiter
1306 550 1442 619 duo
1467 604 1486 639 ,
1530 576 1676 645 quae
1733 576 1815 619 ex
1874 552 2309 623 beneficiariis

2202 419 2341 493 301

2327 541 2353 585 4

215 655 622 748 superiorum
679 659 1090 725 exercituum
1138 657 1224 725 ad
1261 680 1415 726 eum
1491 673 1979 745 convenerant3
2021 684 2167 753 quae
2210 675 2351 729 tota

213 761 339 827 acie
383 760 803 855 disperserat.
839 762 1152 856 Reliquas
1185 763 1494 833 cohortes
1528 779 1781 860 septem
1812 767 2043 834 castris
2076 768 2349 860 propin·

212 867 479 960 quisque
540 867 820 937 castellis
887 869 1192 964 praesidio
1247 868 1681 963 disposuerat.
1747 873 2078 939 Dextrum
2142 896 2352 940 cornu

211 971 336 1063 ejus
374 960 596 1043 rivus⁵
643 976 912 1069 quidam
970 976 1302 1071 impeditis
1339 978 1496 1069 ripis
1557 976 1900 1045 muniebat
1943 1003 1959 1045 ε
2017 1000 2219 1072 quam
2264 978 2353 1045 ob

211 1184 316 1223 tura
360 1186 414 1225 et
460 1175 862 1246 computatione
913 1173 1186 1229 Ciacconii
1213 1215 1230 1240 ‚

212 1254 516 1324 transposita
546 1254 722 1306 littera
734 1292 751 1319 ,
771 1267 1122 1326 reponeretur
1140 1275 1222 1309 xc.

212 1330 334 1383 Nam
370 1352 571 1385 novem
609 1334 837 1386 habebat
879 1334 1112 1405 legiones
1129 1373 1146 1399 ,
1171 1346 1228 1389 et

211 1410 412 1481 quidem
439 1414 658 1484 plenas;
681 1412 948 1484 siquidem
979 1416 1116 1467 nihil
1145 1414 1229 1467 in·

170 1491 174 1496 ’
211 1488 338 1544 dicat
377 1493 476 1545 has
506 1494 592 1546 vel
637 1494 803 1558 fame,
835 1495 920 1546 vel
957 1494 1100 1546 ferro
1125 1531 1142 1558 ,
1172 1496 1230 1546 in

211 1572 389 1640 praeliis
426 1574 796 1644 superioribus
827 1574 1056 1626 multum
1095 1586 1228 1626 atte-

211 1663 379 1703 nuatas
393 1652 575 1706 fuisse.
592 1652 763 1705 Porro
783 1671 978 1705 novem
994 1654 1229 1723 legiones

211 1727 325 1782 dant
333 1751 396 1785 xc
407 1733 659 1785 cohortes
669 1728 932 1801 (Orosius,
943 1729 1228 1798 Lxxxv111);

213 1822 258 1859 et
271 1829 432 1880 quum
456 1812 653 1864 cohors
673 1831 897 1883 quaeque
925 1813 1228 1883 quingentis

211 1888 525 1955 hominibus,
534 1892 639 1943 hoc
653 1904 892 1962 tempore
903 1929 920 1956 ,
938 1905 1202 1944 constaret
1212 1931 1228 1957 ,

211 1967 450 2023 habemus
507 1991 614 2024 xzv
661 1972 795 2023 mill.
847 1972 992 2024 hom.
1055 1972 1230 2042 Igitur

213 2051 402 2102 numeri
433 2053 574 2103 bene
602 2050 947 2104 concordant.
965 2052 1016 2102 N
1018 2070 1102 2117 ec,
1123 2052 1229 2103 hoc

210 2126 261 2191 l.,
269 2131 433 2199 agitur
451 2129 850 2199 dencohortibus
865 2131 1228 2197 auxiliaribus,

215 2220 260 2257 et
278 2211 426 2262 sociis
459 2230 580 2281 quae
607 2230 883 2281 nunquam
910 2212 968 2262 in
1001 2211 1228 2282 scripto-

213 2284 342 2341 ribus
361 2310 486 2343 cum
512 2291 825 2343 eohortibus
843 2291 1076 2343 romanis
1098 2309 1229 2343 con-

215 2366 515 2423 funduntur.
540 2371 732 2423 Florus
759 2382 966 2433 autem,
998 2371 1035 2423 l.
1069 2388 1146 2434 ιν,
1179 2389 1225 2423 c.

221 2465 269 2512 2,
293 2449 361 2501 ait
384 2468 398 2502 τ
434 2453 672 2502 Trecenta
699 2451 811 2501 hinc
838 2462 888 2500 et
917 2451 1053 2501 illinc
1075 2451 1229 2501 millia

206 2528 343 2591 fuisse
355 2543 538 2601 praeter
551 2532 738 2582 auxilia
755 2549 918 2600 reg-um
936 2543 986 2582 et
999 2543 1190 2582 senatus
1205 2551 1226 2592 ,-

216 2599 390 2677 (quam
408 2630 599 2664 vocem
623 2610 738 2663 sine
765 2629 922 2663 sensu
945 2609 1230 2664 emendant

212 2685 256 2736 J.
273 2687 662 2745 Freinshemius
673 2728 690 2755 ,
707 2695 956 2742 nationum
969 2711 990 2751 ‚·
1007 2689 1230 2742 Daceria

216 2778 259 2817 et
279 2767 539 2828 Graevius,
565 2774 799 2822 sociorum
823 2790 841 2832 ;
865 2768 959 2822 sed
983 2770 1226 2823 omnium

214 2849 518 2903 acutisssime
548 2850 728 2904 Davis.
741 2887 758 2914 ,
784 2847 1087 2920 dynastum).
1099 2849 1229 2902 For-

216 2942 294 2978 san
307 2966 322 2991 ,
349 2947 451 3000 pro
485 2941 696 2980 trecenta
728 2930 879 2980 millia
897 2967 914 2994 ,
940 2927 1226 3000 legendum

217 3020 332 3059 esset
354 3023 552 3061 centena
575 3009 731 3061 millia
744 3029 764 3061 .·
789 3007 883 3062 sed
909 3007 1042 3062 adeo
1056 3027 1225 3062 vanus

214 3096 260 3135 et
269 3087 487 3154 jactator
501 3102 580 3142 est
590 3089 780 3142 Florus
790 3127 807 3154 ‚
825 3103 885 3140 ut
901 3089 1014 3160 ipse
1030 3108 1224 3160 parum

215 3161 327 3218 fidei
365 3167 560 3241 dignus
591 3169 700 3222 fiat.
742 3171 880 3222 Item
916 3169 1190 3239 Appianus
1207 3207 1224 3234 ,

213 3239 294 3298 lib.
315 3266 386 3312 11,
407 3269 483 3320 70
505 3268 519 3302 ε
541 3241 741 3320 Ᾱνδρων
769 3239 955 3302 Ῐταλῶν
979 3250 1227 3319 τεσσαρά-

215 3340 349 3378 κοντα.
363 3326 610 3400 μυριάδας
623 3348 638 3393 3
653 3325 923 3382 Plutarch.
939 3330 996 3380 in
1013 3329 1224 3400 Pomp.‚

217 3418 256 3452 c·
275 3408 304 3458 6
311 3425 369 3475 9„
383 3407 571 3462 eadem
589 3428 648 3462 ac
671 3421 850 3462 noster
872 3409 1130 3480 loquitur.
1153 3411 1225 3460 At

217 3481 319 3547 alii,
343 3507 404 3540 ex
431 3507 660 3540 numero
686 3508 752 3541 cx
778 3489 897 3541 coh.
917 3527 934 3554 ,
952 3507 1111 3560 quem
1133 3489 1226 3542 ha·

217 3559 330 3617 bent
357 3568 514 3622 codd.
547 3587 761 3634 omnes,
775 3569 1034 3641 colligunt
1053 3566 1222 3620 unde-

218 3641 309 3696 cim
333 3648 490 3702 fuisse
514 3650 748 3720 legiones
779 3668 901 3700 cum
933 3649 1190 3719 Pompeio
1203 3687 1220 3714 ,

219 3737 320 3788 ‘1¹1ae
331 3765 348 3790 ‚
364 3730 536 3800 reipsa
547 3767 564 3794 ,
579 3747 896 3801 unaquaque
921 3729 1224 3799 quingentis

219 3796 400 3862 homin.
438 3822 710 3863 constante
725 3847 742 3873 ,
783 3810 1004 3880 plenum
1047 3808 1223 3860 effice-

219 3896 323 3935 rent
344 3906 624 3940 numerum
643 3909 712 3941 ιν
743 3889 872 3941 mill.
906 3888 1133 3951 homin.,
1163 3901 1223 3939 ut

215 3955 398 4032 “hahent
436 3967 594 4024 codd.
635 3969 910 4039 Bongars„
951 3982 1003 4022 et
1045 3981 1225 4019 noster

221 4036 276 4090 R·
307 4044 447 4115 5768
461 4087 480 4114 ,
503 4061 556 4101 et
585 4047 845 4103 editiones
866 4050 1052 4120 priscae
1069 4067 1083 4102 ς
1100 4066 1225 4122 qua-

1321 1188 1547 1247 propter
1590 1195 1703 1228 non
1744 1177 1903 1247 longe
1942 1177 2176 1229 abessem
2220 1178 2351 1249 quin

1319 1274 1422 1327 pro
1454 1276 1557 1308 nv
1594 1274 1911 1327 reponerem
1942 1274 2037 1321 zv,
2069 1255 2247 1309 deleto
2276 1265 2349 1327 τῷ

1319 1354 1370 1387 x.
1421 1336 1790 1389 Nihilominus
1844 1336 2064 1388 lectioni
2123 1336 2351 1407 vulgatae

1319 1434 1526 1469 morem
1540 1415 1810 1486 gessimus.
1826 1446 1909 1457 —-
1920 1415 2126 1467 Cia-citer
2136 1416 2251 1469 duo.
2267 1416 2351 1469 Sc.

1321 1495 1491 1548 millia.
1533 1496 1678 1547 Bene
1715 1495 1947 1547 restituit
1982 1494 2079 1545 duo
2096 1534 2112 1557 ,
2147 1514 2212 1547 ex
2242 1497 2350 1548 suis

1320 1573 1478 1627 codd.
1511 1572 1863 1645 Oudendorp.
1883 1591 1900 1640 3
1915 1573 1989 1626 ita
2004 1593 2219 1645 quoque
2233 1593 2355 1627 nos-

1319 1654 1389 1705 tri
1423 1655 1536 1706 RR.
1569 1672 1583 1706 :
1612 1654 1873 1724 Vulgata,
1906 1654 2017 1705 duoe
2042 1673 2062 1706 .·
2090 1653 2183 1707 sed
2214 1674 2348 1726 quo-

1316 1732 1480 1785 modo
1503 1732 1626 1785 duae
1653 1734 1927 1791 cohortes,
1962 1745 2075 1786 tota
2102 1735 2213 1787 acie
2241 1733 2351 1786 dis-

1315 1814 1468 1885 pergi
1493 1813 1829 1885 potuissent?
1854 1811 2001 1866 haud
2031 1815 2196 1866 moris
2236 1825 2351 1866 erat

1317 1894 1390 1945 ita
1420 1894 1667 1945 cohortes
1699 1891 2015 1945 distrahere.

1399 1979 1452 2036 4.
1481 1972 1829 2043 Beneficiaritk.
1861 1972 2197 2026 Beneficiarii
2224 1986 2349 2025 sunt

1317 2052 1412 2123 qui
1429 2054 1775 2124 Imperatoris
1789 2051 2051 2105 beneficio
2070 2050 2137 2105 ad
2155 2051 2349 2123 gradus

1316 2132 1572 2185 militares
1595 2133 1868 2204 promoti,
1885 2132 1971 2185 vel
1999 2132 2135 2202 agris
2164 2130 2349 2185 donati

1317 2224 1456 2264 sunt.
1477 2212 1647 2264 Aliter
1676 2212 1863 2265 Festus
1888 2230 1901 2264 z
1927 2210 2239 2281 Beneficiarii
2259 2217 2348 2263 mi-

1317 2291 1423 2343 lites
1449 2291 1734 2343 dicebantur
1754 2296 1840 2363 qui
1866 2291 2115 2342 vacabant
2143 2296 2348 2343 muneris

1317 2369 1559 2439 benefida.
1608 2369 1839 2439 Mumflci
1881 2390 1998 2421 vero
2046 2371 2351 2423 vocabantur

1315 2454 1401 2522 qui
1437 2470 1535 2501 non
1562 2449 1835 2513 vacabant,
1868 2448 1957 2500 sed
1990 2469 2158 2501 munus
2186 2455 2345 2523 reipu-

1317 2530 1731 2597 blicaefaciebant.
1754 2529 2110 2582 Auxiliarium
2126 2530 2215 2582 hic
2232 2533 2348 2583 nul-

1315 2611 1368 2662 la
1397 2609 1633 2676 mentio,
1661 2610 1789 2680 quia
1815 2609 1899 2661 his
1927 2627 2118 2680 parum
2149 2608 2347 2662 fidebat

1317 2690 1623 2760 PompeiuS.
1644 2691 1831 2760 Itaque
1850 2707 1918 2741 ne
1937 2688 2108 2740 ullum
2128 2688 2349 2759 quidem

1315 2769 1495 2822 locum
1509 2770 1567 2821 in
1581 2769 1691 2822 acie
1707 2769 2006 2839 assignavit.
2032 2767 2183 2820 Solos
2202 2769 2349 2824 Grae-

1311 2867 1402 2901 cos
1434 2850 1633 2902 Italicae
1659 2849 1910 2920 phalangi
1934 2849 2208 2919 apposuit,
2242 2869 2343 2922 cse-

1311 2941 1454 2981 teros
1485 2929 1707 2982 seorsim
1737 2928 2043 2993 collocavit,
2071 2941 2159 2996 ut,
2192 2948 2340 2982 com-

1309 3009 1470 3061 misso
1497 3008 1699 3080 ‚praelio
1715 3047 1733 3074 ,
1766 3008 1975 3060 hostem
2006 3009 2340 3062 circumven-

1311 3101 1428 3140 tum
1474 3108 1577 3160 pro
1624 3089 1830 3161 viribus
1874 3087 2222 3159 profligarent
2242 3128 2260 3155 ‚
2288 3102 2342 3142 et

1309 3180 1477 3220 castra
1499 3168 1721 3222 Caesaris
1745 3167 1887 3220 vallo
1913 3167 2123 3221 munita
2144 3168 2343 3242 diripe-

1309 3261 1455 3314 rent,
1475 3247 1623 3319 quod
1654 3249 1830 3319 ipsum
1856 3266 1967 3300 non
2001 3249 2114 3301 ausi
2140 3250 2342 3316 facere,

1308 3347 1502 3400 pugnae
1531 3327 1745 3380 inutiles
1775 3327 2154 3381 interfuerunt.

1393 3407 1444 3462 5.
1473 3410 1638 3462 Rimas,
1664 3409 1901 3479 Enipeus
1926 3409 2040 3461 scil.
2066 3407 2210 3461 Vide
2230 3409 2339 3460 Lu-

1309 3508 1529 3554 canum,
1555 3508 1673 3554 vn,
1713 3507 1735 3540 1
1755 3492 1823 3540 16
1895 3495 2026 3551 224.
2059 3485 2199 3540 Add.
2229 3490 2339 3558 Ap-

1309 3569 1561 3640 pianum,
1594 3587 1641 3620 11
1658 3606 1675 3633 ‚
1698 3567 1770 3638 75
1795 3585 1808 3620 2
1834 3526 2157 3634 ὃΠομπήῖος
2180 3576 2338 3638 παρέ-

1309 3649 1427 3712 ταξε
1451 3651 1532 3702 τὸν
1557 3649 1768 3720 στρατὸν
1790 3647 1977 3717 μεταξὺ
2000 3647 2259 3717 Φαρσάλου
2282 3669 2337 3700 τε

1309 3730 1495 3788 πόλεως
1514 3767 1531 3793 ,
1546 3726 1629 3780 καὶ
1646 3717 1866 3786 Ἐνιπέως
1888 3733 2137 3797 ποταμοῦ.
2165 3727 2209 3778 F
2210 3746 2338 3779 ron·-

1311 3808 1487 3873 tinus,
1515 3808 1845 3878 Stratagem.,
1874 3824 1947 3871 11,
1981 3807 2042 3872 3,
2073 3827 2140 3858 22
2161 3846 2177 3873 ‚
2208 3806 2341 3860 dicit

1310 3889 1591 3956 Pompeium
1617 3891 1861 3939 sinistrum
1885 3887 2034 3949 latus,
2065 3906 2124 3938 ne
2149 3891 2343 3942 circuire?

1304 3979 1488 4038 posset,
1524 3967 1785 4021 admovisse
1812 3966 2088 4036 paludibus.
2106 4000 2182 4009 -—
2200 3969 2339 4020 Dex-

1313 4058 1438 4098 trum
1461 4065 1611 4100 cornu
1635 4050 1763 4102 rivus
1778 4046 2033 4098 muniebat.
2057 4047 2125 4098 Et
2146 4047 2247 4106 hoc
2262 4059 2341 4108 est
