3025 5025
595 435 736 558 nn
785 485 1136 556 BELLo
1190 486 1559 557 01v1L1.
1616 488 1805 558 ΗΒ.
1862 487 1967 559 11.
2214 485 2357 561 135

251 645 351 714 per
388 621 946 716 contignationem
959 673 980 707 ,
1008 633 1332 713 quantum
1369 633 1621 690 tectum
1657 617 1867 716 plutei
1898 645 1979 692 ac
2012 619 2361 694 vinearum

249 751 490 820 passum
513 743 648 817 est,
678 725 1000 798 laterculo
1023 725 1502 798 adstruxerunt
1521 777 1540 812 ‚
1570 751 1905 823 supraque
1938 751 2095 799 eum
2130 726 2357 801 locum

249 831 364 902 duo
409 836 592 928 tigna
641 849 1022 932 transversa
1063 834 1436 928 injecerunt
1490 859 1631 904 non
1686 833 1884 930 longe
1926 835 2013 906 ab
2052 838 2365 907 exuemis

250 941 584 1032 parietibus
597 996 618 1030 ,
641 941 882 1035 quibus
911 939 1394 1036 suspenderent
1415 965 1563 1012 eam
1584 942 2189 1036 contignationem,
2214 968 2363 1038 quae

252 1049 417 1116 turri—
433 1050 798 1143 tegimento
835 1062 1012 1118 esset
1067 1047 1354 1118 fiitura.
1404 1069 1736 1144 supraque
1772 1073 1854 1118 m
1887 1048 2073 1143 tigna
2110 1048 2365 1123 directo

251 1166 632 1224 transversas
655 1155 880 1224 trabes
901 1154 1302 1248 injecerunt,
1327 1177 1571 1249 easque
1598 1153 1863 1226 axibus²
1892 1154 2363 1250 religaverunt.

252 1261 368 1330 Has
411 1261 634 1330 trabes
679 1259 880 1356 paulo
931 1259 1266 1355 longiores
1319 1275 1521 1356 atque
1584 1263 2104 1350 eminentiores,
2162 1287 2364 1357 quam

253 1369 500 1438 extremi
523 1369 812 1462 parietes
839 1382 1065 1455 erant,
1091 1366 1491 1456 effecerunt,
1517 1383 1599 1440 ut
1631 1384 1833 1459 esset,
1858 1369 1977 1438 ubi
2002 1370 2370 1464 tegimenta

253 1475 656 1569 praependere
690 1489 964 1570 possent
990 1421 1080 1543 ad
1105 1472 1559 1546 defendendos
1598 1477 1768 1546 ictus
1802 1500 1881 1546 ac
1910 1473 2327 1570 repellendos
2346 1529 2367 1563 ,

251 1578 386 1650 dum
437 1583 616 1652 inter
669 1605 819 1654 eam
870 1581 1438 1676 contignationem
1492 1583 1777 1676 parietes
1826 1596 2365 1652 exstruerentur:

248 1709 502 1782 eamque
546 1685 1162 1760 contabulationem
1192 1712 1527 1760 summam
1558 1687 1873 1760 lateribus
1917 1687 2191 1784 lutoque
2218 1714 2373 1760 con-

246 1807 644 1883 straverunt,
681 1820 766 1868 ne
809 1795 969 1889 quid
1020 1796 1194 1890 ignis
1227 1795 1523 1866 hostium
1566 1820 1810 1867 nocere
1845 1811 2105 1892 posset,
2084 1823 2101 1840 ·
2131 1810 2369 1867 cento-

247 1924 478 1994 nesque
521 1903 797 1996 insuper
853 1904 1258 1996 injecerunt,
1307 1927 1394 1972 ne
1439 1916 1559 1972 aut
1596 1903 1728 1974 tela
1776 1904 2125 1974 tormentis
2171 1904 2373 1974 missa

243 2007 704 2078 tabulationem
738 2008 1258 2139 perfringerent,
1291 2023 1412 2080 aut
1445 2033 1605 2080 saxa
1638 2035 1721 2080 ex
1760 2009 2115 2106 catapultis
2151 2007 2371 2080 lateri·

244 2114 392 2184 tium
452 2115 878 2186 discuterent.
935 2100 1237 2186 Storias³
1279 2129 1504 2186 autem
1563 2143 1647 2187 ex
1694 2117 1965 2188 funibus
2008 2117 2375 2188 ancorariis

243 2233 396 2309 tres,
445 2223 519 2290 in
571 2221 1054 2316 longitudinem
1113 2223 1444 2318 parietum
1495 2226 1742 2313 turris,
1798 2223 1964 2294 latas
2015 2225 2119 2293 IV
2168 2221 2375 2318 pedes

241 2325 532 2400 fecerunt
550 2383 571 2417 ,
603 2352 846 2423 easque
881 2355 964 2400 ex
1000 2329 1214 2400 tribus
1262 2328 1565 2422 partibus
1578 2385 1598 2419 ,
1642 2355 1789 2425 quae
1828 2331 1917 2400 ad
1952 2331 2179 2400 hostes
2214 2352 2375 2396 ver-

242 2434 474 2528 gebant
493 2490 514 2525 ,
549 2436 992 2506 eminentibus
1029 2435 1334 2506 trabibus
1375 2436 1630 2508 circum
1662 2438 1902 2506 turrim
1939 2434 2373 2533 praependen·

238 2553 326 2611 tes
367 2541 820 2638 religaverunt
856 2570 872 2613 :
913 2542 1098 2637 quod
1135 2568 1345 2615 unum
1387 2567 1599 2637 genus
1640 2545 1984 2639 tegimenti
2028 2542 2169 2612 aliis
2212 2541 2375 2611 locis

238 2664 416 2718 erant
455 2652 749 2745 experti,
781 2648 968 2719 nullo
1013 2649 1148 2719 telo
1191 2674 1406 2742 neque
1446 2665 1785 2720 tormento
1820 2650 2116 2743 transjici
2158 2672 2373 2743 posse.

238 2754 359 2825 Ubi
395 2781 564 2825 vero
602 2781 680 2827 ea
715 2780 871 2852 pars
907 2758 1108 2827 turris
1137 2811 1158 2845 ,
1193 2782 1342 2851 quae
1383 2770 1531 2825 erat
1568 2756 1911 2851 perfecta,
1952 2770 2130 2825 tecta
2173 2768 2375 2849 atque

237 2864 484 2935 munita
521 2878 624 2933 est
655 2863 742 2933 ab
775 2866 959 2934 omni
1007 2866 1148 2934 ictu
1198 2864 1494 2935 hostium
1510 2914 1530 2949 ‚
1566 2863 1831 2958 pluteos
1876 2862 1963 2933 ad
2004 2861 2131 2931 alia
2168 2885 2377 3000 opera

235 2967 694 3039 abduxerunt:
743 2971 944 3039 turris
975 2983 1228 3039 tectum
1264 2994 1385 3066 per
1423 2994 1492 3039 se
1528 2972 1748 3065 ipsum
1787 2954 2377 3067 prehensionibus⁴

235 3098 306 3143 ex
339 3077 840 3171 contignatione
883 3078 1102 3171 prima
1139 3074 1544 3173 suspendere
1584 3100 1664 3145 ac
1706 3074 1937 3147 tollere
1982 3089 2373 3171 coeperunt:

235 3180 364 3272 ubi,
397 3198 730 3277 quantum
759 3185 1120 3255 storiarum
1155 3182 1468 3259 demissio
1499 3183 1909 3278 patiebatur,
1939 3197 2201 3253 tantum
2244 3180 2375 3251 ele·

237 3289 496 3359 vahant.
539 3290 730 3357 Intra
770 3290 915 3358 haec
959 3292 1324 3387 tegimenta
1360 3288 1568 3359 abditi
1598 3304 1795 3385 atque
1822 3290 2063 3359 muniti
2090 3289 2376 3385 parietes

235 3391 548 3467 lateribus
584 3396 1040 3485 exstruebant,
1077 3421 1435 3492 rursusque
1472 3395 1600 3467 alia
1635 3397 2078 3491 prehensione
2108 3395 2193 3463 ad
2221 3394 2375 3462 aedi-

233 3499 572 3573 ficandum
632 3502 756 3573 sibi
809 3502 1033 3573 locum
1089 3502 1549 3599 expediebant.
1598 3502 1738 3575 Ubi
1787 3517 2051 3598 tempus
2106 3500 2375 3572 alterius

307 3716 364 3750 2.
390 3696 598 3767 Easque
615 3695 807 3750 axibus.
826 3697 912 3749 Ita
933 3706 1069 3769 opu.
1094 3694 1254 3751 codd.
1428 3684 1481 3749 3'.
1507 3693 1714 3749 Store‘as.
1738 3695 1821 3747 Ita
1838 3693 1990 3748 MSS.
2006 3710 2191 3746 omnes
2206 3693 2373 3746 :Vul-

231 3788 280 3829 et
297 3777 474 3831 nostri
493 3774 606 3829 duo
625 3793 640 3829 t
663 3776 722 3831 in
739 3776 982 3829 Palatino
999 3777 1160 3829 etiam
1179 3796 1260 3829 as-
1340 3789 1460 3848 gata
1483 3786 1697 3839 storeas,-
1724 3774 2014 3845 utrumque
2040 3774 2194 3826 bene.

229 3856 354 3923 sibus
365 3895 383 3920 ,
423 3855 573 3910 idem
600 3868 701 3909 est.
731 3858 804 3909 At
833 3856 923 3909 alii
951 3856 1152 3909 habent
1180 3874 1258 3909 as·-
1423 3863 1477 3921 4.
1511 3852 1925 3908 Ρνεήεπείοηίὖω.
1970 3852 2155 3907 Codex
2194 3864 2375 3907 noster

231 3938 438 3990 ser-ibus:
455 3936 628 4003 male,
651 3954 778 3989 nam
805 3956 982 3989 asseres
998 3947 1125 3990 sunt
1152 3947 1258 3994 tra-
1345 3935 1531 4007 5768,
1555 3934 1893 4006 pensionibus-3
1930 3946 1983 3987 at
2016 3930 2208 4005 5764,
2233 3952 2373 4004 pres-

231 4014 319 4070 bes
341 4016 478 4071 fissa
492 4056 511 4083 ‚
532 4035 654 4088 quae
681 4028 989 4071 transversae
1018 4016 1076 4070 in
1102 4017 1254 4071 tectis
1339 4015 1549 4069 sionibus
1566 4034 1587 4068 .·
1610 4016 1741 4068 item
1758 4016 1915 4069 Voss.
1940 4012 2060 4068 cod.
2089 4014 2241 4067 Hanc
2270 4015 2382 4067 lec-r

230 4096 488 4151 sustinent
513 4098 737 4169 tegulas,
767 4109 824 4151 et
852 4098 1084 4153 tabulata
1131 4099 1253 4150 msc·-
1338 4096 1544 4150 tionem
1582 4096 1639 4149 in
1678 4093 2120 4168 disceptationem
2156 4094 2371 4153 vocabi·

231 4174 340 4243 bus,
373 4196 488 4233 non
515 4178 754 4233 asseribus
784 4178 1009 4235 insterni
1061 4178 1250 4233 solent.
1337 4194 1458 4233 mus
1479 4177 1540 4235 in
1567 4176 1955 4249 supplemento.

1906 4260 2002 4369 94
