3025 5025
641 457 786 546 154
931 463 1006 530 c.
1063 461 1346 535 JULII
1403 458 1869 530 cAEsAnls
1925 459 2476 532 COMMENT.

527 593 531 598 ’
630 617 926 714 quasque
973 593 1285 664 Gaditani
1330 591 1523 687 jussu
1564 594 1891 663 Varronis
1943 593 2242 663 fecerant
2266 647 2285 681 ‚
2328 597 2787 666 Tarraconem

629 703 862 795 paucis
885 700 1114 769 diebus
1152 703 1473 795 pervenit.
1509 699 1617 769 Ibi
1653 701 1853 770 totius
1892 700 2029 769 fere
2063 703 2387 770 citerioris
2417 705 2789 796 provincias

629 805 994 902 legationes
1023 809 1300 878 Caesaris
1323 807 1706 877 adventum
1712 808 2247 944 exspectabant.
2234 805 2489 876 Eadem
2518 813 2785 879 ratione

629 916 939 1008 privatim
973 935 1054 984 ac
1089 914 1356 1010 publice
1393 913 1787 1009 quibusdam
1818 900 2247 984 civitatibus⁴
2278 914 2521 986 habitis
2559 917 2788 986 hono-

633 1021 850 1109 ribus,
885 1025 1264 1091 Tarracone
1313 1022 1628 1108 discedit,
1664 1020 2077 1116 pedibusque
2119 1020 2543 1110 Narbonem,
2586 1037 2791 1118 atque

630 1127 784 1195 inde
811 1127 1177 1198 Massiliam
1215 1131 1561 1224 pervenit:
1597 1129 1719 1216 ibi,
1763 1127 1977 1223 legem
2017 1128 2099 1196 de
2136 1115 2499 1198 dictatore⁵
2544 1127 2791 1219 latam,

633 1257 904 1329 seseque
923 1205 1316 1306 dictatorem
1341 1236 1596 1305 dictum
1628 1259 1669 1303 a
1690 1237 1785 1304 M.
1808 1235 2069 1330 Lepido
2086 1250 2406 1329 praetore,
2422 1239 2789 1330 cognoscit.

757 1459 768 1469 .
717 1418 1092 1490 4Quibusdam
1105 1419 1390 1474 civitatibus.
1411 1419 1534 1472 Alii.
1558 1422 1665 1492 qui·

633 1497 810 1570 busque
839 1495 985 1569 quod
1017 1497 1253 1552 Grutero
1283 1499 1448 1570 magis
1475 1498 1665 1572 placet.

633 1579 706 1630 At
721 1596 832 1630 non
855 1576 1063 1631 ‘dicitur
1087 1597 1271 1632 omnes
1289 1578 1528 1633 civitates
1549 1579 1668 1652 pari

635 1659 800 1728 gratia
830 1659 990 1712 fnisse
1023 1657 1168 1730 apud
1194 1660 1454 1713 Caesarem
1478 1679 1492 1714 :
1522 1659 1667 1713 unde

634 1737 824 1790 melius
842 1739 1140 1810 quibusdam.
1157 1772 1238 1781 —
1251 1740 1452 1792 Habetis
1471 1743 1668 1794 honori-

637 1817 740 1870 bus.
779 1817 844 1870 In
876 1818 960 1870 his
991 1832 1104 1870 erat
1137 1821 1226 1889 J‘us
1264 1819 1490 1874 civitatis
1522 1819 1667 1894 quod

639 1899 814 1950 Caesar
841 1897 1118 1950 Gaditanis
1149 1901 1426 1954 concessit.

723 1978 754 2030 5
766 2016 777 2028 .
799 1978 878 2029 Ibi
889 1980 1038 2047 legem
1055 1979 1115 2029 de
1131 1979 1366 2030 dictatore
1381 1981 1547 2032 latam.
1564 1981 1669 2032 Dio

637 2057 822 2110 scribit
834 2056 1100 2129 Lepidum
1117 2052 1138 2120 (
1152 2053 1400 2111 eumdem
1414 2058 1508 2132 qui
1530 2071 1677 2131 post·

639 2135 863 2189 modum
901 2138 1152 2191 triumvir
1189 2135 1332 2202 fuit)
1355 2140 1675 2210 persuasisse

637 2218 864 2288 populo,
890 2229 952 2269 ut
973 2217 1237 2271 Caesarem
1260 2217 1573 2273 dictatorem
1596 2221 1672 2272 sa·

638 2310 782 2349 ceret
804 2316 819 2350 t
844 2299 1112 2351 Plutarch.
1147 2317 1176 2351 a
1221 2313 1406 2352 senatu
1437 2301 1668 2354 factum:

639 2378 899 2449 Appiam,
925 2379 960 2432 l.
989 2397 1068 2446 11,
1099 2397 1210 2431 non
1230 2397 1258 2432 a
1276 2393 1492 2445 senatu,
1523 2380 1617 2434 sed
1644 2399 1673 2433 a

641 2459 846 2530 populo
886 2459 1064 2532 ipsum
1105 2455 1328 2513 timente
1350 2479 1365 2527 ;
1401 2460 1551 2534 quod
1596 2473 1675 2515 est

640 2539 998 2593 verisimilius.
1014 2540 1250 2613 Lepidus
1263 2543 1407 2594 enim
1422 2543 1544 2595 urbi
1562 2555 1677 2595 erat

641 2637 670 2670 a
693 2618 896 2672 Caesare
909 2623 1250 2692 praepositus,
1274 2619 1514 2694 adeoque
1532 2623 1675 2676 vices

641 2701 874 2753 consulis
911 2702 1135 2773 implere
1165 2720 1320 2773 posse
1355 2702 1641 2757 videbatur
1658 2740 1674 2770 ‚

641 2779 868 2833 suadens
884 2800 999 2833 rem
1012 2783 1235 2853 populo,
1253 2783 1395 2835 Gon.
1412 2784 1676 2836 Preterea

643 2860 698 2911 h.
727 2860 763 2911 l.
801 2878 1044 2933 expresse
1074 2860 1274 2915 dicitur
1295 2864 1464 2935 legem
1494 2864 1673 2917 latam.

642 2939 815 2991 Porro
835 2942 982 2993 nulla
1003 2943 1088 2994 lex
1113 2962 1141 2993 a
1173 2954 1357 2995 senatu
1380 2944 1674 3010 ferebatur,

641 3017 736 3070 sed
761 3038 790 3071 a
809 3024 1010 3093 populo
1027 3039 1126 3093 per
1148 3025 1447 3092 centurias,
1473 3025 1553 3076 vel
1578 3042 1677 3096 per

644 3099 816 3152 trihus
873 3115 1206 3173 congregato.
1265 3102 1426 3157 Unde
1480 3106 1678 3157 erravit

642 3178 912 3233 Plutarch.
961 3200 1129 3253 quum
1173 3202 1201 3233 a
1245 3194 1429 3235 senatu
1475 3184 1674 3237 factum

642 3256 860 3313 diceret.
880 3263 1052 3315 -M.
1095 3262 1294 3333 Lepido,
1337 3263 1471 3317 Gens
1503 3263 1675 3317 AEmt'-

643 3340 743 3402 lia,
778 3360 864 3393 seu
898 3341 1130 3405 Αἱηιὶίία,
1162 3342 1384 3414 patricia
1415 3344 1548 3410 fuit,
1582 3362 1675 3396 an-

641 3420 967 3491 tiquissima,
999 3432 1053 3475 et
1083 3424 1402 3490 clarissima,
1435 3424 1680 3476 innume-

643 3501 716 3553 ris
743 3500 1094 3574 dignitatibus
1115 3503 1264 3556 domi
1291 3516 1344 3555 et
1367 3504 1573 3557 militiae
1590 3502 1681 3557 de·

643 3592 822 3637 corata
835 3620 851 3648 ,
875 3583 948 3635 ita
968 3596 1028 3635 ut
1047 3584 1189 3636 inter
1214 3583 1338 3635 alias
1360 3584 1473 3637 fere
1491 3602 1679 3637 omnes

644 3664 1681 3735 occupaveritptmtificatummaximum,

644 3740 934 3796 dictaturas
956 3782 972 3809 ‚
1017 3745 1319 3797 consulatus
1337 3782 1354 3809 ,
1395 3757 1642 3798 censuras
1660 3783 1676 3808 ‚

646 3822 944 3893 magisteria
961 3824 1203 3895 equitum
1220 3862 1236 3889 ‚
1261 3824 1563 3877 tribunatus
1582 3826 1681 3877 mi-

643 3902 802 3954 litum
833 3922 954 3954 cum
982 3905 1248 3957 consulari
1272 3915 1559 3976 potestate3
1584 3904 1679 3959 de·-

647 4000 796 4033 mum
837 3985 1232 4037 triumviratum
1259 3986 1324 4038 R.
1355 3986 1418 4039 P.
1454 3985 1515 4039 C.
1546 3986 1679 4038 Eam

648 4062 768 4127 alii,
788 4064 962 4135 inquit
982 4062 1167 4117 Festus
1181 4103 1196 4130 ,
1220 4066 1256 4117 l.
1281 4082 1302 4117 1
1317 4103 1333 4131 ,
1357 4084 1386 4117 a
1407 4066 1679 4121 Mamerco

645 4143 962 4213 Pythagorae
985 4145 1098 4197 filio
1121 4142 1444 4199 descendere
1461 4147 1679 4212 volunt,

1754 1418 1878 1488 quia
1899 1417 2061 1488 primi
2085 1418 2291 1470 AEmilii
2319 1418 2495 1470 vocati
2524 1433 2656 1476 sunt
2679 1421 2793 1472 Ma-

1753 1495 1917 1550 merci
1938 1517 1953 1562 3
1973 1496 2061 1549 alii
2087 1494 2153 1550 ad
2179 1497 2462 1551 Ascanium
2484 1499 2649 1571 hujus
2670 1517 2794 1570 gen-

1754 1577 1821 1630 tis
1840 1577 2101 1649 originem
2119 1577 2358 1632 referunt
2377 1617 2391 1644 ,
2422 1579 2515 1650 qui
2536 1577 2681 1632 duos
2703 1578 2797 1632 ha-

1752 1658 1932 1713 buerit
1942 1656 2111 1721 filios,-
2136 1659 2169 1710 J
2172 1659 2347 1724 ulum,
2364 1677 2393 1710 a
2406 1676 2515 1728 quo
2527 1657 2561 1712 J
2566 1661 2663 1712 ulii
2684 1661 2797 1714 Cae·

1754 1757 1893 1790 sares
1907 1775 1923 1804 ,
1950 1751 2003 1791 et
2026 1738 2331 1809 AEmylum‚
2354 1739 2557 1790 AEmilii
2580 1740 2796 1811 generis

1754 1817 2071 1889 principem.
2093 1817 2362 1871 Plutarch.
2381 1813 2567 1880 (Pauli
2585 1817 2799 1872 AEmilii

1755 1899 1863 1950 vita
1872 1897 1893 1961 )
1903 1897 2005 1950 hoc
2016 1915 2212 1952 nomen
2228 1895 2353 1952 duci
2366 1897 2646 1952 contendit
2660 1919 2691 1952 a
2700 1915 2799 1954 vo-

1757 1998 1817 2031 ce
1826 1979 2042 2049 Αἱμυλίοι
2054 2015 2067 2036 ,
2089 1978 2147 2031 id
2165 1993 2268 2045 est,
2286 1999 2315 2035 a
2331 1980 2513 2050 lepore
2532 1981 2589 2031 in
2611 1979 2799 2033 dicen-

1758 2056 1831 2111 do
1849 2070 1900 2111 et
1912 2071 2205 2112 venustate.
2224 2059 2485 2112 Distincta
2505 2054 2585 2112 est
2597 2061 2656 2111 in
2670 2060 2798 2130 plu-

1758 2137 1921 2191 rimas
1932 2139 2125 2210 stit-pes
2134 2175 2150 2205 ,
2166 2139 2616 2191 Mamercium-um
2628 2175 2647 2204 ,
2668 2141 2801 2192 Bar-

1758 2217 2034 2282 bularum,
2067 2220 2373 2292 Pappbrum
2389 2257 2406 2285 ‚
2432 2219 2798 2290 Reginorum,

1760 2298 2090 2371 Lepidorum
2108 2337 2123 2364 ,
2167 2300 2477 2352 Paullorum
2500 2338 2515 2366 ,
2564 2299 2799 2353 Scauro—

1759 2393 1882 2432 rum
1908 2391 1961 2432 et
1981 2381 2262 2433 Bucarum.
2280 2379 2407 2432 Haee
2425 2380 2499 2432 ita
2517 2379 2631 2432 fere
2652 2381 2715 2432 V
2706 2381 2801 2432 ail-

1761 2461 1889 2523 lant,
1915 2471 1953 2514 t.
1974 2477 1995 2513 1
2010 2497 2026 2526 ,
2048 2461 2213 2513 famil.
2242 2477 2380 2514 rom.
2395 2497 2411 2526 ,
2429 2477 2484 2531 p.
2512 2479 2597 2513 πο.
2620 2461 2797 2513 Porro

1760 2554 1943 2595 noster
1992 2554 2105 2593 erat
2156 2560 2187 2593 e
2242 2542 2407 2613 stirpe
2461 2540 2799 2612 Lepidorum

1761 2620 2023 2675 oriundus
2049 2659 2067 2687 ‚
2112 2623 2263 2692 cujus
2320 2632 2505 2673 auctor
2557 2620 2661 2673 fuit
2716 2622 2795 2674 M.

1760 2703 2009 2754 AEmilius
2034 2701 2271 2773 Lepidus
2296 2712 2528 2773 quoestor
2550 2718 2637 2754 an.
2658 2702 2795 2771 459,

1762 2794 1815 2834 et
1832 2800 1937 2835 cos.
1956 2800 2077 2834 cum
2102 2779 2329 2834 Claudio
2348 2781 2552 2835 Canina
2578 2771 2721 2843 468.
2744 2783 2797 2834 Is

1762 2876 2014 2932 nepotem
2044 2862 2235 2915 habuit
2258 2862 2336 2914 M.
2370 2864 2659 2914 AEmmtm
2686 2862 2798 2913 Ln-

1763 2958 1951 2995 rmmu
1982 2944 2131 3013 cujus
2160 2943 2413 3014 praeclare
2438 2942 2638 2994 factum
2668 2960 2797 2993 nar-

1762 3034 1846 3075 rat
1868 3021 1991 3073 val.
2009 3020 2275 3075 Maximus
2289 3060 2305 3087 ‚
2328 3022 2422 3075 lib.
2440 3036 2541 3086 ιιι,
2555 3038 2605 3075 c.
2636 3040 2659 3074 1
2683 3038 2699 3073 ε
2732 3052 2799 3065 --·

1763 3103 2003 3155 AEmt‘lius
2051 3102 2259 3173 Lepidus
2295 3120 2420 3174 puer
2460 3105 2606 3153 etiam
2656 3111 2758 3153 tum
2778 3140 2794 3163 ,

1756 3199 2040 3253 progressus
2058 3186 2108 3234 in
2128 3186 2275 3234 aciem
2284 3222 2299 3245 ‚
2332 3184 2509 3233 hostem
2532 3185 2794 3242 interemit,

1762 3266 1907 3315 civem
1936 3267 2165 3325 servavit,
2194 3265 2328 3333 etq‘us
2360 3275 2459 3313 tam
2482 3262 2802 3313 memorabilis

1764 3346 1919 3413 operis
1962 3343 2107 3395 index
2144 3355 2218 3393 est
2256 3348 2307 3394 in
2348 3342 2597 3413 Capitol&
2632 3353 2799 3393 statua

1765 3422 1951 3475 bullata
1964 3463 1979 3486 ‚
2006 3434 2058 3475 et
2078 3426 2285 3474 incincta
2306 3434 2572 3493 proetexta,
2604 3432 2800 3473 senatus

1764 3504 1981 3555 consulto
1999 3506 2179 3575 posita.
2208 3502 2329 3555 Hoc
2355 3518 2569 3574 quoque
2600 3502 2799 3554 confir-

1764 3596 1912 3637 mant
1932 3583 2140 3635 nummi
2166 3581 2277 3636 duo
2303 3583 2537 3655 argentei
2564 3598 2799 3653 quorum

1764 3664 1915 3737 prior
1945 3664 2288 3717 inscribitur:
2316 3661 2393 3715 M.
2424 3664 2670 3716 Lnnnvs
2692 3664 2796 3716 Aa.

1764 3760 1851 3796 xv.
1878 3745 1975 3797 Pa.
2005 3744 2073 3797 H.
2098 3744 2167 3795 Ο.
2193 3744 2254 3797 C.
2282 3743 2334 3796 S.
2364 3738 2580 3805 (Amos
2604 3742 2800 3815 quinde-

1764 3828 1856 3875 ct‘m
1897 3834 2217 3895 praetextate„
2260 3824 2441 3876 hostem
2484 3822 2666 3875 occidit
2680 3860 2694 3885 ,
2726 3826 2799 3874 et·-

1768 3922 1866 3958 vem
1908 3903 2170 3968 servavit).
2205 3904 2381 3975 Caput
2416 3902 2651 3957 Veneris
2686 3903 2799 3955 vic·

1766 3982 1913 4037 tricis
1938 3985 2264 4050 laureatum,
2289 3996 2410 4037 ante
2430 3982 2579 4054 quod
2605 3984 2801 4053 simpu-

1763 4066 1875 4117 lum
1891 4102 1907 4130 ,
1948 4075 2002 4117 et
2048 4078 2193 4137 pone
2242 4080 2441 4121 corona
2471 4082 2485 4115 ε
2513 4064 2572 4115 in
2621 4074 2799 4117 aversa

1764 4156 1943 4217 parte,
1964 4142 2134 4216 figura
2156 4145 2213 4198 in
2236 4162 2395 4216 equo,
2418 4162 2447 4197 a
2468 4142 2679 4211 dextra,
2694 4154 2801 4195 tro·
