3025 5025
717 459 858 530 DE
911 459 1262 528 BELLO
1319 461 1700 531 CIVILI.
1759 465 1949 532 LIB.
2006 467 2061 534 L
2150 487 2153 492 ·
2368 463 2462 540 55

317 588 422 658 lus
467 588 778 662 tribunus
823 590 1033 687 plebis
1089 595 1175 662 ab
1227 594 1510 664 inimicis
1556 597 1835 665 Caesaris
1856 649 1875 684 ‚
1927 600 2043 692 qui
2096 597 2273 670 hanc
2322 625 2467 670 rem

317 787 374 828 et
385 793 526 848 seqq.
545 774 617 828 ad
640 795 662 829 1
676 780 709 830 6
718 777 904 842 8.Quis
917 790 1093 832 autem
1109 777 1272 832 fuerit
1285 779 1348 832 L.

318 855 590 922 Metellus,
618 857 908 927 ignoratur.
936 859 1093 912 Certe
1119 878 1182 911 ex
1202 859 1350 911 illus-

318 935 388 986 tri
403 937 617 988 Caecilia
639 949 827 1006 gente,
855 938 1086 1008 plebeia,
1109 937 1204 990 sed
1229 951 1352 992 ante

321 1033 400 1068 an.
445 1015 556 1068 500
577 1055 594 1078 ,
638 1019 842 1089 magnis
870 1019 1262 1088 magistratibus
1297 1031 1352 1073 et
1393 1059 1400 1062 -

322 1095 608 1166 triumphis
650 1095 925 1162 decorata,
954 1100 1103 1170 cujus
1151 1117 1349 1152 nomen

323 1175 458 1227 venit
491 1195 520 1226 a
553 1175 775 1240 Caeculo,
797 1178 1026 1230 Vulcani
1050 1177 1348 1244 filio,Prae-

295 1256 534 1308 restium
572 1258 724 1310 urbis
759 1257 1074 1323 fundatore,
1101 1275 1130 1309 a
1169 1259 1349 1329 pravi·

322 1347 420 1388 tate
445 1336 734 1390 oculorum
757 1337 833 1390 sic
859 1338 1153 1411 appellato;
1172 1339 1274 1403 vel,
1287 1351 1350 1392 ut

319 1415 636 1484 quibusdam
659 1418 862 1488 placet,
887 1439 916 1471 a
938 1418 1143 1471 Caecade
1165 1419 1352 1492 Troja-

317 1513 384 1546 no
403 1534 420 1560 ,
451 1499 640 1549 AEneae
668 1499 862 1550 comite
879 1537 896 1563 ,
922 1511 1037 1564 aut,
1061 1511 1122 1550 ut
1146 1497 1289 1564 aliis,
1317 1519 1347 1550 a

315 1577 716 1630 caecutientibus
761 1579 944 1632 oculis.
987 1580 1054 1630 In
1101 1579 1349 1649 plurimis

315 1657 722 1726 cognominibus
759 1657 926 1712 divisa
971 1671 1050 1712 est
1065 1698 1080 1725 ,
1105 1657 1200 1712 sed
1233 1659 1348 1730 pri-

313 1753 460 1788 mum
491 1750 547 1790 et
577 1738 926 1790 clarissimum
957 1739 1060 1792 fuit
1087 1740 1342 1801 Metellus,

317 1833 416 1885 qua
442 1836 579 1884 voce
605 1819 664 1870 in
693 1837 753 1870 re
783 1819 1003 1871 militari
1033 1821 1183 1890 quasi
1212 1838 1350 1871 mer-

318 1898 510 1950 cenarii
531 1895 666 1950 dicti
687 1910 837 1951 sunt:
853 1897 998 1951 unde
1015 1897 1148 1951 illud
1174 1900 1346 1954 Accii:

321 1973 552 2039 Calones,
571 1979 627 2031 F
623 1979 774 2030 amuli
785 2017 802 2040 ‚
829 1979 1133 2050 Metellique,
1167 1979 1347 2034 Calcu-

394 2059 567 2129 Ioeque.

316 2133 526 2189 Primus
576 2155 642 2189 ex
694 2155 755 2189 ea
805 2151 966 2208 gente
1013 2138 1347 2191 consulatum

317 2213 539 2287 adeptus
576 2229 658 2270 est
691 2217 755 2270 L.
792 2219 1038 2270 Caecilius
1068 2219 1316 2272 Metellus
1329 2257 1348 2284 ,

318 2309 400 2351 an.
415 2297 487 2349 U.
511 2297 577 2350 C.
604 2301 750 2366 469,
773 2300 922 2368 cujus
942 2297 1116 2364 filius,
1144 2298 1208 2350 L.
1238 2299 1349 2354 Cae-

318 2374 466 2428 cilius
481 2415 498 2444 ,
531 2377 639 2430 fuit
677 2378 866 2430 consul
908 2397 1032 2431 cum
1073 2380 1134 2432 C.
1180 2379 1348 2432 Furio

314 2454 526 2523 Pacilo,
573 2457 722 2523 5023
754 2455 1005 2513 adversus
1050 2459 1244 2519 Poenos
1288 2459 1348 2512 in

315 2532 547 2589 Siciliam
594 2539 868 2610 profectus
915 2551 1025 2605 est,
1064 2538 1237 2610 deque
1282 2540 1348 2593 iis

315 2617 703 2689 triumphavit:

315 2712 358 2751 L.
389 2714 686 2755 CAECILIVS
720 2714 768 2753 L.
813 2714 862 2753 F.
897 2714 946 2753 C.
974 2714 1028 2755 N.
1057 2714 1350 2755 METELLVS

608 2776 831 2817 PROCOS.
861 2778 911 2817 A.
933 2776 1050 2816 D111.

316 2844 384 2885 m:
401 2846 608 2886 POENIS
844 2846 926 2886 vn
946 2846 1070 2886 lnvs
1086 2844 1348 2886 SEPTEMB.

317 2932 488 2991 Fuere
513 2935 628 2990 duo
655 2938 954 2991 Dictatores
979 2954 1044 2990 ex
1069 2955 1130 2989 ea
1162 2950 1346 3008 gente3

316 3016 440 3071 item
485 3038 574 3071 an.
630 3021 744 3088 607
770 3055 787 3082 ‚
826 3018 893 3083 Q.
941 3017 1184 3070 Caecilius
1221 3018 1348 3069 Me-

315 3098 468 3151 tellus
497 3090 569 3151 de
600 3096 1108 3169 Pseudo-Philippo
1138 3108 1192 3151 et
1229 3097 1348 3150 Ma-

317 3177 536 3231 cedonia
554 3216 570 3244 ,
595 3176 741 3231 unde
769 3178 1112 3233 Macedonicus
1140 3175 1346 3243 dictus,

316 3261 464 3329 cujus
486 3258 632 3313 filius
651 3258 1040 3330 primogenitus
1063 3258 1132 3323 Q.
1156 3258 1346 3309 Metel-

315 3338 422 3404 lus,
437 3339 536 3410 qui
549 3338 673 3391 Cos,
693 3358 779 3391 an.
797 3342 934 3403 622,
951 3356 1078 3390 cum
1093 3338 1159 3392 T.
1179 3337 1349 3403 Quin-

318 3418 390 3470 tio
407 3419 677 3471 Flaminio
697 3419 896 3485 fuerat,
919 3436 1131 3489 procos.
1152 3418 1344 3485 factm,

317 3510 368 3551 et
386 3512 678 3570 prorogato
701 3498 932 3571 imperio
958 3510 1144 3551 contra
1163 3498 1348 3551 Balea-

317 3596 398 3631 res
452 3579 736 3651 piraticam
787 3590 1088 3633 exercentes
1106 3615 1124 3644 ,
1162 3576 1231 3630 de
1281 3578 1347 3631 iis

317 3658 670 3731 triumphavit
710 3678 833 3714 ann.
877 3660 987 3712 632
1008 3698 1024 3726 ‚
1055 3656 1200 3711 unde
1238 3658 1347 3709 Ba-

319 3738 521 3791 tear-icus
559 3738 736 3793 dictus
773 3757 789 3792 ε
821 3739 1041 3793 illustris
1069 3736 1216 3790 idem
1245 3738 1349 3791 fuit

319 3832 523 3888 orator,
547 3832 681 3873 teste
702 3818 990 3873 Cicerone:
1012 3814 1177 3881 (Vide
1191 3816 1260 3871 de
1282 3837 1346 3871 eo

319 3898 465 3953 Brut.
491 3918 544 3953 c.
565 3905 665 3970 74,
693 3910 750 3953 et
779 3898 923 3951 alibi.
943 3896 964 3963 )
984 3899 1201 3953 Tertius
1230 3898 1348 3951 Ma-

319 3978 556 4033 cedonici
578 3978 754 4047 filius,
777 3980 858 4033 Μ.
883 3979 1128 4033 Caecilius
1157 3978 1348 4031 Metel-

319 4056 423 4127 lus,
451 4060 578 4113 Cos.
605 4078 731 4113 cum
755 4055 834 4113 M.
865 4059 1086 4116 AEmilio
1117 4058 1348 4125 Scauro,

320 4156 400 4192 an.
431 4140 582 4209 6383
614 4159 700 4195 au.
731 4140 976 4211 sequenti
1003 4136 1073 4193 de
1104 4136 1348 4193 Sardinia

1438 777 1777 850 triumphum
1790 779 1896 851 egit
1912 781 2004 846 ;V.
2028 800 2215 835 marm.
2233 777 2466 853 Capitol.

1435 871 1498 911 Μ.
1522 872 1809 913 CAECILIVS
1843 873 1902 924 Q.
1929 873 1975 914 F.
2005 873 2059 926 Q.
2088 877 2142 915 N.
2172 875 2469 918 METELLVS

1760 929 1890 984 rao.
1908 945 1955 984 A.
1984 945 2131 986 next.

1700 1015 1816 1056 cos.
1834 1015 1910 1055 Ex
1922 1015 2193 1056 smmum.

1435 1095 1641 1151 Eodem
1684 1117 1825 1152 anno
1841 1139 1856 1165 ‚
1888 1113 2108 1172 quartus
2150 1113 2203 1153 et
2244 1101 2465 1155 ultimus

1435 1178 1627 1242 Quinti
1645 1178 1847 1231 Metelli
1872 1178 2208 1232 Macedonici
2234 1180 2377 1234 filius
2401 1180 2463 1233 C.

1435 1257 1679 1311 Caecilius
1722 1259 1970 1312 Metellus
2016 1260 2301 1331 Caprarius
2315 1298 2332 1326 ,
2376 1262 2465 1315 cui

1433 1355 1733 1408 cognomen
1750 1339 1893 1392 istud
1915 1337 2147 1394 inditum
2162 1351 2242 1392 est
2264 1341 2322 1392 in
2336 1338 2466 1394 ado·

1433 1417 1683 1472 lescentia
1699 1457 1715 1484 ,
1741 1421 1812 1472 ob
1838 1439 1989 1472 suam
2004 1419 2355 1473 rusticitatem
2378 1421 2465 1472 in-

1435 1496 1785 1570 conditosque
1812 1518 2012 1564 mores,
2038 1518 2162 1552 cum
2187 1500 2351 1552 fratre
2368 1519 2466 1552 suo

1433 1577 1511 1629 M.
1546 1577 1679 1630 Caec.
1713 1579 1959 1644 Metello,
1986 1577 2054 1632 de
2086 1581 2385 1633 Thracibus
2414 1591 2469 1634 et

1434 1649 1821 1713 Macedonibus
1850 1659 2218 1731 triumphavit.
2244 1657 2351 1714 Sed
2381 1660 2466 1712 in-

1434 1749 1517 1789 ter
1542 1738 1812 1800 Metellos.
1835 1740 2169 1792 celeberrimi
2184 1758 2470 1792 numeran-

1433 1829 1525 1869 tur
1552 1817 1621 1882 Q.
1660 1818 1901 1872 Caecilius
1930 1817 2177 1872 Metellus
2215 1818 2465 1872 Numidi-

1433 1917 1549 1962 cae,
1584 1899 1646 1951 L.
1682 1899 1881 1952 Caecilii
1908 1899 2059 1953 Calvi
2090 1900 2284 1964 frater,
2317 1912 2369 1953 et
2400 1901 2462 1954 L.

1435 1977 1635 2032 Caecilii
1663 1979 1961 2034 Diademati
1999 1979 2142 2034 filius
2174 2019 2191 2046 ,
2226 1981 2321 2051 qui
2352 1981 2469 2051 qui..

1433 2055 1559 2110 dem
1613 2073 1726 2112 erat
1778 2059 1910 2113 alter
1953 2079 2018 2112 ex
2064 2067 2295 2130 quatuor
2342 2061 2467 2114 filiis
2529 2059 2533 2070 ⁸

1433 2135 1798 2205 Macedonici3
1818 2140 1885 2205 Q.
1922 2138 2165 2192 Caecilius
2192 2140 2466 2206 Creticae,

1433 2218 1529 2289 qui
1560 2217 1628 2271 de
1661 2221 1819 2272 Creta
1857 2219 2191 2290 triumphum
2226 2221 2363 2290 egit;
2393 2222 2461 2285 Q.

1434 2297 1679 2350 Caecilius
1709 2299 1957 2353 Metellus
1991 2300 2151 2365 Fine,
2183 2299 2306 2352 Cos.
2341 2319 2465 2352 cum

1434 2375 1599 2431 Corn.
1616 2377 1779 2449 Sylla,
1794 2398 1879 2432 an.
1894 2381 2029 2450 673,
2042 2379 2283 2450 pontifex
2301 2379 2466 2445 Max.,

1433 2475 1623 2511 censor
1651 2477 1777 2512 cum
1806 2459 1869 2512 L.
1904 2459 2121 2513 Aurelio
2150 2459 2338 2524 Cotta,
2370 2458 2467 2530 qui

1433 2556 1603 2607 quum
1631 2539 1814 2591 liberis
1842 2540 2007 2593 orbus
2038 2550 2201 2603 esset,
2232 2557 2403 2590 unum
2436 2558 2465 2591 e
2494 2580 2499 2588 .

1433 2616 1775 2689 Scipionibus
1788 2616 2062 2690 adoptavit
2074 2656 2090 2683 ,
2110 2616 2255 2669 unde
2270 2618 2337 2683 Q.
2352 2618 2467 2671 Me-

1433 2697 1591 2750 tellus
1608 2698 1735 2751 Pius
1752 2698 1957 2769 Scipio,
1976 2697 2046 2749 de
2070 2716 2179 2770 quo
2195 2694 2320 2750 vide
2336 2697 2462 2751 infr.

1427 2776 1529 2829 lib.
1548 2776 1615 2829 de
1634 2777 1764 2831 Bell.
1785 2778 1936 2849 Hisp.
1953 2772 2073 2849 cap.
2089 2784 2183 2842 4²·
2200 2777 2280 2829 De
2297 2778 2359 2830 L.
2378 2797 2467 2831 au·

1433 2868 1542 2909 tem
1568 2858 1817 2924 Metello,
1846 2861 1997 2929 cujus
2026 2858 2116 2910 hic
2146 2859 2349 2910 mentio
2370 2858 2465 2925 sit,

1431 2937 1571 2989 nihil
1612 2950 1945 3009 compertum
1996 2939 2167 2991 habeo
2180 2976 2197 3005 ,
2230 2951 2286 2991 et
2330 2938 2466 2991 mihi

1431 3016 1647 3071 videtur
1659 3032 1880 3089 propter
1892 3037 2201 3090 praenomen
2216 3020 2283 3071 ab
2297 3018 2464 3071 altero

1433 3116 1464 3149 e
1485 3094 1613 3150 filiis
1626 3097 1961 3152 Macedonici
1978 3097 2240 3152 oriundus
2256 3138 2271 3166 ,
2298 3099 2409 3151 scil.
2434 3118 2465 3171 a

1431 3178 1494 3229 L.
1510 3178 1723 3231 Caecilio
1737 3177 2065 3237 Diademato‚
2080 3177 2309 3251 ideoque
2322 3178 2465 3257 filius

1431 3256 1725 3312 Numidici.
1746 3257 1832 3311 Ad
1852 3278 1977 3311 eum
1995 3259 2214 3312 fortasse
2230 3258 2464 3329 pertinet

1430 3356 1685 3391 nummus
1722 3358 1881 3411 quem
1914 3338 1974 3391 V
1965 3340 2146 3390 aillant
2186 3337 2465 3407 descripsit

1431 3430 1467 3471 t.
1489 3419 1544 3485 Ι,
1562 3438 1617 3491 p.
1642 3423 1773 3489 196.
1797 3420 1972 3489 Caput
1997 3416 2232 3469 Honoris
2257 3418 2461 3468 laurea-

1432 3510 1577 3565 tum,
1602 3499 1665 3551 L.
1696 3500 2005 3555 Murnuvs.
2034 3499 2097 3549 A.
2124 3497 2257 3549 Am.
2286 3496 2341 3549 S.
2363 3496 2406 3547 F
2411 3514 2458 3549 .:

1431 3577 1490 3631 in
1509 3597 1691 3632 aversa
1716 3592 1897 3651 parte,
1911 3579 2083 3646 honos
2102 3576 2215 3647 ipse
2228 3574 2463 3629 insidens

1432 3657 1660 3730 clypeis,
1684 3670 1972 3713 coronatur
2000 3676 2029 3709 a
2055 3656 2277 3709 victoria
2291 3675 2462 3727 prope

1433 3757 1559 3791 eum
1579 3750 1774 3804 stante3
1798 3735 1966 3809 epigr.
1998 3735 2057 3787 C.
2082 3735 2249 3801 Mu..;
2265 3736 2321 3789 in
2349 3736 2461 3788 imo

1435 3820 1617 3871 Roma·
1651 3818 1739 3871 ob
1767 3818 1869 3881 tria
1900 3818 2117 3869 nomina
2146 3816 2205 3868 in
2240 3815 2461 3869 denario

1433 3898 1631 3968 scripta
1649 3898 1708 3950 V
1701 3898 1808 3952 aill.
1828 3915 1953 3949 eum
1980 3896 2122 3949 inter
2152 3896 2461 3950 triumviros

1436 3976 1641 4031 aedibus
1665 3977 1823 4031 sacris
1850 3976 2149 4030 reficiendis
2178 3976 2431 4029 adscribit
2445 4013 2462 4042 ,

1437 4058 1532 4128 qui
1549 4057 1785 4111 Honoris
1801 4057 2059 4129 templum
2070 4069 2329 4110 vetustate
2350 4056 2461 4109 col·

1435 4138 1645 4211 lapsum
1662 4138 1811 4193 refici
1826 4138 2146 4193 curaverint.
2168 4138 2455 4191 Incertum.

1927 4222 2016 4323 44
