3025 5025
532 485 630 574 54
823 485 1246 578 G.,JUL‚11
1302 481 1777 552 CAESARIS
1832 479 2389 552 COMMENT.

529 619 886 712 denegata,
909 629 1408 686 commemorat.
1453 617 1587 682 Pro
1626 613 1866 719 quibus
1902 612 2101 680 rebus
2144 627 2295 680 orat
2332 635 2415 681 ac
2442 625 2687 707 postu·-

529 726 663 812 lat,
698 723 1178 842 rempublicam
1231 723 1627 815 suscipiant,
1665 735 1865 816 atque
1908 743 2040 788 una
2092 742 2318 788 secum
2357 717 2681 788 adminis-

529 846 727 900 trent.
769 833 884 900 Sin
925 831 1164 899 timore
1205 829 1583 922 defugiant,
1623 826 1751 896 illis
1794 852 1889 896 se
1907 827 2096 896 oneri
2136 851 2277 896 non
2320 811 2665 896 futurum⁵
2666 879 2688 913 ,

531 953 600 1007 et
665 963 787 1032 per
847 963 914 1006 se
977 921 1460 1038 rempublicam
1534 933 2169 1004 administraturum.
2238 936 2527 1028 Legatos
2598 932 2691 1002 ad

532 1046 924 1138 Pompeium
969 1045 1051 1111 de
1089 1023 1572 1139 compositione
1612 1042 1786 1110 mitti
1820 1055 2133 1136 oportere
2172 1066 2187 1107 τ
2228 1065 2447 1135 neque
2474 1065 2545 1112 se
2573 1063 2692 1108 re-

535 1150 931 1238 formidare,
963 1150 1145 1244 quod
1183 1151 1253 1218 in
1285 1164 1520 1219 senatu
1560 1147 1785 1244 paullo
1814 1162 1969 1217 ante
1998 1149 2355 1242 Pompeius
2390 1146 2695 1235 dixisset,

537 1258 621 1325 ad
647 1283 813 1352 quos
840 1256 1039 1352 legati
1068 1259 1520 1344 mitterentur,
1543 1257 1622 1324 iis
1654 1257 2119 1324 auctoritatem
2157 1253 2469 1342 attribui,
2494 1253 2696 1322 timo·-

537 1388 811 1459 remque
855 1389 1088 1432 eorum
1114 1417 1134 1482 3
1179 1365 1292 1456 qui
1343 1363 1719 1450 mitterent,
1770 1362 2124 1456 significari
2170 1387 2185 1429 τ
2232 1363 2451 1430 tenuis
2491 1374 2697 1454 atque

537 1471 785 1539 infirmi
822 1471 964 1540 haec
1025 1471 1229 1539 animi
1273 1469 1533 1538 videri:
1578 1494 1647 1538 se
1703 1493 1898 1557 vere,
1941 1483 2019 1537 ut
2068 1467 2382 1562 operibus
2440 1468 2696 1536 anteire

541 1577 937 1664 studuerit7,
975 1578 1068 1646 sic
1106 1577 1360 1669 justitia
1395 1591 1463 1646 et
1498 1577 1805 1670 aequitate
1840 1571 2011 1644 velle
2048 1599 2465 1670 superare.»

645 1687 844 1752 XXX
860 1686 980 1750 [ΙΙ.
1053 1683 1303 1752 Probat
1359 1707 1502 1751 rem
1566 1697 1833 1752 senatus
1894 1681 1980 1750 de
2028 1681 2367 1752 mittendis
2426 1678 2696 1774 legatis·
2680 1733 2699 1766 ,

543 1789 692 1876 sed,
716 1814 830 1883 qu1
849 1803 1302 1877 mitterentur,
1330 1815 1468 1858 non
1495 1789 2035 1884 reperiebantur,
2056 1789 2474 1881 maximeque
2489 1789 2699 1855 timo-

541 1898 632 1964 ris
673 1920 873 1964 causa
915 1921 1040 1991 pro
1085 1921 1153 1965 se
1196 1897 1473 1990 quisque
1503 1897 1574 1964 id
1614 1921 1859 1965 munus
1902 1893 2281 1990 legationis¹
2328 1892 2700 1963 recusabat.

544 2003 898 2096 Pompeius
934 2005 1111 2070 enim
1149 2001 1493 2071 discedens
1531 2004 1617 2071 ab
1654 1996 1821 2070 urb‘e
1864 2004 1935 2070 in
1976 2015 2211 2070 senatu
2252 2001 2543 2088 dixerat,
2586 2025 2703 2069 eo·

545 2107 698 2176 dem
738 2133 807 2176 se
844 2107 1230 2177 habiturum
1267 2107 1454 2178 loco²
1462 2163 1480 2197 ,
1517 2111 1631 2203 qui
1663 2113 1896 2178 Romae
1939 2110 2442 2196 remansissent,
2486 2121 2554 2176 et
2588 2107 2705 2201 qui

545 2216 615 2282 in
669 2216 902 2284 castris
957 2217 1238 2284 Caesaris
1288 2214 1586 2284 fuissent.
1636 2217 1745 2284 Sic
1804 2216 2105 2284 triduum
2148 2214 2707 2310 disputationibus

548 2322 1213 2416 excusationibusque
1257 2321 1646 2390 extrahitur.
1680 2307 2077 2416 Subjicitur³
2112 2323 2310 2390 etiam
2352 2323 2431 2390 L.
2466 2319 2708 2388 Metel-

633 2509 687 2561 6.
721 2506 830 2559 Illis
856 2527 907 2559 se
931 2511 1066 2559 oneri
1091 2526 1186 2559 non
1199 2506 1440 2574 futurum.
1477 2503 1587 2558 Alii

1674 2502 1799 2559 dam
1825 2503 2061 2577 judicat,
2091 2504 2295 2579 quippe
2325 2525 2449 2577 (με
2480 2505 2709 2589 glossam

552 2588 626 2638 illi
672 2607 722 2637 se
773 2590 908 2639 oneri
961 2606 1058 2639 non
1113 2587 1403 2654 defuturum.
1459 2586 1510 2638 N
1513 2604 1586 2639 on

550 2667 689 2719 male
710 2686 941 2739 quoque.
978 2665 1082 2719 Alii
1112 2667 1188 2719 illi
1214 2688 1266 2719 se
1293 2665 1466 2718 honori
1490 2686 1589 2717 non

539 2749 766 2815 futur-um
795 2748 995 2819 absque
1025 2765 1200 2799 sensu.
1232 2746 1340 2799 Alii
1370 2744 1588 2799 demum

551 2828 630 2877 illi
672 2846 723 2877 se
764 2826 934 2879 honori
971 2846 1069 2877 non
1104 2826 1378 2895 defuturum
1385 2847 1407 2888 ,·
1440 2824 1591 2897 quod

552 2904 743 2958 eodem
759 2904 927 2974 redit,
953 2926 1062 2978 quo
1079 2907 1230 2973 prior
1241 2901 1416 2958 lectio.
1444 2906 1590 2958 Prae-

553 2999 692 3038 stare
716 2985 931 3039 videtur
961 2986 1194 3056 vulgata,
1221 3004 1340 3058 quae
1372 3004 1593 3038 consen-

555 3066 622 3118 tit
658 3084 783 3117 cum
807 3078 993 3119 nost-ro
1023 3064 1144 3119 cod.
1177 3066 1242 3117 R.
1282 3066 1454 3135 5674.
1481 3065 1595 3118 Cae-

556 3164 641 3198 sar
680 3146 856 3210 enim,
890 3147 983 3217 qui
1019 3146 1124 3199 hoc
1159 3146 1281 3198 loco
1323 3144 1592 3197 ambitiosi

555 3226 790 3279 hominis
818 3240 994 3298 partes
1026 3226 1154 3297 agit,
1184 3222 1376 3278 callide
1405 3222 1591 3278 admo-

557 3305 690 3359 dum
710 3307 839 3378 tegit
857 3306 1136 3377 personam
1149 3324 1166 3372 ;
1181 3318 1235 3358 et
1250 3307 1467 3358 obtenta
1481 3325 1596 3357 mo-

557 3386 846 3440 derationis
872 3387 1019 3439 larva
1034 3425 1051 3452 ,
1075 3384 1392 3441 dictaturam
1417 3386 1556 3458 petit
1575 3425 1590 3453 ,

556 3462 786 3521 innuens
811 3487 868 3520 se
903 3485 1022 3519 eam
1057 3478 1339 3538 rapturum
1369 3484 1506 3534 esse,
1535 3467 1593 3519 ni

557 3547 740 3615 brevi,
772 3547 1108 3619 libenterque
1139 3545 1483 3600 concedatur.

645 3648 693 3699 7.
742 3628 813 3681 Ut
859 3629 1077 3699 operibus
1121 3631 1304 3679 anteire
1337 3626 1592 3679 studuerit.

561 3710 669 3762 Alii
691 3708 873 3779 opibus.
901 3708 1074 3775 Male3
1100 3727 1226 3760 nam
1253 3707 1358 3760 hoc
1383 3706 1504 3759 loco
1525 3705 1593 3758 de

559 3789 725 3859 opibus
743 3807 855 3840 non
869 3790 1042 3861 agitur
1054 3828 1070 3850 ,
1101 3786 1194 3841 sed
1211 3786 1280 3839 de
1297 3786 1406 3839 suis
1432 3786 1593 3839 rebus

561 3868 720 3941 gestis
731 3888 860 3939 quas
873 3871 1034 3946 jactat
1053 3869 1242 3922 Caesar.
1260 3867 1428 3920 Natus
1441 3884 1595 3919 error

559 3967 626 4002 ex
646 3946 968 4019 compendio
992 3948 1294 4019 scripturae,
1309 3948 1478 4019 opibus
1492 3966 1595 4018 pro

560 4028 798 4101 operibus.

646 4110 775 4163 Car.
789 4108 1048 4162 XXXIII.
1070 4126 1114 4162 1.
1119 4110 1395 4179 Legationes
1409 4128 1595 4162 munus.

567 4190 812 4247 Davisius
823 4208 1011 4245 vocem
1028 4190 1283 4260 legationis
1296 4207 1599 4263 expungen-

1672 2586 1929 2640 redoleat.

1762 2688 1812 2721 ι.
1848 2666 2039 2720 Eodem
2063 2687 2114 2717 se
2146 2667 2252 2719 loco
2289 2666 2589 2727 habiturum,
2626 2669 2714 2737 qui

1676 2748 1843 2800 Romae
1861 2750 2222 2808 remamissent5
2244 2746 2411 2799 veluti
2425 2746 2519 2819 qui
2536 2758 2714 2798 essent

1675 2825 2058 2899 perduellionis
2072 2826 2300 2880 conscii:
2320 2824 2452 2898 quid
2464 2844 2595 2879 vero
2611 2826 2715 2877 im*

1674 2905 2027 2979 prudentius,
2054 2926 2215 2979 quam
2243 2926 2308 2959 ex
2335 2896 2714 2961 innocentibus

1676 2986 1866 3040 noxios
1880 2988 2075 3049 facere,
2100 2999 2153 3039 et
2170 2984 2420 3039 saeviendi
2433 2983 2714 3043 necessita-

1678 3079 1787 3121 tem
1812 3068 1979 3121 veluti
2012 3086 2076 3119 ex
2111 3064 2374 3120 industria
2401 3081 2591 3135 augere
2605 3064 2631 3116 Ρ

1764 3148 1793 3200 3
1802 3188 1815 3200 .
1834 3146 2101 3217 Subjicc'tur
2112 3146 2173 3199 L.
2190 3142 2432 3199 Metellus.
2447 3143 2602 3197 Idem
2614 3146 2712 3216 qui

1682 3228 1875 3281 Caesari
1894 3244 2104 3279 sacrum
2122 3226 2366 3279 aerarium
2390 3224 2597 3296 aperire
2614 3242 2714 3295 pa-

1678 3307 1822 3359 ranti
1851 3306 2072 3371 restitit,
2099 3303 2245 3378 quod
2273 3307 2473 3358 factum
2507 3304 2715 3376 Caesar,

1678 3384 1749 3439 de
1787 3385 2080 3452 industria,
2110 3383 2322 3438 silentio
2359 3384 2612 3457 praeterit.
2644 3386 2717 3437 At

1680 3464 1791 3521 vid.
1819 3466 1960 3519 Plut.
1994 3467 2051 3518 in
2081 3466 2213 3520 Caes.
2241 3486 2286 3518 c.
2321 3472 2428 3532 46;
2452 3465 2714 3538 Appian.,

1680 3564 1761 3612 11,
1793 3567 1849 3618 p.
1883 3542 2031 3617 74‘53
2064 3546 2170 3598 Dio
2216 3546 2359 3600 Cass.
2398 3564 2507 3599 xm.
2544 3543 2717 3599 Unde

1680 3626 1898 3692 FloruS,
1920 3626 2014 3680 lib.
2036 3644 2123 3691 ιν,
2144 3646 2190 3679 c.
2212 3644 2268 3681 ιτ
2294 3646 2481 3679 censum
2498 3638 2547 3678 et
2556 3630 2721 3696 patri-

1680 3710 1885 3759 monium
1921 3708 2095 3779 populi
2144 3712 2335 3759 romani
2384 3706 2497 3758 a'nte
2550 3711 2721 3776 rapuit

1684 3788 1856 3839 Coesar·
1910 3807 2052 3860 quam
2110 3790 2369 3859 imperium.
2423 3786 2674 3839 Lucanus
2691 3826 2711 3852 ,

1680 3866 1917 3920 Pharsal.
1953 3868 2048 3920 lib.
2077 3886 2147 3919 111
2167 3905 2183 3932 ,
2222 3887 2272 3920 v.
2310 3885 2415 3937 117
2441 3884 2455 3919 ε
2482 3866 2716 3919 Metellus

1674 3968 1905 4019 pugnax,
1939 3946 2149 3999 Coesare's
2171 3952 2369 4017 agmina
2395 3966 2641 4017 rumpens,

1738 4034 1840 4074 Ante
1852 4036 1957 4075 tores
1971 4032 2147 4073 nondum
2162 4044 2341 4073 recentae
2357 4034 2533 4073 constitit
2547 4034 2639 4072 aedis
2650 4063 2662 4080 ,

1881 4134 1891 4144 .
1908 4134 1918 4144 .
1933 4133 1945 4144 .
1970 4106 2267 4159 prohibensque
2281 4108 2419 4158 rapina

1737 4176 1943 4217 victorem
1958 4205 1971 4226 ‚
1986 4174 2093 4215 clara
2104 4186 2275 4217 testatur
2295 4190 2391 4217 voce
2407 4176 2611 4216 Tribunus
2624 4192 2638 4213 τ-
