3025 5025
606 445 756 532 254
894 450 970 515 C.
1026 446 1319 514 JULII
1377 443 1861 511 CAESARIS
1916 441 2478 511 COMMENT.

600 583 880 649 mixtum
903 578 1074 647 lacte
1099 575 1383 646 multum
1412 577 1707 669 inopiam
1731 574 2028 644 levabat:
2056 575 2124 643 id
2144 575 2228 644 ad
2249 575 2752 644 similitudinem

601 689 790 782 panis
835 685 1216 756 efficiebant
1246 708 1260 752 ε
1293 685 1433 777 ejus
1477 696 1621 751 erat
1663 706 1907 776 magna
1944 684 2158 776 copia.
2187 685 2290 752 Ex
2310 682 2441 752 hoc
2472 682 2755 750 effectos

601 778 856 888 panes3,
883 817 1090 886 quum
1119 793 1188 858 in
1220 784 1567 883 colloquiis
1588 790 1973 884 Pompeiani
2000 789 2241 858 famem
2262 789 2505 858 nostris
2526 788 2752 881 objec-

600 895 850 986 tarent,
881 898 1086 992 vulgo
1107 898 1176 965 in
1217 922 1331 966 eos
1352 896 1727 991 jaciebant,
1754 910 1833 964 ut
1858 919 2045 990 spem
2082 920 2314 965 eorum
2350 896 2753 965 minuerent.

705 1009 958 1075 XLIX.
1015 1007 1294 1097 Jamque
1332 1003 1667 1072 frumenta
1705 1016 2147 1071 maturescere
2189 1001 2634 1096 incipiebant,
2668 1015 2758 1067 at-

484 1199 490 1208 ·
598 1138 728 1206 que
772 1115 916 1207 ipsa
960 1135 1108 1205 spes
1141 1111 1434 1204 inopiam
1468 1108 1917 1196 sustentabat,
1952 1108 2132 1202 quod
2176 1107 2475 1177 celeriter
2514 1133 2588 1176 se
2624 1108 2753 1176 ha-

598 1219 853 1288 bituros
891 1219 1154 1311 copiam
1191 1215 1621 1288 confidebant
1648 1241 1663 1281 :
1704 1215 2085 1309 crebraeque
2120 1239 2319 1284 voces
2356 1214 2650 1284 militum
2688 1214 2755 1280 in

594 1324 831 1419 vigiliis
861 1323 1335 1418 colloquiisque
1362 1321 1831 1409 audiebantur,
1870 1351 1907 1386 c<
1933 1325 2117 1414 prius
2150 1346 2219 1390 se
2254 1324 2501 1391 cortice
2534 1345 2621 1388 ex
2650 1345 2755 1389 ar-

595 1431 870 1499 boribus
893 1432 1219 1518 victurOS‚
1236 1453 1436 1523 quam
1461 1423 1855 1522 Pompeium
1876 1453 1911 1496 e
1932 1428 2239 1496 manibus
2264 1429 2681 1498 dimissuros,
2714 1457 2749 1491 2>

595 1536 936 1606 Libenter1
958 1538 1160 1606 etiam
1183 1562 1266 1605 ex
1293 1535 1590 1629 perfugis
1618 1534 2140 1630 cognoscebant,
2165 1560 2369 1628 equos
2388 1560 2627 1604 eorum
2643 1535 2756 1601 vix

593 1741 786 1792 genere
816 1723 1118 1793 plantarum
1148 1722 1512 1792 conjectavere
1555 1721 1624 1773 D.

595 1802 846 1868 VossiuS,
863 1813 916 1854 et
941 1801 1230 1854 Oberlinus
1246 1839 1262 1868 ,
1285 1800 1341 1851 in
1371 1798 1627 1851 Mantissa

596 1882 1028 1934 observationum
1048 1919 1064 1947 ,
1098 1898 1218 1950 pag.
1257 1880 1369 1931 828
1390 1916 1406 1944 ,
1438 1877 1629 1930 editio·

594 1961 680 2013 nis
705 1980 829 2013 suae.
851 1960 1094 2031 Optime,
1109 1956 1376 2029 quidquid
1393 1956 1626 2010 difficul-

597 2041 716 2093 tatis
742 2051 1046 2110 supererat,
1073 2039 1348 2092 extricavit
1373 2039 1471 2089 Vir
1501 2037 1579 2090 Cl.
1606 2076 1621 2098 ‚

601 2120 801 2185 Cuvc'er,
829 2122 980 2190 cujus
1006 2119 1290 2172 auctoritas
1309 2158 1324 2186 ,
1349 2137 1467 2189 quae
1491 2118 1626 2170 tanti

596 2201 856 2252 momenti
895 2212 972 2252 est
1011 2199 1068 2250 in
1106 2199 1190 2252 his
1227 2199 1476 2251 omnibus
1504 2216 1623 2268 quae

595 2279 663 2332 ad
684 2281 980 2332 naturalem
1004 2279 1282 2332 historiam
1323 2277 1622 2349 pertinent,

588 2362 698 2430 J'am
731 2379 760 2411 a
796 2359 952 2412 nobis
982 2371 1059 2411 est
1089 2357 1327 2413 adhibita
1357 2358 1414 2409 in
1443 2357 1623 2428 primo

591 2452 777 2492 nostro
790 2440 990 2492 volum.
1006 2439 1102 2492 lib.
1120 2440 1224 2495 VI,
1241 2458 1296 2511 p.
1317 2441 1428 2507 269
1445 2475 1460 2505 ,
1478 2457 1590 2508 270
1606 2443 1630 2502 ¹,

596 2540 701 2590 271
724 2538 740 2586 ;
763 2521 924 2591 hujus
961 2520 1125 2572 verba
1161 2532 1285 2574 sunt
1306 2538 1320 2571 :
1346 2520 1418 2571 Le
1443 2518 1621 2571 Chara

591 2601 714 2652 dont
721 2602 864 2671 pat-le
889 2600 1042 2653 Ce'sar·
1065 2599 1189 2651 e'tce&
1211 2620 1300 2651 une
1323 2602 1483 2651 moine
1497 2636 1513 2663 ,
1540 2602 1623 2670 qui

591 2702 642 2731 se
676 2684 922 2750 mangeaic
964 2678 1108 2733 cuite'
1127 2680 1250 2731 dans
1287 2680 1354 2731 du
1397 2680 1491 2731 laic
1515 2697 1535 2729 :
1575 2690 1625 2729 et

591 2762 630 2813 d
635 2763 787 2831 'apres
805 2780 870 2812 un
877 2779 1090 2831 passage
1105 2759 1166 2811 de
1193 2760 1338 2811 Pline
1367 2752 1476 2819 (civ.
1496 2776 1619 2824 xlx,

591 2842 666 2898 ch.
708 2847 739 2910 4
754 2860 780 2906 ιι
797 2836 848 2902 ),
891 2842 941 2891 la
977 2840 1148 2909 plante
1174 2839 1298 2890 dont
1325 2838 1392 2889 les
1435 2838 1621 2889 soldats

589 2922 650 2977 dc
694 2920 846 2971 Ce'sar
879 2939 930 2971 se
961 2922 1230 2970 nour-rerem
1251 2924 1363 2988 pres
1391 2918 1450 2969 de
1475 2918 1619 2988 Dyr-

589 3000 804 3057 rachium
819 3039 833 3061 ,
862 3011 912 3049 et
931 3019 1020 3071 que
1049 2999 1192 3054 Pline
1213 3018 1395 3050 nomme
1419 2998 1618 3068 Lapsa-

591 3099 686 3145 na,
713 3084 833 3130 e'tait
855 3098 944 3130 une
973 3084 1132 3149 espece
1158 3079 1220 3130 de
1241 3079 1362 3133 clzou
1387 3097 1616 3147 sauuage.

594 3160 672 3212 Or
701 3161 743 3211 il
777 3162 947 3221 existe,
981 3160 1016 3209 ὰ
1049 3160 1193 3211 l’e'tat
1223 3178 1465 3227 sauuage,
1493 3158 1618 3209 dans

587 3252 717 3291 toute
739 3240 790 3290 la
811 3240 1055 3307 Hongrie,
1083 3258 1175 3291 une
1190 3238 1362 3309 plante
1381 3239 1442 3291 de
1463 3238 1512 3288 la
1523 3239 1616 3303 sa-

587 3320 718 3373 mille
746 3320 829 3371 des
861 3319 1016 3371 ckoux
1038 3318 1159 3371 dont
1181 3319 1248 3370 les
1277 3321 1483 3379 racines,
1514 3317 1618 3369 lon-

583 3419 701 3469 gues
724 3400 1016 3471 quelque-sois
1033 3400 1093 3450 de
1117 3406 1150 3463 4
1168 3398 1308 3468 piecis
1320 3437 1336 3460 ,
1361 3411 1412 3449 et
1425 3417 1617 3467 grosses

585 3500 762 3534 comme
782 3480 826 3531 le
849 3480 979 3540 bras,
1005 3500 1055 3531 se
1081 3489 1312 3549 mangent
1331 3482 1478 3529 cuites
1492 3478 1615 3531 daus

585 3560 652 3613 du
683 3562 804 3625 laic,
833 3572 882 3611 et
903 3572 1087 3613 servem
1119 3558 1376 3610 d'aliment
1399 3559 1521 3609 dans
1546 3558 1614 3609 les

588 3652 733 3711 temps
765 3640 824 3691 de
863 3640 1049 3693 disette.
1083 3638 1294 3692 Clusius
1329 3639 1404 3691 l'a
1437 3638 1615 3689 deerite

587 3721 990 3789 impaae'faitement
1019 3739 1128 3773 sous
1159 3718 1202 3770 le
1239 3737 1348 3769 nom
1374 3718 1433 3770 de
1460 3719 1615 3772 Tata-

585 3799 664 3851 ria
695 3799 961 3871 Ungarica
983 3794 1006 3861 (
1031 3799 1208 3853 Carol.
1240 3798 1410 3852 Clusii
1440 3798 1611 3853 rario-

583 3898 706 3936 rum
723 3880 1028 3951 plantarum
1050 3880 1175 3932 hist.
1189 3878 1284 3931 lib.
1304 3896 1382 3944 v1,
1395 3898 1450 3951 p.
1479 3898 1500 3933 1
1514 3898 1547 3947 9
1560 3897 1611 3945 1,

584 3977 631 4012 c.
672 3966 740 4023 14
760 3956 800 4021 ).
831 3960 910 4012 M.
933 3960 1144 4032 Jacquin
1183 3978 1244 4011 en
1277 3980 1310 4010 a
1340 3960 1500 4011 donne'
1520 3979 1611 4011 une

587 4039 820 4091 meilleur-e
875 4040 1160 4109 description
1211 4059 1320 4091 sous
1371 4040 1493 4091 celui
1548 4040 1609 4093 de

592 4118 818 4173 crambe
861 4119 1074 4175 Tataria
1108 4114 1267 4181 (Nic.
1326 4120 1438 4173 Jos.
1483 4120 1607 4172 Jac-

1714 1719 1872 1790 quin,
1894 1720 2228 1773 miscellanea
2248 1719 2523 1785 austriaca,
2545 1721 2658 1774 vol.
2679 1739 2753 1785 11,

1712 1819 1830 1870 pag.
1862 1797 2027 1870 274).
2055 1801 2131 1853 M.
2167 1801 2404 1852 leae‘sbaue
2426 1801 2489 1852 de
2510 1799 2758 1853 Ber-nand

1714 1899 1746 1928 α
1789 1880 1841 1930 lu
1884 1899 1943 1931 en
1996 1883 2179 1943 1814,
2208 1881 2240 1930 ὰ
2304 1880 2613 1934 ἰἈοαᾰιὶηιίε
2670 1881 2752 1932 des

1712 1959 1957 2025 Sciences,
2000 1979 2065 2011 un
2093 1959 2325 2012 Me'moire
2344 1979 2475 2030 pour
2506 1979 2745 2030 pmuver,

1712 2042 1839 2090 ainsi
1876 2058 1967 2110 que
2006 2039 2219 2095 Clusius
2248 2041 2425 2092 l'aoait
2448 2046 2745 2110 soupgtonne',

1712 2139 1801 2188 que
1822 2131 1941 2170 cette
1948 2119 2121 2189 plume
2136 2131 2211 2170 est
2224 2121 2269 2170 le
2291 2121 2465 2174 Chara
2488 2119 2551 2172 de
2576 2120 2745 2182 Cezsar,

1711 2210 1761 2249 et
1800 2200 1852 2250 la
1897 2201 2035 2250 chose
2078 2219 2149 2250 me
2188 2205 2358 2270 pat-ait
2384 2201 2747 2253 incontestable.

1710 2279 1851 2330 Pom·
1906 2279 2011 2334 bien
2064 2280 2287 2333 entendm
2333 2281 2377 2331 le
2418 2299 2637 2350 passage
2690 2282 2749 2330 de

1710 2359 1856 2410 Ptine
1871 2398 1886 2420 ‚
1922 2359 1965 2410 il
1992 2361 2117 2425 faut
2162 2361 2419 2415 substituer·
2472 2379 2575 2411 aux
2626 2373 2748 2412 mots

1710 2438 1874 2490 trium
1898 2439 2153 2494 foliorum
2183 2443 2267 2513 qui
2294 2452 2406 2490 sont
2447 2439 2575 2490 dans
2601 2441 2747 2492 l'e'di-

1709 2522 1810 2571 tion
1836 2520 1897 2571 de
1919 2519 2200 2579 Hardouin
2217 2558 2235 2587 ,
2258 2521 2301 2571 le
2324 2532 2423 2573 mot
2443 2520 2748 2593 triumpha-

1705 2598 1847 2651 libus
1880 2604 1972 2651 tire‘
2008 2601 2069 2653 de
2114 2602 2334 2673 quelques
2376 2604 2667 2652 manuscrits
2700 2613 2750 2650 et

1707 2684 1948 2749 approuve‘
1973 2700 2071 2751 par
2108 2681 2452 2752 Dalechamp.
2494 2680 2552 2731 Il
2586 2681 2745 2733 donne

1706 2761 1815 2809 seul·
1838 2780 1903 2815 un
1948 2780 2055 2811 sens
2094 2761 2411 2813 raisonnable.
2454 2760 2525 2811 Le
2566 2761 2745 2814 Chara

1705 2839 1788 2890 des
1814 2840 2073 2893 botamlstes.
2100 2841 2343 2893 modernos
2358 2880 2371 2903 ,
2407 2844 2535 2891 ainsi
2558 2844 2749 2892 nomme‘

1704 2918 1869 2989 depuis
1894 2920 2168 2985 -Vaillant,
2198 2932 2271 2971 est
2300 2940 2391 2971 une
2414 2922 2570 2991 petite
2602 2920 2745 2971 herbe

1705 3004 1963 3071 aquatique
2007 3004 2091 3072 qui
2137 3002 2225 3051 n'a
2272 3004 2373 3051 rien
2416 3000 2476 3051 de
2519 3019 2743 3052 commun

1704 3098 1817 3139 avec
1846 3080 1963 3131 celle
1990 3081 2051 3133 de
2084 3080 2254 3133 Ce'sar.
2288 3081 2523 3134 Cuma.

1787 3158 1842 3211 3.
1895 3161 1984 3212 Ex
2032 3161 2121 3212 hoe
2168 3163 2365 3230 effectos
2408 3180 2563 3231 panes
2580 3200 2595 3221 ,
2648 3172 2739 3215 etc.

1704 3239 1907 3309 Contra
1924 3259 1986 3292 ea
2002 3238 2169 3296 tradit
2178 3241 2405 3312 Appian.
2426 3240 2488 3293 B.
2510 3242 2576 3293 C.
2598 3240 2637 3292 l.
2655 3241 2713 3291 11
2725 3279 2742 3307 ‚

1700 3338 1757 3389 p.
1810 3322 1922 3384 465
1948 3338 1963 3373 ε
2006 3320 2081 3372 ὅτι
2133 3321 2395 3395 αὐτόμολοι
2444 3320 2703 3393 Πομπηΐῳ
2722 3356 2738 3382 ,

1701 3396 1946 3453 τοιοὺσδέ
1957 3399 2131 3471 ἄρτους
2152 3391 2175 3467 (
2194 3402 2286 3457 τὴν
2312 3402 2441 3453 πόαν
2473 3402 2745 3470 &prov-:om-

1699 3482 1865 3532 θεῖσαν
1885 3469 2286 3551 )προστίνεγκαν,
2309 3484 2375 3541 ὡς
2391 3482 2739 3549 εὖφρανοῖντες

1700 3554 1893 3613 ἰδόντα·
1934 3561 1959 3613 ὁ
1990 3556 2057 3613 δὲ
2101 3564 2189 3628 οὐχ
2222 3560 2346 3617 ἥσθη
2365 3598 2382 3625 ,
2416 3558 2537 3612 ἀλλ’
2563 3554 2735 3616 εἶπεν,

1700 3640 1833 3700 Οἳοις
1864 3640 2038 3710 θηρίοις
2070 3641 2352 3712 μαχόμεθα.
2371 3638 2515 3692 Vide
2534 3651 2589 3691 et
2608 3639 2742 3691 Sue·-

1699 3732 1811 3772 ton.
1835 3720 1944 3772 Jul.
1972 3740 2020 3774 c.
2049 3722 2142 3775 68.
2167 3721 2237 3773 At
2254 3739 2285 3773 a
2307 3720 2528 3773 Caesaris
2552 3736 2736 3771 narra-

1698 3798 1845 3851 tione
1906 3812 2009 3853 stat
2058 3800 2373 3854 Plutarchus
2418 3800 2477 3853 in
2503 3800 2730 3853 Caesare.

1696 3880 1971 3933 navatus·

1778 3960 1909 4019 CAP.
1925 3960 2121 4013 XLIX.
2146 3980 2169 4013 1
2182 3999 2194 4012 .
2216 3960 2454 4013 Libenter.
2470 3959 2549 4011 Ita
2564 3955 2730 4009 codd.

1696 4058 1897 4095 omnes.
1938 4041 2171 4112 Vulgata
2213 4052 2269 4093 et
2297 4040 2409 4093 aliae
2440 4038 2587 4092 editt.
2620 4038 2733 4103 fre-

1696 4132 1915 4191 quenter,
1942 4119 2093 4193 quod
2116 4139 2264 4195 aeque
2284 4120 2499 4174 tolerari
2526 4130 2729 4189 posset.
