3025 5025
467 482 639 555 ‚DE
695 482 1044 549 BELLo
1091 482 1461 550 civim.
1511 484 1703 551 Lis.
1757 484 1909 551 111.
2170 504 2319 575 299

287 614 692 685 LXXXVII.
722 616 921 683 Hunc
952 613 1286 685 Labienus
1313 616 1607 709 excepit3
1636 630 1737 702 et,
1764 640 1972 709 quum
2000 614 2281 683 Caesaris
2298 613 2313 635 ¹

203 721 392 812 copias
421 720 792 815 despiceret
811 772 830 807 ,
855 722 1154 815 Pompeii
1188 720 1535 791 consilium
1565 723 1836 791 summis
1875 720 2179 790 laudibus
2216 720 2321 789 ef-

202 824 410 914 ferret,
463 856 498 891 «
548 827 746 913 Noli,
802 829 1014 920 inquit
1037 882 1056 915 ‚
1113 829 1524 911 existimare,
1568 829 1845 923 Pompei
1864 883 1884 913 .,
1938 828 2119 895 hunc
2180 852 2323 895 esse

203 938 530 1004 exercitum
545 988 563 1022 ‚
592 937 708 1029 qui
731 932 1018 1003 Galliam
1039 936 1603 1029 Germaniamque
1624 936 1958 1006 devicerit.
1991 933 2323 1003 Omnibus

203 1040 436 1112 interfui
471 1040 712 1135 praeliis
734 1065 752 1123 3
771 1065 1002 1139 *neque
1039 1056 1288 1111 temere
1321 1042 1731 1136 incognitam
1759 1067 1901 1111 rem
1939 1040 2323 1137 pronuntiO.

201 1147 532 1242 Perexigua
578 1173 731 1244 pars
773 1146 946 1216 illius
989 1150 1320 1217 exercitus
1365 1164 1669 1243 superest
1692 1202 1711 1238 ‚
1742 1158 1987 1243 magna
2024 1145 2323 1243 parsde-

101 1256 108 1272 ¹
201 1255 409 1344 periit:
467 1255 650 1348 quod
709 1252 1010 1325 accidere
1062 1270 1163 1323 tot
1211 1252 1450 1348 praeliis
1505 1256 1633 1325 fuit
1692 1280 1961 1325 necesse
2008 1278 2020 1321 :
2078 1250 2327 1321 multos

203 1364 472 1431 autumni
525 1359 937 1455 pestilentia²
983 1363 1052 1429 in
1099 1360 1294 1431 Italia
1349 1364 1712 1434 consumsit
1746 1414 1765 1448 ‚
1810 1361 2002 1429 multi
2048 1359 2325 1429 domum

203 1464 616 1536 discesserunt
642 1521 661 1554 ‚
718 1464 910 1536 multi
967 1482 1121 1543 suut
1180 1467 1391 1535 relicti
1451 1470 1521 1537 in
1578 1470 1965 1537 continenti.
2024 1467 2133 1535 An
2188 1490 2325 1532 non

203 1574 524 1644 exaudistis
539 1559 588 1661 ³,
611 1598 694 1643 ex
715 1576 822 1661 ὗε,-
845 1576 960 1665 qui
985 1600 1105 1670 per
1129 1598 1398 1675 causam
1417 1574 1813 1645 valetudinis
1834 1586 2329 1657 remanserunt,

203 1680 479 1748 cohortes
530 1706 673 1749 esse
715 1680 1044 1749 Brundisii
1091 1680 1346 1749 factas?
1384 1685 1504 1749 Hae
1558 1683 1765 1775 copiae
1790 1736 1807 1769 ‚
1854 1705 2019 1775 quas
2055 1678 2329 1765 videtis,
2422 1726 2430 1737 .

203 1808 266 1851 ex
289 1785 628 1855 dilectibus
665 1787 912 1854 horum
949 1811 1278 1855 annorum
1315 1789 1383 1855 in
1415 1790 1719 1881 citeriore
1759 1786 1977 1857 Gallia
2014 1800 2169 1854 sunt
2199 1783 2328 1851 're-

203 1890 388 1980 fectae,
419 1908 486 1961 et
503 1880 842 1989 plerique⁴
867 1908 1022 1963 sunt
1049 1920 1128 1963 ex
1149 1893 1423 1963 coloniis
1443 1894 1936 1989 Transpadanis
1960 1921 1975 1963 ε
2003 1908 2296 1962 attamen
2313 1944 2331 1977 ‚

204 1999 354 2089 quod
393 1999 518 2067 fuit
561 2000 824 2069 roboris
849 2055 868 2087 ‚
903 2000 1166 2069 duobus
1212 2000 1454 2095 praeliis
1478 2002 1965 2095 Dyrrhachinis
1994 1999 2323 2069 interiit.»

204 2106 338 2173 Haec
371 2097 577 2200 quum
617 2106 888 2175 dixisset
907 2162 925 2195 ‚
946 2108 1196 2200 juravit
1215 2160 1232 2193 ‚
1265 2138 1299 2172 c<
1327 2134 1396 2178 se
1417 2160 1436 2195 ,
1459 2110 1587 2176 nisi
1620 2111 1947 2178 victorem
1973 2161 1992 2194 ‚
2019 2110 2088 2174 in
2116 2120 2337 2175 castra

205 2236 316 2278 non
357 2210 817 2297 reversurum3
845 2244 881 2279 »
933 2213 1393 2308 reliquosque,
1435 2230 1513 2282 ut
1557 2214 1732 2299 idern
1780 2216 2112 2301 facerent,
2163 2211 2333 2281 hor-

205 2330 352 2387 tatus
387 2335 502 2389 est.
545 2324 694 2389 Hoc
723 2319 1000 2389 laudans
1030 2322 1422 2415 Pompeiu3‚
1451 2320 1627 2387 idem
1655 2306 1961 2414 juravit⁵.
1996 2322 2142 2389 Nec
2170 2343 2333 2387 vero

205 2446 269 2490 ex
291 2423 552 2520 reliquis
568 2426 695 2495 fuit
725 2430 1076 2524 quisquam
1098 2483 1116 2517 ‚
1141 2430 1253 2521 qui
1283 2428 1512 2520 jurare
1536 2426 1888 2495 dubitaret.
1926 2429 2089 2493 Haec
2122 2450 2332 2518 quum

203 2529 354 2600 facta
387 2549 611 2603 essent
639 2537 708 2603 in
736 2534 1012 2604 consilio
1035 2589 1054 2623 ‚
1075 2559 1321 2630 magna
1350 2559 1464 2628 spe
1501 2549 1568 2601 et
1589 2533 1829 2602 laetitia
1862 2534 2163 2603 omnium
2192 2531 2333 2600 dis-

204 2661 430 2708 cessum
465 2656 610 2710 est:
651 2665 729 2709 ac
763 2643 902 2734 jam
933 2643 1157 2710 animo
1201 2643 1551 2710 victoriam
1593 2641 2068 2735 praecipiebant
2088 2693 2107 2724 ,
2152 2637 2333 2730 quod

205 2742 270 2810 de
309 2771 374 2813 re
403 2761 627 2835 tanta,
659 2763 729 2816 et
771 2773 810 2815 a
854 2763 991 2816 tam
1027 2749 1244 2843 perito
1273 2750 1675 2842 imperatore
1696 2803 1715 2834 ‚
1744 2745 1907 2814 nihil
1936 2746 2149 2813 fustra
2172 2749 2331 2812 con·-

205 2848 425 2920 firmari
467 2854 837 2923 videbatur.

291 2962 742 3030 LXXXVIII.
801 2963 1056 3047 Caesar,
1100 2987 1309 3056 quum
1351 2961 1651 3055 Pompeii
1688 2962 1921 3029 castris
1958 2927 2333 3052 appropin-

269 3142 386 3196 Csr.
405 3144 745 3198 LXXXVII.
769 3163 818 3197 1.
836 3145 1072 3216 Ecquam
1095 3146 1210 3198 Cae-
1300 3163 1416 3216 cap.
1449 3145 1551 3208 30,
1573 3157 1627 3196 et
1643 3145 1749 3198 hoc
1770 3143 1887 3214 ipso
1908 3143 2079 3208 libre,
2111 3151 2183 3212 94
2208 3145 2337 3196 :Li-

206 3225 320 3274 saris.
340 3225 417 3276 Ita
429 3224 666 3278 restituit
683 3222 1130 3296 Oudendorpius,
1146 3245 1213 3278 ex
1299 3225 1418 3278 vius
1451 3243 1667 3294 quoque
1680 3263 1695 3288 ,
1729 3222 1824 3276 lib.
1874 3241 1949 3288 11,
1994 3223 2063 3292 59
2080 3262 2097 3288 ,
2134 3227 2333 3294 imperia

206 3305 449 3358 nonnullis
483 3302 668 3368 codd„
699 3305 896 3374 quibus
929 3306 1212 3358 assentitur
1301 3305 1538 3357 exaudiri.
1581 3303 1862 3364 Eaeaudlre,
1890 3301 2125 3355 vividius
2175 3321 2335 3374 quam

205 3393 360 3436 noster
381 3384 554 3454 5764.
567 3384 677 3436 Alii
697 3396 750 3436 et
765 3385 995 3454 Vulgata
1013 3385 1212 3439 habent
1301 3383 1502 3437 audire.
1525 3385 1577 3436 Is
1599 3385 1820 3446 exaudit,
1850 3382 1917 3436 ad
1935 3401 2096 3455 quem
2114 3384 2334 3447 clamor,

208 3471 252 3508 ‘tt
275 3481 424 3532 quum.
1300 3466 1581 3536 strepitus,
1608 3483 1714 3519 vox
1742 3465 1935 3535 procul
1962 3464 2185 3516 veniens
2209 3481 2332 3534 per-

277 3561 320 3593 2.
349 3544 532 3598 Multos
563 3549 785 3596 autumni
813 3547 1107 3614 pestilentia.
1141 3546 1214 3598 Et
1299 3546 1464 3598 venit.
1495 3545 1763 3617 Vulgata:
1791 3545 2011 3596 audis-tir.

206 3617 254 3670 ἰᾶ
297 3625 666 3696 confirmatum
719 3638 798 3677 est
843 3625 1000 3677 initio
1053 3625 1212 3697 hujus
1384 3631 1437 3688 4.
1457 3625 1701 3696 Plerique.
1717 3624 1918 3676 Milites
1933 3621 2332 3692 intelliguntur-3

197 3696 328 3754 libri.
1302 3705 1469 3766 aliter,
1488 3705 1533 3756 si
1552 3703 1623 3757 ad
1642 3705 1890 3758 cohortes
1914 3703 2205 3756 referretur
2221 3703 2343 3754 haec

275 3780 324 3834 3.
345 3783 430 3836 A'n
453 3803 552 3836 non
568 3785 848 3838 exaudistis.
871 3786 954 3838 Ita
981 3785 1213 3838 restituit
1301 3804 1434 3850 vox,
1457 3786 1680 3838 rescribi
1711 3783 1957 3850 deberet,
1977 3785 2245 3855 pleraeque,
2276 3795 2337 3834 ut

209 3856 533 3936 Oudendorp.
547 3902 562 3929 ,
591 3883 656 3917 ex
687 3865 938 3918 omnibus
978 3866 1091 3916 fere
1121 3883 1212 3916 co·
1303 3866 1535 3936 Vulgata
1554 3866 1733 3918 habet.
2075 3883 2087 3892 “

208 3933 394 3996 dinibus
408 3937 626 4005 (nostris
643 3964 858 4017 quoque
886 3957 963 3998 est
983 3944 1212 3998 exaudis·
1389 3945 1418 3997 5
1430 3985 1442 3998 .
1463 3945 1577 3997 Hoc
1604 3946 1809 3997 laudans
1826 3947 2101 4016 Pompeius,
2120 3944 2245 3995 idem
2252 3947 2338 4014 ju·

211 4015 304 4081 tis).
321 4023 600 4087 Exaudireg
630 4044 732 4097 pro
763 4026 932 4078 audire
945 4063 960 4088 ,
985 4025 1214 4080 verbum
1308 4030 1449 4079 ravit.
1469 4026 1542 4077 Et
1558 4025 1647 4078 ille
1669 4038 1848 4078 tamen
1864 4027 2077 4097 primus
2093 4023 2336 4077 omnium

209 4095 444 4157 familiare
455 4103 832 4179 Caesarirvide
852 4106 948 4161 lib.
967 4127 1019 4161 v.
1041 4106 1100 4162 B.
1125 4105 1212 4168 G„
1309 4106 1444 4171 fuit,
1477 4106 1573 4176 qui
1602 4106 1775 4168 vietus
1808 4107 1865 4160 in
1900 4118 2070 4160 castra
2099 4104 2336 4160 redierit.
