3025 5025
1042 507 1245 576 A'FR
1260 509 1295 576 Ι
1312 505 1371 576 C
1384 505 1524 576 AN
1542 507 1626 574 Ο.
2052 498 2062 508 ’
2263 503 2362 588 48
2375 525 2412 597 7

274 659 477 730 usque
502 639 586 708 ad
618 639 859 708 horam
893 641 962 708 X
982 637 1128 708 diei
1170 641 1623 734 perstiterunt.
1669 637 1950 729 Jamque
1994 635 2218 704 Caesar
2260 635 2422 704 dum

272 746 631 816 exercitum
674 744 995 816 reducere
1022 747 1199 818 intra
1223 747 1627 826 munitiones
1657 766 1812 812 suas
1834 741 2176 836 coepisset,
2203 743 2424 812 subito

269 850 625 944 universus
662 854 997 946 equitatus
1032 851 1309 927 ulterior
1325 849 1349 876 ²
1382 849 1831 922 Numidarum
1873 845 2424 943 Gaetulorumque

272 956 405 1024 sine
456 958 665 1028 frenis
724 958 810 1027 ad
864 959 1167 1032 dextram
1221 973 1493 1054 ‚partem
1541 981 1611 1034 se
1660 980 1932 1026 movere
1952 989 1990 1040 ‚·
2018 956 2424 1049 propiusque

273 1063 549 1134 Coesaris
606 1080 855 1152 castra,
894 1091 1042 1159 quae
1096 1080 1287 1135 erant
1339 1066 1409 1134 in
1455 1063 1624 1134 colle
1644 1117 1665 1152 ‚
1703 1088 1775 1132 se
1815 1061 2128 1132 conferre
2173 1063 2426 1155 σαφὴς

272 1167 563 1240 frenatus
612 1183 837 1240 autem
879 1171 1159 1244 Labieni
1194 1197 1395 1266 eques
1434 1172 1505 1241 in
1547 1169 1697 1240 loco
1741 1193 2174 1265 per-manere,
2213 1165 2425 1261 legio-

272 1298 531 1370 nesque
570 1277 887 1350 distinere
934 1303 948 1346 :
1008 1302 1217 1373 quum
1265 1279 1491 1348 subito
1547 1301 1704 1374 pars
1753 1275 2088 1372 equitatus
2141 1275 2426 1344 Caesaris

270 1405 419 1451 cum
465 1383 599 1454 levi
650 1399 989 1467 armatura
1009 1439 1030 1472 ‚
1078 1399 1319 1457 contra
1386 1383 1684 1456 Gaetulos
1735 1384 1988 1478 injussu
2041 1407 2120 1451 ac
2175 1395 2426 1450 temere

272 1484 527 1582 longius
567 1492 943 1586 progressi,
978 1491 1425 1586 paludemque
1468 1492 1897 1586 transgressi,
1929 1485 2423 1558 multitudinem

272 1592 561 1666 hostium
593 1599 794 1692 pauci
828 1598 1155 1669 sustinere
1178 1622 1321 1672 ‚non
1350 1610 1758 1693 potuerunt3
1785 1595 2044 1690 levique
2085 1608 2425 1664 armatura

241 1697 554 1792 deserti,
612 1728 695 1776 ac
747 1702 921 1798 pulsi
976 1703 1568 1798 convulneratique
1598 1757 1618 1790 ‚
1681 1727 1820 1772 uno
1869 1704 2090 1796 equite
2145 1701 2388 1770 amisso
2402 1754 2425 1787 ‚

274 1807 493 1879 multis
544 1811 733 1905 equis
776 1810 1013 1880 sauciis
1038 1865 1059 1899 ‚
1107 1808 1275 1893 levis
1318 1824 1676 1895 armaturae
1716 1811 1955 1882 XXVI
2007 1809 2240 1878 occisis
2269 1861 2290 1895 ‚
2337 1806 2424 1875 ad

271 1937 417 1984 suos
444 1916 861 2014 refugerunt.
894 1917 1053 2006 Quo
1071 1917 1365 1990 secundo
1394 1917 1684 2012 equestri
1705 1915 1933 2012 praelio
1957 1914 2167 1998 facto,
2199 1913 2424 2009 Scipio

271 2016 503 2092 laetus
483 2049 557 2092 m
590 2037 810 2094 castra
840 2038 1039 2094 nocte
1067 2026 1295 2120 copias
1323 2024 1612 2094 reduxit.
1635 2023 1842 2112 Quod
1873 2023 2221 2118 proprium
2249 2043 2423 2114 gau·-

268 2113 481 2200 dium³
529 2129 939 2200 bellantibus
986 2131 1292 2221 fortuna
1306 2131 1602 2200 tribuere
1657 2155 1800 2198 non
1837 2130 2193 2200 decrevit·
2223 2150 2422 2194 nam-v

272 2257 395 2326 que
429 2251 719 2331 postero
736 2237 843 2305 die
872 2237 1098 2306 Caesar
1123 2262 1331 2330 quum
1349 2251 1610 2331 partem
1641 2237 1970 2331 equitatus
1999 2235 2102 2304 sui
2125 2235 2425 2329 Leptim,

276 2337 621 2412 frumenti·-
651 2344 864 2442 gratia
880 2394 901 2426 ‚
950 2324 1233 2412 misisset
1256 2396 1278 2430 ,
1322 2344 1393 2411 in
1438 2343 1674 2412 itinere
1717 2341 2124 2436 praedatores
2157 2342 2424 2434 ,equites

276 2447 598 2520 Numidas
642 2448 1178 2547 Gaetulosque.ex
1206 2449 1570 2545 improviso
1595 2449 1817 2519 adorti
1853 2449 2116 2518 circiter
2151 2461 2424 2517 centum

272 2556 509 2647 partim
570 2556 967 2631 occiderunt
998 2610 1017 2642 ,
1068 2557 1313 2651 partim
1353 2557 1664 2625 vivorum
1717 2556 1912 2650 potiti
1966 2568 2142 2623 sunt.
2198 2556 2425 2651 Caesar

272 2660 531 2732 interim
554 2662 853 2760 quotidie
879 2661 1171 2757 legiones
1192 2665 1263 2733 in
1286 2686 1600 2757 campum
1624 2661 1953 2730 deducere
1973 2711 1992 2745 ,
2021 2674 2221 2753 atque
2249 2684 2422 2754 opus

274 2764 517 2858 facere,
540 2767 928 2863 vallumque
955 2785 1024 2839 et
1053 2768 1297 2839 fossam
1321 2760 1765 2863 permedium
1799 2784 2110 2862 campum
2145 2766 2424 2854 ducere,

274 2873 936 2970 adversariorumque
978 2876 1476 2949 excursionibus
1514 2878 1645 2944 iter
1677 2860 1985 2945 officere⁴
2022 2898 2162 2941 non
2203 2874 2420 2941 inter—

279 3077 485 3132 circiter
519 3079 679 3133 tertia
722 3090 816 3131 aut
846 3091 1037 3150 quarta
1066 3078 1303 3150 pomeri·
1391 3074 1598 3141 codd.)
1629 3081 1900 3150 equitatus,
1927 3088 2061 3143 etc„
2090 3072 2294 3129 misisset
2317 3070 2424 3139 (sic

279 3152 451 3212 diana.
482 3159 616 3213 Mox
642 3176 745 3231 pro
774 3158 890 3211 dum
914 3157 1200 3230 legendum
1227 3170 1307 3212 est
1390 3176 1530 3211 unus
1564 3156 1687 3212 cod.
1701 3157 1754 3225 ),
1782 3162 1834 3209 in
1865 3160 2070 3210 itinere.
2118 3158 2233 3211 .M.
2270 3154 2424 3209 Idem

279 3254 433 3307 quum.
466 3240 619 3293 Mon.
706 3262 711 3267 ·
836 3278 841 3287 .
1188 3252 1195 3263 ·
1300 3302 1306 3306 .
1388 3240 1588 3320 placet
1602 3230 2177 3309 Davis10.'Vulgatum'
2225 3238 2424 3289 retinet

360 3336 412 3371 2.
445 3321 717 3392 Equitatus
748 3319 961 3373 salter-ior.
1004 3320 1215 3388 Quem,
1242 3330 1307 3371 ut
1391 3308 1608 3382 Clark„
1641 3306 1926 3371 subaudito
1947 3319 2136 3376 milites.
2163 3315 2418 3370 Oudend.

282 3407 359 3448 est
390 3417 438 3454 c.
474 3400 578 3471 59,
612 3398 789 3470 Scipio
812 3400 1025 3471 longius
1049 3418 1081 3452 a
1103 3398 1307 3453 caeteris
1391 3399 1742 3480 subintelligit
1794 3401 2188 3467 frumentatores.
2238 3397 2420 3449 Verba

278 3477 443 3547 copiis
493 3491 854 3551 promoverat.
898 3480 1062 3533 Mon.
1072 3510 1153 3522 -—
1176 3481 1308 3532 Pars
1380 3468 1620 3547 fiumen'ti
1644 3481 1816 3549 gratia
1843 3498 1872 3531 a
1903 3477 2060 3531 codd.
2090 3476 2253 3531 variis
2289 3494 2420 3529 exu-

278 3560 511 3627 equitatus
558 3598 654 3613 .....
693 3563 955 3630 progressi.
1014 3559 1307 3633 Synthesis.
1391 3560 1523 3612 lant.
1555 3558 1659 3612 ΟΒ.

180 3666 185 3675 ·
282 3634 443 3691 Plane
464 3640 549 3692 sic*
571 3639 813 3707 Sannum,
832 3639 955 3710 Jug.
986 3642 1085 3693 eos
1175 3658 1183 3663 ·
1396 3660 1401 3665 ·
1476 3646 1531 3703 4.
1569 3640 1673 3691 Iter
1707 3637 1916 3708 officere.
1955 3636 2060 3690 Vel
2103 3640 2196 3687 iter·
2233 3633 2442 3703 delen,-

364 3718 416 3771 3.
466 3720 731 3791 Proprium
768 3719 1019 3789 gaudium,
1043 3712 1189 3771 'Vide
1237 3716 1305 3771 ad
1392 3718 1476 3771 vel
1506 3722 1579 3770 ita
1615 3720 1748 3789 lego.
1792 3718 2042 3769 Davisius.
2068 3714 2218 3771 Idem
2259 3715 2421 3768 sentit

280 3810 327 3846 e.
360 3796 451 3849 32.
480 3800 557 3854 M.
590 3800 928 3852 Praem‘issum
959 3798 1091 3871 quod
1112 3816 1305 3870 perpe·
1392 3797 1643 3852 Oudend.
1661 3799 1817 3864 ;item
1837 3797 2010 3850 Bentl.
2028 3798 2202 3850 Itineri
2219 3797 2424 3847 hostium

278 3890 393 3927 ram
433 3876 653 3932 damnat
694 3878 923 3949 Scaliger
940 3896 973 3943 ς·
988 3878 1130 3932 valet
1160 3876 1306 3931 idem
1392 3877 1583 3947 officere
1605 3878 1726 3931 Sall.
1749 3878 1936 3943 habet,
1951 3896 1994 3930 c.
2019 3876 2109 3929 5⁹2.
2122 3876 2425 3928 Transitive

283 3954 427 4023 quod
468 3960 560 4011 sed
568 4000 585 4027 ,
617 3958 799 4031 judice
836 3958 1074 4012 Davisio.
1098 3955 1305 4011 Verum
1392 3956 1499 4010 dici
1543 3976 1697 4029 posse
1741 3957 1918 4011 censet
1959 3956 2216 4011 Cellarius
2235 3996 2250 4025 ,
2293 3956 2421 4021 quia

280 4048 377 4087 nec
398 4036 504 4090 hoc
541 4056 771 4093 necesse.
814 4038 1117 4091 Relativum
1144 4049 1223 4092 est
1252 4048 1307 4091 et
1388 4038 1596 4111 passive
1623 4036 1766 4109 apud
1791 4039 2110 4101 Lucret.11,
2151 4054 2173 4089 1
2189 4036 2281 4103 55,
2303 4034 2424 4106 offi-

284 4110 417 4169 bene
460 4118 711 4187 positum.
757 4119 865 4175 ΟΒ.
894 4146 977 4164 ·-··
1005 4118 1128 4172 Cum
1159 4130 1304 4189 parte
1390 4122 1582 4171 ciuntur
1609 4118 1916 4189 corpuscula,-
1939 4129 1993 4170 et
2019 4134 2080 4169 tv
2098 4154 2114 4186 ,
2141 4120 2253 4189 767
2271 4155 2288 4184 ,
2317 4134 2423 4169 coss

283 4196 425 4263 ‘quit
447 4196 587 4271 Lege
600 4211 940 4273 quumpartem
954 4193 977 4263 (
988 4199 1063 4255 sic
1082 4196 1303 4272 quidam
1380 4201 1520 4271 poris
1542 4200 1710 4268 officii
1727 4218 1910 4253 semus.
1938 4196 2042 4249 ΟΒ.

1913 4265 2052 4351 31⁴
