3025 5025
637 489 780 576 164
891 491 967 560 C.
1022 491 1331 560 JULII
1387 491 1892 598 CAESARIS
1946 490 2536 562 COMMENT.
2618 561 2627 567 ,

622 625 840 718 sequi,
870 624 1053 718 quod
1089 621 1309 692 vellet.
1343 639 1377 676 >³
1429 624 1758 719 Legiones
1794 648 1886 691 eae
1910 676 1928 706 ‚
1976 647 2121 716 quae
2157 621 2358 716 paulo
2395 637 2547 690 ante
2588 617 2771 713 apud

619 730 1032 800 adversarios
1071 729 1335 798 fuerant
1357 721 1556 819 (nam
1588 730 1786 798 etiam
1812 729 2091 798 Caesaris
2119 727 2518 797 beneficium
2545 741 2769 795 muta-

618 851 806 906 verat
825 835 1237 905 consuetudo
1251 890 1270 923 ‚
1287 860 1417 930 qua
1434 835 1844 904 offerrentur
1864 829 2291 930 municipia),
2317 837 2515 904 etiam
2536 835 2771 902 diver-

620 945 708 1012 sis
729 942 1025 1037 partibus
1047 943 1418 1035 conjunctae
1436 933 1764 1036 (namque
1784 942 1960 1010 enim
1986 959 2071 1008 ex·
2094 941 2335 1010 Marsis
2350 940 2775 1036 Pelignisque

618 1140 956 1206 hominihus,
973 1141 1031 1192 in
1057 1139 1206 1192 omni
1227 1139 1373 1193 civili
1397 1139 1541 1192 bello
1567 1141 1647 1192 in-

619 1222 784 1293 telligi
793 1231 994 1292 potest3
1005 1219 1278 1291 sequentia
1288 1219 1538 1274 Curionis
1548 1221 1651 1272 mia

615 1301 736 1359 lites
764 1312 818 1354 et
843 1317 1072 1372 praesens
1103 1297 1389 1352 discrimen
1416 1299 1649 1372 peculia-

615 1381 749 1435 riter
770 1376 1056 1452 spectant.)
1069 1380 1304 1448 Legiones
1315 1399 1386 1431 eoe
1403 1397 1509 1450 quae
1519 1397 1647 1450 pau-

619 1463 670 1516 lo
689 1473 801 1513 ante
825 1460 961 1532 apud
979 1459 1276 1513 adversarios
1288 1459 1647 1526 fuerant(nam

618 1546 762 1592 etiam
806 1539 1016 1594 Coesaris
1071 1536 1343 1608 beneficium
1381 1551 1651 1594 mutaverat

618 1619 920 1682 consuetudo,
939 1640 1032 1691 qua
1045 1621 1332 1686 offerrentur
1345 1616 1644 1689 municipia);

617 1705 762 1752 etiam
779 1700 972 1753 diversis
989 1695 1280 1761 (adversis)
1289 1699 1510 1770 partibus
1530 1717 1644 1750 con-

607 1785 795 1851 junctoe
838 1775 1072 1851 (namque
1101 1782 1223 1830 enim
1257 1773 1364 1840 [ita
1395 1780 1511 1848 lego
1544 1797 1645 1848 pro

621 1881 768 1933 neque
808 1863 929 1910 enim
953 1854 972 1923 ]
1012 1879 1071 1909 ex
1108 1858 1292 1910 Marsis
1334 1859 1645 1930 Pelignisque

616 1940 887 2002 ‘ven-iebant,
909 1949 964 1989 ut
976 1941 1056 2009 qui
1069 1941 1306 2008 superiore
1325 1949 1458 1988 nocte
1473 1941 1524 1988 in
1538 1958 1647 1988 con-

619 2015 920 2082 tuberniis),·
953 2018 1378 2088 commilitonesque
1429 2019 1649 2069 nonnulli

616 2102 863 2168 graviores
890 2117 1122 2148 sermones
1149 2097 1349 2148 militum
1372 2097 1527 2166 vulgo
1552 2098 1643 2148 du-

620 2183 720 2230 rius
739 2178 1050 2248 accipiebant.
1067 2177 1250 2228 Primo
1264 2215 1280 2240 ,
1295 2177 1511 2230 sublatis
1529 2197 1645 2228 om-

620 2257 778 2310 nibus
809 2275 926 2327 quoe
957 2255 1261 2328 parenthesi
1291 2255 1611 2310 clauduntur
1628 2296 1643 2322 ,

615 2342 905 2408 jungantur
925 2336 1039 2388 haec
1053 2337 1112 2388 in
1133 2347 1312 2389 mente
1325 2337 1565 2400 lectoris,
1582 2338 1647 2388 le-

617 2422 783 2486 giones
801 2438 884 2479 eoe,
903 2429 956 2469 et
969 2417 1390 2490 commilitonesque
1408 2417 1646 2494 nonnulli.

620 2497 854 2569 Legiones
882 2516 1010 2567 ergo
1049 2509 1102 2549 et
1146 2496 1234 2550 isti
1269 2495 1606 2549 commilitones
1624 2538 1639 2561 ,

621 2578 938 2649 accipiebant,
957 2578 992 2629 i.
1009 2596 1056 2629 e.
1069 2616 1086 2642 ,
1100 2577 1426 2648 recipiebant
1436 2617 1450 2641 ‚
1466 2589 1519 2627 et
1534 2575 1646 2629 aliis

619 2658 947 2722 referebant,
971 2677 1204 2708 sermones
1229 2656 1340 2715 scil.
1364 2656 1646 2730 Quinctilii

620 2737 754 2789 ‘Vari
777 2756 910 2809 quos
930 2755 1046 2809 cap.
1069 2754 1226 2808 praec.
1250 2736 1503 2807 legimus;
1525 2756 1645 2805 gra-

625 2821 770 2870 viores
791 2857 805 2878 ,
844 2834 1037 2886 nempe
1081 2834 1171 2867 eos
1215 2816 1607 2886 amplificabant
1628 2856 1644 2881 ,

623 2896 838 2967 majoris
852 2896 1110 2947 momenti
1123 2896 1403 2960 faciebant,
1416 2909 1468 2947 et
1479 2896 1645 2962 durius

618 2976 886 3048 jactabant
900 2975 1056 3051 vulgo
1073 2975 1290 3039 militum,
1309 2973 1366 3027 id
1379 2989 1474 3041 est,
1484 2994 1644 3047 quam

621 3056 811 3125 vulgus
851 3054 1102 3107 militum.
1137 3055 1268 3119 Quae
1319 3074 1446 3108 vero
1495 3070 1645 3108 erant

625 3136 735 3187 istae
766 3136 972 3202 legiones
998 3153 1115 3205 quae
1147 3135 1468 3205 accipiebant,
1499 3136 1645 3189 etc.P

624 3216 792 3266 Erant
805 3212 1120 3266 Corfinianae
1137 3214 1389 3286 legiones,
1397 3234 1517 3285 quae
1534 3234 1645 3267 non

622 3296 795 3348 solum
815 3291 957 3365 apud
970 3292 1294 3346 adversarios
1309 3294 1538 3359 fuerant,
1552 3294 1644 3347 sed

622 3375 728 3427 illis
751 3374 909 3427 etiam
937 3392 1002 3425 ex
1025 3374 1221 3427 diversis
1243 3374 1464 3445 partibus
1494 3387 1647 3427 erant

621 3458 949 3526 conjunctae,
983 3466 1170 3524 utpote
1203 3472 1319 3524 quse
1350 3472 1414 3505 ex
1457 3453 1645 3507 Marsis

621 3534 955 3607 Pelignisque
982 3532 1294 3586 veniebant:
1316 3533 1510 3586 diversis
1542 3533 1645 3587 hoc

621 3613 741 3666 loco
773 3611 917 3665 idem
947 3626 1024 3665 est
1055 3632 1114 3665 ac
1147 3614 1355 3666 adversis
1383 3630 1397 3665 ε
1421 3612 1494 3665 ita
1520 3612 1647 3666 Sue-

622 3696 800 3747 tonius
815 3733 831 3762 ,
879 3694 1145 3764 Augustus
1161 3730 1178 3757 ‚
1223 3711 1338 3763 cap.
1396 3692 1424 3745 5
1439 3710 1459 3743 1
1501 3709 1514 3744 ε
1566 3694 1646 3747 Ne

622 3793 881 3825 enumerem
922 3784 1039 3844 quot
1076 3783 1126 3821 et
1169 3791 1283 3843 quos
1315 3770 1644 3827 diversarum

621 3855 857 3925 partium
885 3856 1031 3903 venia
1059 3862 1107 3901 et
1136 3852 1457 3903 incolumitate
1487 3852 1644 3905 dona-

625 3946 712 3987 tos.
745 3932 829 3985 Id.
847 3930 1026 3983 inVit.
1053 3944 1327 4001 grammat.
1351 3934 1642 4001 9:Interro-

618 4026 764 4083 gatus
781 4032 812 4065 a
833 4012 1055 4063 Varrone
1072 4010 1292 4064 diversae
1307 4013 1474 4083 partis
1493 4013 1642 4065 advo·

621 4106 748 4145 cato.
774 4095 881 4145 Pro
912 4110 1059 4162 neque
1075 4131 1090 4153 ,
1121 4091 1239 4163 lego
1266 4112 1466 4164 namque
1481 4132 1496 4155 ,
1520 4111 1641 4147 cum

621 4172 807 4226 codice
843 4170 1052 4227 Carrar.
1084 4172 1118 4223 J
1121 4190 1203 4225 am
1232 4172 1376 4225 enim
1410 4170 1643 4227 vidimus

884 4325 893 4357 N

1734 1157 1853 1211 cap.
1892 1159 1964 1209 ²7
1980 1177 1998 1205 ‚
2033 1141 2371 1194 centuriones
2406 1141 2613 1193 Marsos
2644 1160 2773 1195 cum

1732 1219 2157 1292 manipularibus
2186 1220 2295 1274 suis
2322 1239 2349 1271 a
2382 1219 2589 1274 Caesare
2620 1219 2772 1274 defe-

1734 1299 1895 1367 cisse,
1926 1299 1965 1352 ii
1997 1319 2123 1372 ergo
2154 1300 2361 1352 hostilis
2388 1294 2633 1364 (diversi)
2654 1303 2771 1354 ani·

1734 1379 1809 1430 mi
1844 1379 1901 1431 in
1944 1380 2205 1433 Caesarem
2251 1392 2419 1433 erant.
2448 1381 2665 1445 Quibus
2717 1385 2770 1435 τὸ

1734 1477 1935 1529 namque
1958 1463 2082 1510 enim
2108 1461 2409 1530 ταυτολογίαι
2429 1479 2540 1512 esse
2564 1458 2772 1514 videbi-

1736 1550 1841 1600 tur,
1860 1538 1945 1590 his
1960 1557 2293 1610 opponemus
2306 1541 2480 1593 Plaut.
2502 1551 2604 1594 act.
2634 1559 2658 1592 1
2671 1560 2769 1605 ,sc.

1740 1637 1873 1684 2,v.
1920 1619 2024 1672 23:
2054 1618 2279 1692 Namque
2308 1623 2431 1670 enim
2471 1631 2552 1682 tu,
2587 1620 2763 1683 credo,

1733 1697 1849 1751 mihi
1887 1697 2176 1769 imprudenti
2203 1699 2477 1770 obrepseris.
2510 1698 2769 1754 Ceterum

1732 1778 1791 1830 in
1828 1777 1940 1831 MS.
1968 1778 2187 1831 Nervic.
2218 1777 2412 1849 legitur
2436 1782 2563 1831 enim
2594 1801 2660 1831 eat
2690 1781 2765 1833 M.

1732 1869 1830 1910 etc.
1848 1895 1865 1923 ,
1894 1857 2101 1910 omissis
2130 1861 2236 1919 τοῖς
2266 1879 2415 1931 neque
2450 1871 2506 1912 et
2543 1879 2766 1934 namque.

1733 1936 1983 2008 Superest
2002 1956 2127 2008 ergo
2140 1939 2470 2008 parenthesis
2486 1959 2603 1991 nam
2619 1943 2767 1992 etiam

1738 2015 1975 2078 Caesaris,
2016 2029 2113 2069 etc.
2133 2057 2149 2084 ,
2176 2037 2337 2090 quam
2372 2019 2447 2070 ita
2478 2019 2723 2090 intelligo
2750 2038 2764 2073 :

1733 2116 1843 2148 nam
1868 2097 2156 2148 consuetudo
2180 2116 2285 2168 qua
2313 2097 2488 2150 Caesar
2518 2099 2767 2152 hostibus

1733 2176 2061 2247 ignoscebat,
2080 2197 2174 2246 qua
2203 2177 2363 2229 etiam
2392 2181 2680 2249 municipia,
2707 2179 2764 2231 id

1735 2269 1813 2308 est
1825 2295 1841 2320 ,
1858 2257 2089 2309 honores
2101 2297 2115 2318 ,
2130 2257 2347 2328 praemia
2365 2294 2382 2323 ,
2397 2258 2557 2310 urbes
2574 2277 2764 2330 regen·

1738 2334 1849 2401 das,
1869 2335 1933 2388 iis
1950 2337 2201 2404 offerebat,
2224 2347 2505 2400 mutaverat,
2530 2351 2768 2392 verterat

1734 2415 1792 2466 in
1804 2417 2053 2487 seipsum,
2066 2415 2305 2485 beneficia,
2321 2416 2448 2488 quia
2456 2419 2627 2488 sequi
2640 2437 2764 2471 eum

1734 2493 2171 2568 deserebant,pro
2185 2509 2331 2549 certo
2348 2497 2617 2551 habebant
2628 2499 2761 2552 Coes.

1733 2575 1860 2647 ipsis
1877 2579 2266 2629 revertentibus
2287 2596 2470 2648 poenas
2494 2577 2768 2631 condona-

1734 2668 1931 2708 turum.
1960 2656 2089 2709 Hoec
2131 2669 2209 2709 est
2249 2670 2428 2709 nostra
2460 2660 2726 2711 sententia
2746 2698 2762 2723 ,

1735 2755 1895 2806 quam
1912 2734 2215 2813 dubitantes
2232 2738 2547 2808 exponimus
2559 2775 2576 2802 ,
2590 2752 2644 2791 et
2662 2758 2763 2809 pro

1734 2819 1838 2886 qua
1862 2815 2073 2868 lectoris
2090 2818 2299 2869 veniam
2319 2818 2665 2888 exposcimus.
2678 2820 2761 2871 Ita

1733 2908 1901 2965 totam
1924 2893 2205 2968 periodum
2230 2897 2391 2949 vertit
2428 2898 2761 2967 Augustinus

1732 2974 1937 3040 Ustica,
1950 2976 2049 3027 alia
2066 2995 2281 3047 prorsus
2294 2976 2760 3047 interpretatione:

1737 3054 1945 3107 Ciasc’un
1981 3057 2037 3107 di
2067 3058 2141 3107 cib
2173 3059 2435 3127 ragionava
2454 3076 2473 3109 .·
2497 3078 2524 3108 c
2553 3059 2649 3109 tati
2681 3059 2759 3109 di-

1733 3154 1879 3186 ceano
1902 3153 1916 3187 :
1942 3154 1973 3185 a
1996 3137 2079 3187 che
2086 3138 2179 3202 sar
2198 3154 2375 3205 guerra
2384 3138 2474 3203 fra
2496 3138 2759 3190 cittadinie‘

1732 3212 1897 3266 Siamo
1920 3219 2033 3266 tutti
2044 3216 2097 3265 di
2114 3235 2208 3267 una
2228 3220 2547 3285 generazione
2560 3237 2581 3269 .·
2594 3222 2716 3287 epoi
2732 3224 2757 3268 ὲ

1732 3297 1782 3344 in
1806 3307 1970 3345 nostra
2007 3295 2178 3346 liberta
2206 3298 2371 3364 seguir
2392 3296 2473 3346 chi
2492 3316 2550 3347 ne
2572 3301 2716 3367 piace
2739 3316 2754 3348 ε

1732 3372 1851 3424 altri
1877 3374 2170 3427 dubitavano
2206 3375 2291 3425 che
2326 3376 2370 3425 lc
2419 3376 2601 3444 legioni
2636 3388 2756 3428 state

1732 3472 1820 3505 con
1846 3456 1926 3523 gli
1948 3459 2192 3524 avversary'
2220 3458 2267 3505 si
2285 3474 2540 3507 movessero
2560 3458 2653 3525 piis
2669 3476 2759 3526 per·

1732 3533 1783 3583 la
1805 3538 2006 3607 antiqua
2023 3539 2241 3606 pratica,
2267 3534 2351 3583 che
2369 3554 2461 3603 per
2481 3535 2519 3585 li
2540 3535 2760 3605 benefizii

1731 3612 1788 3663 di
1818 3612 1993 3665 Ces-are
2022 3632 2037 3667 τ
2072 3625 2206 3665 tanto
2221 3614 2311 3683 piu
2341 3614 2425 3664 che
2446 3634 2562 3665 eran
2592 3616 2649 3666 di
2682 3616 2753 3667 di·

1735 3697 1855 3745 versi
1890 3694 2057 3763 luoghi
2095 3714 2115 3745 .·
2156 3700 2214 3745 ne
2256 3706 2528 3744 veramente
2552 3699 2755 3747 veniam

1730 3774 1831 3823 solo
1857 3774 1985 3825 dalla·
2010 3774 2171 3826 Marsi
2202 3796 2228 3825 e
2252 3774 2454 3843 Peligna·
2478 3793 2496 3826 :
2527 3795 2552 3824 e
2578 3776 2677 3827 cosi
2714 3776 2755 3825 si

1730 3854 1959 3905 entendea
1987 3874 2081 3924 per·
2108 3858 2227 3923 ogni
2250 3865 2393 3922 parte
2431 3873 2537 3905 cose
2567 3854 2744 3925 displa-

1730 3934 1910 3987 nevolt:
1938 3954 1965 3984 e
2000 3936 2163 3985 alcuni
2191 3935 2275 3985 che
2295 3934 2473 3985 volean
2490 3954 2643 4005 paret·
2666 3934 2750 4003 piis

1728 4018 1911 4065 accorti
1923 4012 2159 4083 fingeano
2176 4014 2299 4064 ultre
2318 4016 2603 4067 invenziom‘.
2619 4013 2750 4066 Mul-

1730 4104 1845 4145 tum
1881 4094 1981 4146 sibi
2018 4093 2272 4146 libertatis
2300 4094 2357 4145 in
2386 4091 2748 4147 transferendo

1728 4170 1936 4226 dedisse
1953 4173 2215 4245 interpres
2237 4172 2469 4227 videtur.
