3025 5025
252 561 259 568 .
906 483 1644 554 MASSILIENSI.
2029 558 2040 564 ,
2207 485 2348 574 341

215 611 397 694 ,bitur
418 616 559 687 baec
590 617 764 688 ratio
800 619 959 686 tecti
990 615 1253 687 mobilis
1290 615 1664 707 attollendi,
1695 616 2172 712 simpliciorem·
2197 645 2362 715 ergo

240 724 690 818 excogitarem3
711 722 959 792 scilicet
972 777 990 811 ,
1008 748 1215 819 quum
1244 726 1467 794 Caesar
1488 725 1847 819 ait-supra,
1873 725 2206 796 laterculo
2243 727 2363 799 ad-

238 845 643 917 smmenmt‚
664 828 1057 924 generaliter
1079 830 1377 925 loquitur.
1397 885 1417 918 ‚
1442 855 1602 902 nam
1637 832 2110 926 quisunquam
2133 833 2364 904 credat

239 947 421 1007 totam
465 939 699 1006 turrim
720 936 1096 1006 ,lateritiam
1119 990 1139 1026 ‚
1154 981 1161 988 -
1178 951 1247 1006 et
1286 938 1425 1006 sine
1470 935 1610 1006 ullo
1651 936 1876 1036 lapide
1911 937 2018 1008 vel
2063 937 2246 1034 ligno
2277 939 2364 1010 ad

238 1042 673 1115 sustentandos
710 1041 941 1134 saltem
969 1042 1207 1114 lateres
1230 1045 1446 1116 extrui
1470 1043 1806 1139 potuisse?
1831 1045 2120 1128 minime.
2137 1046 2364 1115 ‚Porro

186 1173 347 1241 ..pro
394 1150 553 1220 mea.
596 1151 923 1222 sententia
937 1203 957 1238 ‚
978 1151 1203 1219 turris
1246 1147 1548 1244 ,angulos
1583 1152 1770 1220 saxis
1820 1151 2252 1224 crassioribus
2297 1166 2366 1222 et

210 1277 449 1346 ,grosso
491 1256 698 1326 modo
762 1258 956 1326 sectis
1007 1256 1300 1328 munitos
1350 1256 1550 1327 fuisse
1599 1271 1876 1332 autumo
1893 1310 1913 1345 ‚
1953 1281 2162 1353 supet·
2215 1281 2366 1350 quae

238 1383 414 1448 saxa,
470 1387 741 1436 omnem
806 1361 1153 1440 attollendi
1209 1363 1451 1432 sensim
1512 1364 1672 1438 tecti
1692 1417 1713 1450 ,
1765 1364 2044 1457 omissis,
2079 1377 2210 1432 tot·
2237 1387 2368 1432 ma-

240 1467 427 1538 chinis
471 1467 711 1564 ligneis
749 1471 993 1539 iterum
1036 1483 1235 1563 atque
1278 1470 1522 1538 iterum
1555 1469 1854 1555 mutatis,
1895 1465 2114 1539 meam
2133 1470 2368 1563 hypo-

238 1572 449 1644 thesim
492 1574 775 1644 stabilio.
805 1575 1051 1670 Anguli
1094 1577 1271 1644 enim
1305 1575 1400 1644 ita
1434 1575 1726 1644 confecti
1761 1576 1917 1644 satis
1953 1574 2128 1644 firmi
2171 1590 2370 1646 erunt

238 1679 307 1747 ad
350 1695 567 1750 vectes
612 1681 1068 1777 accipiendoS‚
1098 1705 1385 1776 quorum
1426 1705 1556 1775 ope
1602 1679 1822 1749 valida
1857 1694 2109 1750 tectum
2141 1705 2366 1750 meum

237 1789 532 1883 tantisper
576 1787 813 1858 attollo
834 1843 855 1878 ‚
897 1802 1159 1857 tantum
1202 1803 1427 1857 tamen
1472 1802 1818 1882 quantum·
1835 1788 1992 1856 satis
2028 1789 2148 1874 sitg
2181 1801 2259 1857 ut
2297 1790 2368 1857 in

236 1893 571 1964 intervallis
594 1948 615 1983 ‚
660 1921 808 1990 quae
870 1893 1183 1989 relinquit
1224 1896 1518 1963 vectium
1570 1895 1912 1964 contentio
1927 1946 1948 1982 ‚
1988 1918 2170 1964 meas
2226 1919 2366 1963 ma-

238 1998 442 2070 chinas
498 2001 805 2072 dentatas
861 2004 1147 2070 inseram
1166 2057 1185 2090 ‚
1224 2025 1371 2096 quae
1422 2026 1655 2070 rursus
1715 2014 1968 2070 tectum
2018 1997 2326 2070 attollant
2348 2054 2368 2090 ‚

236 2123 532 2198 quantum
579 2111 833 2203 patitur
860 2132 1091 2178 earum
1128 2105 1429 2177 altitudo.
1458 2111 1612 2178 Hoc
1640 2107 1842 2177 modo
1859 2160 1879 2195 ,
1908 2121 2195 2201 quatuor
2223 2131 2370 2177 vec-

237 2225 319 2282 tes
371 2214 611 2302 validi,
666 2214 1077 2310 totidemque
1130 2215 1459 2284 machinae
1519 2214 1806 2284 dentatae
1821 2267 1842 2302 ‚
1884 2238 2032 2309 quae
2083 2238 2368 2310 parvum

239 2337 548 2416 occupant
588 2323 909 2416 spatium,
934 2346 1135 2416 super
1170 2319 1348 2390 mole
1384 2319 1596 2389 solida
1631 2318 1924 2415 lapidum
1956 2318 2187 2390 locatae
2215 2322 2370 2390 satis

238 2443 409 2497 erunt
455 2428 541 2498 ad
578 2426 990 2498 movendum
1042 2442 1289 2496 tectum
1306 2481 1327 2517 ‚
1357 2424 1534 2496 lente
1569 2425 1869 2521 quidem,
1906 2425 2022 2496 sed
2065 2451 2145 2496 eo
2183 2451 2370 2496 secu-

237 2535 385 2624 rius,
413 2536 595 2631 quod
620 2536 972 2631 oppidani,
995 2560 1127 2631 qua
1152 2550 1293 2604 arte
1324 2536 1526 2603 turris
1557 2534 1892 2629 fastigium
1922 2535 2014 2603 ita
2045 2532 2370 2620 elevetur,

118 2704 123 2709 .
237 2640 330 2708 vix
378 2642 769 2737 dignoscere
823 2658 1185 2737 poterunt;
1221 2656 1418 2735 atque
1470 2641 1603 2710 hoc
1661 2638 1865 2725 modo
1921 2637 2180 2734 explico
2233 2655 2370 2709 tec-

236 2761 359 2816 tum
398 2775 533 2845 per
586 2774 665 2819 se
728 2756 999 2845 ipsum;
1037 2748 1106 2817 id
1170 2762 1271 2817 est
1335 2749 1477 2816 sine
1535 2770 1664 2842 ope
1726 2746 2187 2815 machinarum
2251 2770 2370 2814 ex—

237 2856 553 2926 teriorum.
605 2860 716 2926 Ita
733 2909 754 2944 ‚
800 2881 1017 2950 neque
1069 2853 1479 2949 longioribus
1529 2852 1746 2949 praelis
1795 2850 2152 2922 cochleatis
2202 2877 2370 2947 opus

243 2962 367 3029 erit.
428 2966 611 3035 Nam
674 2965 727 3031 si
779 2964 856 3032 iis
908 2964 1006 3030 uti
1067 2960 1357 3031 volueris
1374 3013 1393 3047 ,
1446 2959 1824 3054 quindecim
1893 2973 2010 3027 aut
2071 2956 2374 3053 pluribus

238 3067 497 3157 pedibus
566 3068 765 3165 longa
820 3068 1019 3137 fuisse
1072 3091 1343 3149 necesse
1389 3068 1533 3135 erit.
1589 3067 1679 3134 At
1732 3067 1803 3134 in
1849 3065 1953 3134 his
1999 3090 2080 3134 eo
2117 3067 2373 3150 minor,

238 3186 305 3239 ut
345 3175 410 3243 in
466 3174 805 3263 vectibus,
848 3188 950 3243 est
1005 3176 1105 3243 vis
1170 3174 1535 3260 moventis,
1591 3195 1726 3266 quo
1801 3170 2061 3265 longius
2124 3195 2166 3239 a
2234 3170 2378 3239 basi

240 3281 471 3351 recedit
508 3282 911 3351 extremitas,
964 3284 1174 3351 Porro
1234 3280 1411 3349 basis
1468 3281 1542 3347 in
1588 3291 1812 3347 mente
1857 3275 2376 3373 praecedentium

243 3388 613 3457 criticorum
650 3401 752 3456 est
788 3389 1003 3482 prima
1038 3384 1488 3457 contabulatio
1509 3439 1530 3472 ,
1558 3411 1596 3453 e
1632 3410 1763 3479 qua
1800 3397 2076 3478 surgant
2110 3396 2378 3479 oportet

242 3493 428 3584 praela
485 3492 865 3582 cochleam,
908 3519 1023 3565 seu
1078 3492 1367 3563 cochleae
1386 3544 1407 3579 ‚
1454 3506 1525 3560 et
1567 3505 1818 3560 tectum
1867 3490 2113 3559 mobile
2167 3512 2376 3583 usque

240 3598 315 3666 ad
348 3600 707 3671 secundam
744 3598 1351 3670 contabulationem
1395 3600 1696 3691 erigant:
1724 3622 1938 3691 neque
1971 3598 2170 3665 etiam
2205 3620 2376 3690 opus

229 3700 321 3773 his
364 3708 662 3777 trabibus
715 3707 1087 3803 duplicibus
1106 3760 1126 3795 ‚
1164 3707 1324 3800 quin
1377 3718 1445 3773 et
1488 3702 1892 3798 triplicibus,
1933 3725 2098 3797 quas
2151 3703 2379 3795 supira

238 3813 407 3901 prius
444 3815 949 3907 conjeceramus
968 3868 987 3901 ‚
1028 3837 1305 3907 quaeque
1348 3812 1461 3878 vix
1499 3811 1571 3877 in
1616 3811 1829 3904 spatio
1865 3808 2103 3904 viginti
2129 3806 2376 3903 pedum

240 3908 429 4003 (nam
468 3946 595 4015 pro
629 3946 981 3991 murorum
1016 3916 1451 3988 crassitudine
1490 3918 1814 4009 cujusque
1842 3913 2384 3987 contabulations

236 4044 377 4093 area
410 4027 593 4096 haud
621 4027 845 4124 plures
874 4015 1311 4113 continebat)
1338 4025 1595 4091 'moveri
1620 4036 1688 4090 et
1724 4023 2051 4091 contineri
2086 4035 2376 4115 possent.

236 4128 456 4218 Quum
501 4149 725 4207 tamen
768 4160 853 4206 ex
890 4159 1076 4207 mera
1123 4130 1507 4225 conjectura
1561 4127 1770 4201 moles
1822 4132 1978 4199 istas
2027 4126 2382 4225 angulares

1900 4246 2045 4335 22³
