3025 5025
623 487 770 584 372
1364 487 1508 554 DE
1562 486 1919 554 BELLo

614 636 693 690 ut
727 620 868 689 sine
895 618 1098 715 signis
1127 619 1457 712 certisque
1485 617 1829 686 ordinibus
1846 670 1865 706 ,
1896 618 2037 687 sine
2066 619 2323 687 ratione
2356 616 2765 711 prodierant,

614 729 710 797 sic
765 741 1016 796 temere
1066 726 1136 793 in
1191 749 1397 793 naves
1454 724 1762 819 refugere
1826 739 2191 819 coeperunt.
2246 724 2560 813 Quorum
2616 724 2769 819 fuga

611 834 866 905 incitati
917 831 1346 902 Alexandrini
1401 830 1625 925 plures
1656 830 1674 854 ¹
1730 856 1823 899 ex
1886 832 2173 899 navibus
2216 831 2728 925 egrediebantur
2748 886 2769 919 ,

611 955 1013 1034 nostrosque
1051 940 1269 1009 acrius
1312 938 1737 1033 perturbatos
1782 938 2321 1032 insequebantur.
2370 936 2618 1024 Simul,
2660 940 2775 1032 qui

610 1048 680 1116 in
723 1044 1045 1115 navibus²
1084 1044 1299 1139 longis
1329 1059 1826 1132 remanserant,
1864 1044 2074 1114 scalas
2116 1067 2351 1139 rapere
2372 1098 2392 1131 ,
2430 1048 2777 1139 'navesque

611 1178 652 1221 a
691 1169 872 1223 terra
895 1151 1220 1248 repellere
1260 1151 1717 1246 properabant
1734 1202 1755 1238 ,
1784 1176 1869 1219 ne
1895 1150 2122 1221 hostes
2160 1152 2441 1222 navibus
2478 1155 2772 1246 potiren-

609 1275 740 1328 tur.
789 1261 1050 1348 Quibus
1095 1258 1406 1327 omnibus
1445 1258 1646 1327 rebus
1738 1259 2063 1327 exturbati
2101 1257 2341 1327 milites
2390 1261 2609 1328 nostri
2650 1284 2771 1328 co—

608 1366 912 1435 hortium
930 1368 1134 1437 trium
1157 1420 1176 1454 ,
1205 1390 1354 1459 quae
1383 1368 1454 1433 in
1481 1378 1689 1459 ponte
1748 1390 1827 1433 ac
1856 1368 2075 1459 prima
2100 1363 2277 1433 mole
2306 1367 2769 1455 constiterant,

608 1498 819 1567 quum
856 1488 1012 1569 post
1045 1498 1114 1543 se
1155 1472 1517 1542 clamorem
1554 1471 1971 1560 exaudirent,
2004 1472 2234 1567 fugam
2272 1496 2549 1541 suorum
2588 1470 2771 1541 vide·

608 1596 761 1650 rent
776 1635 796 1669 ,
856 1604 1171 1674 magnam
1231 1580 1368 1646 vim
1421 1578 1709 1648 telorum
1762 1578 2021 1648 adversi
2076 1580 2486 1648 sustinerent
2507 1633 2527 1667 ,
2578 1580 2774 1648 veriti

607 1710 694 1755 ne
719 1688 806 1756 ab
830 1702 1021 1783 tergo
1055 1688 1736 1772 circumvenirentur,
1758 1700 1828 1754 et
1854 1684 2151 1755 discessu
2182 1687 2459 1755 navium
2494 1688 2771 1756 omnino

603 1794 824 1863 reditu
852 1792 1486 1881 intercluderentur,
1520 1794 1961 1881 munitionem
1990 1794 2061 1863 in
2090 1807 2368 1887 pontem
2398 1794 2769 1861 institutam

604 1900 1056 1995 reliquerunt,
1097 1914 1164 1969 et
1205 1923 1451 1993 magno
1495 1924 1700 1988 cursu
1742 1900 1997 1968 incitati
2031 1899 2117 1967 ad
2148 1923 2353 1969 naves
2397 1899 2771 1969 contende·

602 2021 785 2075 runt.
831 2008 1141 2095 Quorum·
1185 2030 1343 2100 pars
1363 2058 1384 2094 ,
1421 2008 1759 2100 proximas
1802 2021 1999 2075 nacta
2062 2024 2297 2093 naves,
2339 2004 2773 2075 multitudine

601 2114 955 2181 hominum
997 2127 1196 2206 atque
1235 2136 1450 2181 onere.
1480 2113 1793 2206 depressa
1832 2128 1971 2198 est3
2005 2137 2161 2207 pars
2202 2114 2510 2182 resistens
2540 2127 2613 2181 et
2647 2112 2770 2181 du-

603 2220 824 2289 bitans
848 2272 868 2307 ,
922 2219 1083 2313 quid
1135 2234 1309 2288 esset
1366 2218 1767 2314 capiendum
1812 2220 2067 2289 consilii
2092 2272 2111 2308 ,
2166 2218 2253 2287 ab
2299 2218 2769 2289 Alexandrinis

603 2326 957 2424 interfecta
991 2340 1092 2395 est
1135 2352 1150 2393 ε
1187 2325 1494 2395 nonnulli
1531 2324 1823 2395 feliciore
1868 2328 2049 2395 exitu
2068 2334 2100 2412 ‚'
2132 2320 2471 2421 expeditas
2511 2326 2601 2395 ad
2638 2350 2767 2395 an-

563 2517 570 2522 ,
603 2421 874 2503 coram⁴
917 2454 1122 2501 naves
1171 2435 1514 2501 consecuti
1544 2484 1563 2521 ,
1610 2432 1979 2501 incolumes
2040 2432 2525 2522 discesserunt3
2571 2435 2767 2528 pauci

601 2540 891 2611 adlevati
928 2541 1166 2628 scutis,
1201 2554 1269 2608 et
1309 2542 1537 2608 animo
1582 2539 1666 2608 ad
1704 2539 2086 2615 conandum
2130 2542 2299 2629 nixi,
2336 2540 2423 2609 ad
2460 2543 2767 2634 proxima

601 2649 868 2743 navigia
901 2647 1323 2715 adnatarunt.
1427 2711 1430 2719 .

711 2757 903 2823 XXI.
929 2755 1186 2840 Caesar,
1214 2752 1437 2847 quoad
1459 2755 1679 2847 potuit
1696 2807 1716 2842 ,
1741 2753 2159 2822 cohortando
2190 2779 2345 2823 suos
2374 2755 2463 2823 ad
2487 2769 2765 2848 pontem

604 2875 676 2929 et
701 2861 1108 2928 munitiones
1151 2859 1557 2928 contendere
1574 2914 1595 2948 ,
1620 2859 1854 2928 eodem
1884 2861 1953 2927 in
1980 2858 2281 2952 periculo
2308 2875 2619 2930 versatus
2648 2876 2763 2931 est.

605 2969 966 3060 Postquam
1008 2968 1358 3035 universos
1395 2965 1632 3035 cedere
1672 2966 2143 3034 animadvertit
2162 3019 2184 3054 ,
2220 2969 2291 3034 in
2328 2991 2529 3036 suum
2566 2970 2765 3036 navi·-

606 3074 794 3169 gium
831 3099 914 3142 se·
936 3075 1212 3167 recepit.
1251 3073 1408 3161 Quo
1437 3071 1795 3143 multitudo
1832 3073 2181 3141 hominum
2216 3075 2517 3143 insecuta
2552 3099 2767 3168 quum

603 3181 1036 3274 irrumperet,
1065 3203 1283 3272 neque
1307 3178 1811 3249 administrandi
1826 3178 1872 3267 ¹,
1888 3203 2103 3273 neque
2130 3178 2495 3274 repellendi
2522 3205 2567 3248 a
2588 3196 2769 3250 terra

607 3286 888 3356 facultas
929 3285 1238 3354 daretur:
1283 3285 1424 3354 fore
1445 3339 1466 3373 ,
1505 3287 1688 3380 quod
1730 3285 1972 3356 accidit
1992 3339 2011 3374 ,
2049 3286 2423 3381 suspicatus
2441 3340 2460 3375 ,
2496 3312 2649 3357 sese
2688 3311 2766 3356 ex

687 3507 819 3560 Cir.
846 3502 970 3558 XX.
998 3521 1049 3568 ι,
1068 3503 1259 3557 Plures.
1285 3503 1405 3556 Hoc
1433 3498 1646 3558 addunt
1734 3503 2030 3558 natandum
2058 3517 2207 3558 scuta
2238 3505 2545 3558 attollerent
2560 3543 2579 3571 ,
2608 3523 2768 3577 teque

496 3605 502 3615 ⁴
608 3607 638 3671 e
658 3584 818 3640 codd.
839 3585 1022 3648 Grut.‚
1043 3583 1248 3648 Davis.‚
1269 3581 1521 3636 Oudend.
1734 3585 1799 3638 iis
1814 3596 2066 3656 tegerent.
2081 3583 2185 3637 Sed
2200 3603 2392 3654 sequor
2402 3585 2646 3656 priorem
2662 3587 2767 3638 lec·

678 3687 729 3720 α.
763 3667 866 3733 Qui
889 3669 939 3716 in
962 3663 1177 3716 navibus.
1214 3661 1296 3716 Sc.
1339 3663 1642 3718 Caesariani.
1734 3664 1955 3717 tionem.
1989 3664 2065 3716 M.
2096 3665 2279 3716 Minus
2314 3677 2473 3716 recte.
2510 3665 2768 3718 Natantes

680 3754 729 3800 3.
740 3747 914 3797 Ponte.
927 3744 1012 3796 Sic
1025 3741 1145 3796 cod.
1154 3745 1427 3814 vet.Vulg.
1431 3757 1642 3815 pontem.
1733 3758 1879 3797 scuta
1892 3763 2047 3815 supra
2062 3757 2221 3816 caput
2232 3745 2462 3796 tenuisse
2472 3745 2673 3798 milites
2686 3763 2769 3796 ro-

678 3835 729 3890 4.
765 3825 858 3879 Ad
884 3841 1126 3882 ancer-am.
1161 3823 1248 3876 Sic
1279 3836 1334 3877 et
1361 3823 1608 3878 Gronov.
1629 3864 1645 3892 ,
1732 3843 1919 3876 manos
1934 3861 1951 3890 ,
1967 3824 2090 3876 satis
2108 3837 2299 3876 notum
2311 3835 2417 3888 est,
2436 3841 2547 3894 quo
2568 3843 2625 3877 se
2642 3843 2769 3878 eon-

581 3947 584 3952 .
615 3906 676 3972 5,
708 3925 758 3975 9.
787 3905 967 3976 Vulgo
982 3941 999 3970 ,
1043 3923 1264 3956 ancoras.
1292 3934 1376 3948 --
1409 3903 1644 3958 Adteoau·
1730 3917 1815 3956 tra
1846 3905 2075 3957 telorum
2105 3905 2245 3956 ictus
2270 3916 2637 3974 protegerent.
2663 3903 2769 3956 On.

608 3990 772 4039 sonatis.
793 3985 1086 4036 Portantm·
1101 4001 1130 4034 a
1151 3983 1312 4037 scutis
1337 4000 1438 4054 per
1463 4001 1611 4037 mare
1624 4019 1648 4050 ,-
1814 3984 1941 4037 Car.
1962 3985 2111 4036 XXI.
2138 4003 2188 4036 1.
2214 3983 2385 4055 Neque
2414 3983 2597 4038 adnata.
2618 3985 2655 4035 J
2659 3984 2767 4036 uri·

609 4083 770 4137 super
805 4065 966 4117 scutis
1020 4075 1224 4116 natant.
1262 4061 1502 4129 Quidam
1546 4083 1640 4117 co·-
1730 4064 1853 4116 nius
1885 4064 2138 4136 praemitti
2186 4076 2337 4136 optat
2376 4075 2429 4114 et
2459 4064 2547 4116 vel
2589 4076 2665 4116 ut.
2688 4093 2769 4106 --

611 4145 756 4200 dices
770 4184 787 4211 ‚
811 4145 1046 4200 adlevans
1074 4147 1222 4196 xum
1237 4167 1263 4204 ,·
1289 4144 1364 4197 ita
1402 4157 1463 4196 ut
1498 4145 1642 4199 inter
1732 4144 2143 4199 Adranam-andi.
2202 4143 2589 4204 Admim'smn,
2641 4143 2769 4198 alins
