3025 5025
68 423 71 456 ff

68 471 71 492 Ι

68 499 71 550 ἱ

68 641 71 656 ι

574 475 714 542 DE
769 473 1122 543 BELLO
1177 475 1569 579 CIVILI.
1615 480 1805 547 LIB.
1863 481 2011 550 III.

2255 484 2403 570 243

283 629 516 701 semper
553 605 929 700 defatigatis
972 605 1402 694 submittens,
1446 622 1514 678 et
1558 608 1823 704 reliquis
1864 614 2164 706 partibus
2210 619 2405 688 simul

279 737 348 780 ex
380 726 546 781 terra
581 712 776 783 scalis
825 727 893 782 et
929 713 1136 784 classe
1165 715 1411 782 moenia
1447 715 1679 809 oppidi
1716 731 2009 806 tentans,
2052 736 2129 789 ut
2168 723 2401 794 adver-

277 820 575 888 sariorum
607 843 846 888 manus
877 819 1258 907 diduceret,
1288 819 1514 890 labore
1551 836 1619 890 et
1654 822 2075 900 multitudine
2115 828 2403 900 telorum

274 939 512 996 nostros
541 926 734 996 vicit:
755 912 1200 1020 defectisque⁴
1228 926 1717 1017 defensoribus,
1738 932 1853 1024 qui
1879 956 2111 1002 omnes
2140 938 2401 1030 scaphis

273 1033 506 1126 excepti
558 1031 994 1127 refugerant,
1033 1056 1183 1102 eam
1239 1056 1480 1102 navem
1538 1039 1979 1129 expugnavit3
2036 1039 2403 1135 eodemque

274 1150 548 1232 tempore
570 1163 656 1206 ex
681 1136 890 1206 altera
917 1153 1108 1232 parte
1135 1137 1382 1208 molem
1405 1141 1619 1209 tenuit
1646 1141 2017 1212 naturalem
2040 1136 2404 1238 objectant,

271 1268 396 1336 quae
422 1269 608 1339 paene
637 1243 924 1314 insulam
953 1260 1188 1314 contra
1211 1245 1535 1339 oppidum
1560 1247 1876 1318 effecerat
1887 1275 2059 1344 ‚qua
2087 1252 2401 1338 biremes,

271 1349 558 1443 subjectis
589 1349 896 1440 scutuliS,
931 1349 1248 1446 impulsas
1285 1353 1585 1421 vectibus
1620 1355 1691 1422 in
1718 1357 2103 1424 interiorem
2140 1374 2399 1452 partem

269 1585 469 1638 corpora
519 1567 634 1621 duo
685 1569 912 1639 σταφῦλῃ
956 1568 1097 1634 iicet,
1131 1569 1274 1641 apud

268 1645 462 1700 Homer.
495 1647 559 1700 11.
597 1651 666 1712 8,
702 1647 834 1717 765.
867 1646 1099 1700 Polenus
1139 1668 1274 1720 quo-

267 1745 354 1798 que
391 1726 455 1780 ad
491 1728 679 1795 Front.
721 1725 791 1779 de
843 1725 1273 1798 aquaeductibus,

265 1803 474 1860 ostendit
493 1805 562 1860 ad
573 1807 768 1859 libram
783 1807 920 1860 facta
942 1807 1240 1878 significare
1252 1849 1268 1871 ,

263 1903 312 1937 ea
331 1905 437 1957 quau
460 1887 569 1939 sint
592 1885 832 1958 ejusdem
853 1885 1166 1941 altitudinis.
1192 1890 1272 1942 De

263 1967 474 2018 turribus
492 1967 713 2019 navium
735 1964 847 2018 vid.
867 1966 986 2020 Liv.
1009 1967 1103 2019 lib.
1126 1985 1272 2031 xxtv,

259 2065 297 2096 c.
317 2047 405 2111 343
421 2047 546 2099 Tac.
565 2047 708 2099 Ann.
721 2063 817 2110 xv;
835 2046 1063 2116 Appian.
1080 2046 1267 2101 Mithr.

261 2144 298 2176 c.
323 2127 414 2194 73;
436 2126 712 2197 Dion2lib.
737 2127 811 2191 L,
835 2143 856 2177 1
871 2129 903 2180 8
921 2143 937 2190 3
957 2138 1013 2179 et
1025 2138 1271 2179 nostrum

258 2204 522 2272 Caes'arem‚
554 2207 617 2261 B.
660 2205 730 2258 G.
761 2221 816 2276 p.
855 2212 984 2269 114.
1010 2237 1091 2248 —
1113 2205 1183 2258 Ut
1209 2227 1272 2256 ex

257 2290 467 2354 superiori
472 2305 723 2357 pugnans,
745 2296 834 2336 etc.
861 2283 950 2347 Ut,
971 2304 1074 2356 pro
1089 2297 1267 2355 utpote.

255 2365 411 2416 -Ex
425 2368 662 2436 squeriori
681 2365 800 2416 loco.
820 2363 865 2415 E
884 2365 1122 2417 turribus
1141 2365 1267 2418 suis.

255 2446 588 2515 -Pugnans.
635 2445 753 2511 An,
779 2443 1062 2515 pugnaret?
1092 2445 1270 2517 inquit

253 2522 435 2579 Morus.
467 2524 578 2579 Sed
607 2526 653 2579 si
675 2535 950 2595 pugnaret,
975 2522 1192 2578 deesset
1208 2528 1266 2579 τὸ

278 2608 334 2657 ui.

251 2623 278 2675 q
319 2690 366 2747 4.
393 2686 632 2753 Desectis.
673 2684 758 2735 Ita
787 2680 945 2737 codd.
987 2684 1188 2750 nostri,
1212 2698 1267 2737 et

249 2762 324 2814 alii
350 2783 552 2817 omnes.
585 2764 817 2835 Vulgata
853 2763 1066 2833 dejectis.
1097 2766 1168 2816 At
1205 2766 1262 2817 τὸ

245 2842 420 2909 defectis
454 2862 706 2915 magnam
736 2844 850 2895 vim
878 2844 1070 2908 habet3
1101 2844 1263 2916 signi-

246 2922 352 2976 ficat
379 2926 521 2977 enim
556 2922 879 2993 deficientibus
917 2926 1078 2973 animo
1105 2936 1156 2973 et
1180 2928 1262 2974 vi-

245 3004 374 3058 ribus.
416 3006 498 3058 Ita
549 3003 731 3055 multis
772 3001 1024 3072 exemplis
1068 3004 1264 3074 probat

245 3082 402 3137 Davis.
432 3104 572 3156 saepe
613 3081 1003 3136 restituendum
1049 3102 1160 3135 esse
1200 3085 1258 3135 τὸ

244 3162 454 3229 dejectus,
490 3184 596 3237 pro
647 3162 854 3233 dejectus
869 3201 884 3225 ,
921 3162 1154 3229 defissus,
1185 3164 1259 3230 ef-

235 3243 390 3309 soetus,
410 3263 528 3317 quae
547 3241 768 3315 quidam
786 3240 941 3295 editt.
957 3242 1256 3313 praetulere.

245 3320 356 3376 vid.
382 3322 650 3394 imprimis
670 3320 852 3374 Phaed.
885 3321 978 3374 lib.
1002 3340 1052 3382 1,
1084 3322 1121 3373 f.
1154 3341 1181 3373 2
1197 3340 1255 3387 13

243 3402 410 3472 Veget.
437 3404 534 3456 lib.
561 3422 612 3464 1,
647 3420 696 3455 c.
731 3404 837 3464 283
867 3401 1072 3454 Tibull.
1092 3401 1190 3454 lib.
1213 3420 1255 3467 1,

241 3480 314 3531 El.
333 3482 414 3548 V,
440 3503 493 3537 v.
527 3503 562 3551 9
584 3500 600 3548 3
629 3481 909 3545 Gratiam,
943 3482 1146 3552 Cyneg.
1173 3500 1256 3547 v.,

243 3560 368 3627 435,
397 3576 498 3617 etc.
517 3594 602 3605 --
620 3562 754 3613 Eam
785 3579 964 3613 navem.
991 3562 1074 3613 Ita
1094 3560 1255 3615 Faer-

240 3657 328 3693 nus
356 3656 407 3695 et
435 3640 670 3697 Ursinus
697 3660 762 3694 ex
788 3641 896 3695 suis
923 3639 1112 3705 codd.‚
1138 3641 1258 3713 qui-

238 3718 444 3779 buscum
509 3722 776 3775 consentit
836 3734 1017 3775 noster
1078 3720 1190 3791 576
1197 3727 1250 3784 4.

238 3800 332 3853 Alii
347 3807 599 3857 etiam.·-·
612 3802 809 3854 Molem.
832 3800 1254 3854 Prominentiam

239 3878 288 3930 in
325 3882 606 3955 superficie
645 3900 920 3952 aquarum.
947 3881 1252 3935 —Natura-

240 3957 342 4021 lem,
367 3982 486 4034 quas
505 3972 699 4014 natura
713 3999 730 4028 ,
749 3980 860 4015 non
884 3973 994 4013 arte
1018 3961 1254 4014 humana

237 4039 347 4091 urbi
361 4044 570 4114 objecta
584 4037 721 4094 erat]
733 4042 804 4093 Et
822 4061 883 4093 na
889 4041 1087 4093 tut-alem
1101 4038 1253 4106 dicit,

239 4116 298 4170 ad
313 4118 694 4193 descriptiones
709 4121 834 4186 loci,
850 4122 908 4173 in
926 4121 1121 4193 quibus
1138 4139 1251 4173 non

237 4198 356 4254 alius
384 4202 594 4256 Caesare
636 4213 717 4257 est
753 4202 1072 4269 accuratior,
1095 4213 1150 4256 et
1183 4220 1254 4257 ne

1369 1569 1492 1640 quis
1532 1571 1671 1624 hanc
1713 1590 1928 1643 quoque
1974 1575 2171 1628 molem
2208 1579 2401 1647 jactam

1371 1650 1438 1700 ab
1504 1650 1677 1702 Acilio
1722 1664 1968 1722 putaret,
2006 1655 2130 1725 qui,
2174 1669 2233 1709 ut
2281 1672 2403 1711 ante

1368 1741 1645 1781 narratum
1676 1744 1753 1783 est
1770 1771 1785 1797 ‚
1809 1729 2048 1786 demersa
2078 1753 2242 1801 nave,
2272 1756 2400 1807 por-

1367 1821 1486 1860 tum
1532 1811 1885 1867 obstruxerat.
1912 1835 1995 1848 -·-
2024 1815 2141 1884 Qua
2186 1817 2398 1869 biremes.

1367 1887 1521 1940 Hanc
1564 1889 1849 1942 lectionem
1886 1895 2132 1946 revocavi
2172 1914 2239 1950 ex
2278 1897 2396 1950 cod.

1366 1980 1551 2020 nostro
1602 1971 1666 2022 R.
1715 1970 1901 2039 5763,
1934 1991 1964 2023 a
1990 1991 2073 2043 pr.
2124 1993 2315 2040 manu,
2348 1990 2401 2029 et

1367 2065 1430 2098 ex
1473 2049 1769 2114 Vossiano;
1810 2050 1905 2120 qui
1948 2053 2152 2104 nullam
2198 2055 2403 2112 faciunt

1365 2127 1703 2200 mentionem¹
1725 2127 1795 2181 de
1820 2147 2047 2183 numero
2076 2133 2362 2187 biremium
2382 2174 2397 2200 ,

1365 2225 1466 2260 nec
1493 2225 1706 2262 necesse
1732 2220 1825 2262 est.
1858 2210 1929 2262 At
1958 2211 2049 2282 alii
2086 2212 2400 2284 simpliciter

1357 2298 1412 2339 et
1443 2287 1642 2358 absque
1678 2288 1871 2360 copula
1902 2307 1961 2341 xv
1984 2291 2205 2356 biremes,
2252 2294 2395 2346 unde

1356 2364 1537 2417 hiulca
1576 2365 1639 2417 fit
1677 2367 1866 2419 orati0.
1890 2399 1967 2412 --
2008 2369 2149 2439 Qua,
2191 2369 2249 2422 id
2281 2386 2393 2439 est,

1355 2463 1462 2516 qua
1506 2458 1659 2515 parte
1675 2485 1690 2513 ,
1721 2447 1833 2498 scil.
1877 2448 2036 2500 mole.
2057 2481 2139 2491 --
2155 2450 2393 2521 Subsectis

1353 2525 1569 2578 scutulis.
1616 2526 1846 2579 Scutuloe
1884 2540 2011 2579 sunt
2054 2529 2286 2600 cylindri
2324 2534 2392 2585 li-

1352 2605 1474 2675 gnei
1490 2605 1776 2675 perforati,
1800 2624 2030 2676 quorum
2052 2608 2108 2659 in
2128 2609 2390 2665 foramina

1351 2682 1687 2737 inducuntur
1736 2697 1911 2738 vectes
1930 2724 1947 2750 ,
1995 2685 2061 2739 ad
2126 2690 2390 2743 movenda

1350 2762 1636 2834 grandiora
1674 2782 1861 2827 onera,
1890 2765 2091 2819 Graecis
2134 2770 2387 2827 σκυτάληε

1351 2844 1457 2895 alio
1487 2844 1738 2911 nomine,
1769 2856 1831 2897 ut
1874 2863 2064 2917 supra,
2093 2846 2188 2900 lib.
2218 2867 2266 2901 11
2286 2889 2303 2915 ‚
2334 2870 2382 2903 c.

1357 2940 1426 2975 10
1444 2959 1457 2981 ,
1499 2924 1770 2994 phalangae
1814 2922 2087 2980 dicuntur.
2132 2925 2241 2981 Has
2285 2951 2382 2999 χοι-

1349 3004 1585 3072 μουλκοὺς
1624 3014 1780 3055 vocat
1818 3003 2041 3072 Pollux,
2070 3005 2167 3061 lib.
2194 3026 2305 3076 vn,
2333 3030 2381 3064 c.

1353 3083 1460 3148 233
1493 3095 1548 3135 et
1594 3082 1881 3150 Ammian.,
1904 3084 1941 3136 l.
1976 3104 2125 3150 xvn,
2156 3106 2213 3159 p.
2252 3106 2376 3143 100.

1345 3161 1453 3215 Alii
1505 3174 1699 3233 putant
1760 3162 1905 3216 coria
1960 3165 2079 3217 oleo
2122 3167 2343 3222 inuncta
2359 3210 2376 3236 ,

1345 3260 1506 3313 super
1532 3243 1727 3313 quihus
1750 3242 1959 3297 lubrico
1989 3245 2143 3318 lapsu
2164 3266 2381 3318 promo-

1344 3332 1411 3373 tae
1453 3340 1615 3373 naves
1658 3336 1809 3388 sunt;
1844 3334 1903 3374 ut
1947 3320 2015 3375 de
2061 3325 2195 3377 rotis
2236 3326 2375 3381 dixit

1344 3401 1528 3472 Virg.,
1558 3404 1681 3455 AEn.
1703 3420 1781 3472 Π,
1813 3421 1863 3455 v.
1895 3402 2041 3456 235:

1711 3514 1881 3528 .......
1918 3488 2169 3542 pedibusque
2198 3502 2375 3533 rotarum

1339 3558 1565 3611 subjiciunt
1585 3558 1716 3613 lap-us
1725 3586 1868 3601 ......
1885 3587 1899 3598 .

1339 3642 1422 3695 Ita
1434 3642 1690 3695 Scheffer.
1702 3642 1765 3696 ex
1776 3642 1935 3694 Dion.
1948 3643 1985 3695 l.
1997 3644 2059 3696 L.
2084 3662 2107 3697 1
2122 3664 2149 3697 α
2159 3684 2172 3698 .
2188 3646 2370 3699 Incer-

1340 3734 1458 3775 tum
1495 3734 1676 3775 tamen
1716 3734 1825 3787 est;
1854 3740 2023 3793 quum
2064 3722 2373 3794 hujusmodi

1339 3796 1757 3856 machinationes
1788 3820 1859 3854 ne
1896 3800 2112 3855 definiri
2152 3804 2371 3875 quidem

1338 3881 1547 3952 possint
1563 3918 1580 3947 ‚
1612 3882 1716 3933 nisi
1738 3882 1901 3935 etiam
1929 3896 2137 3936 constet
2171 3882 2239 3937 de
2264 3888 2371 3939 situ

1336 3961 1581 4014 locorum
1598 4000 1614 4029 ,
1652 3961 1744 4034 qui
1776 3978 1864 4013 eas
1900 3964 2215 4018 necessarias
2251 3966 2373 4019 red-

1339 4039 1445 4106 dit,
1468 4041 1669 4112 q'uique
1691 4038 1895 4094 indicat
1914 4043 2081 4095 oculis
2102 4046 2371 4115 operario-

1337 4140 1489 4187 rum,
1525 4139 1643 4192 quoe
1688 4120 2145 4177 machinationum
2192 4127 2331 4179 ratio
2351 4166 2369 4191 ‚

1341 4212 1434 4255 aut
1478 4220 1645 4272 genus
1673 4200 1864 4257 debeat
1886 4201 2147 4258 adhiberi.

1868 4283 1999 4355 16²
