3025 5025
566 487 710 561 168
864 492 941 560 C.
979 489 1282 558 ,JULII
1337 488 1807 558 CAESARIS
1862 485 2417 558 COMMENT.

556 623 809 692 factum
832 675 851 710 ‚
895 623 1110 725 inquit
1127 674 1148 709 ‚
1191 621 1413 690 omnia
1461 619 1777 715 deinceps
1826 619 2191 739 municipia
2236 633 2391 688 sunt
2434 633 2666 688 secuta
2688 663 2715 704 φ

557 754 774 822 neque
819 729 960 798 sine
1003 752 1202 797 causa
1243 742 1312 796 et
1353 729 1578 796 Caesar
1614 727 2007 796 amicissime
2054 727 2138 794 de
2173 726 2410 813 vobis,
2452 739 2519 793 et
2562 722 2709 794 illi²

557 836 942 930 gravissime
989 835 1473 928 judicaverunt.
1533 834 1887 964 Pompeius
1948 834 2174 920 enim,
2230 831 2415 902 nullo
2476 831 2715 925 praelio

557 941 824 1036 pulsuS,
869 942 1073 1010 vestri
1115 940 1276 1010 facti
1324 925 1750 1034 praejudicio³
1789 939 2097 1008 demotus
2137 937 2331 1008 Italia
2375 941 2715 1009 excessit·

560 1051 786 1118 Caesar
821 1071 966 1134 me,
1009 1072 1208 1141 quem
1254 1045 1376 1117 sibi
1413 1047 1828 1116 carissimum
1860 1045 2124 1133 habuit,
2162 1047 2716 1140 provinciamque

563 1155 853 1225 Siciliam
881 1169 1080 1248 atque
1107 1153 1433 1240 Africam,
1467 1154 1609 1224 sine
1644 1138 1923 1247 quibus⁴
1950 1153 2185 1222 urbem
2224 1166 2421 1246 atque
2447 1151 2717 1222 Italiam

561 1263 736 1330 tueri
771 1287 908 1330 non
947 1274 1205 1355 potest,
1240 1275 1480 1330 vestrae
1522 1258 1678 1328 fidei
1708 1260 2061 1328 commisit.
2096 1259 2361 1339 Adsunt
2380 1261 2547 1352 ,qui
2592 1281 2719 1326 vos

561 1367 960 1455 hortentur,
983 1382 1060 1436 ut
1085 1391 1126 1436 a
1163 1366 1358 1436 nobis
1401 1366 1807 1436 desciscatis.
1854 1355 2039 1453 Quid
2082 1368 2261 1436 enim
2290 1380 2392 1436 est
2422 1364 2549 1434 illis
2580 1390 2717 1464 op-

563 1476 804 1562 tatius,
853 1498 1056 1568 quam
1111 1499 1252 1544 uno
1294 1488 1597 1567 tempore
1646 1487 1713 1542 et
1754 1496 1877 1543 nos
1918 1473 2435 1559 circumvenire,
2478 1487 2547 1540 et
2563 1497 2719 1602 5vos

563 1580 821 1651 nefario
871 1579 1118 1650 scelere
1169 1580 1627 1675 obstringeie.
1610 1576 1640 1631 ἶ)
1682 1580 1821 1648 Aut
1871 1578 2031 1674 quid
2078 1581 2230 1648 irati
2268 1580 2535 1674 gravius
2563 1563 2721 1650 ⁵de

563 1688 758 1756 vobis
787 1689 1035 1756 sentire
1064 1701 1376 1781 possunt,
1403 1709 1640 1781 quam
1645 1699 1722 1754 ut
1756 1711 1871 1756 eos
1906 1685 2239 1780 prodatis,
2268 1686 2380 1780 qui
2416 1710 2486 1754 se
2520 1685 2723 1754 vobis

565 1795 792 1863 omnia
835 1793 1080 1862 debere
1119 1792 1454 1888 judicant3
1490 1808 1558 1862 et
1588 1793 1659 1862 in
1694 1817 1927 1862 eorum
1969 1806 2365 1912 potest-atem
2400 1793 2725 1880 veniatiS‚

567 1901 683 1994 qui
713 1925 782 1970 se
814 1925 936 1995 per
956 1923 1078 1970 vos
1107 1901 1378 1994 periisse
1406 1898 1827 1969 existimant?
1851 1901 1957 1968 An
1982 1925 2145 1971 vero
2170 1900 2239 1968 in
2266 1899 2587 1995 Hispania
2614 1923 2725 1968 res

571 2021 788 2102 gestas
817 2008 1098 2076 Caesaris
1135 2032 1273 2076 non
1310 2004 1627 2077 audistis?
1660 2005 1829 2076 duos
1872 2005 2098 2100 pulsos
2142 1995 2514 2077 exercitus?
2550 2004 2725 2076 duos

571 2127 918 2207 superatos
967 2098 1210 2183 duces⁶
1229 2111 1259 2182 Ξ)
1313 2113 1478 2185 duas
1542 2127 1842 2231 receptas
1892 2110 2330 2207 provincias?
2376 2113 2518 2182 haec
2572 2127 2725 2182 acta

571 2217 802 2290 diebus
853 2218 1335 2315 quadraginta,
1374 2220 1678 2314 quibus
1660 2245 1731 2287 ιιι
1784 2218 2253 2315 conspectum⁷
2300 2219 2724 2293 adversario-
2826 2263 2832 2269 ·

569 2351 720 2396 rum
775 2329 1036 2400 venerit
1095 2325 1376 2396 Caesar?
1429 2328 1529 2394 An
1556 2379 1575 2414 ,
1622 2327 1738 2420 qui
1802 2327 2191 2400 incolumes,
2227 2327 2533 2396 resistere
2582 2351 2721 2396 non

570 2447 970 2527 potuerunt,
1013 2433 1256 2528 perditi
1295 2431 1657 2511 resistant?
1696 2458 1818 2502 vos
1862 2447 2121 2519 autem,
2151 2432 2402 2501 incerta
2439 2434 2723 2502 victoria

575 2541 908 2611 Caesarem
946 2542 1184 2626 secuti,
1227 2539 1584 2633 dijudicata
1620 2540 1760 2632 jam
1806 2540 1965 2611 belli
2007 2540 2279 2610 fortuna
2317 2542 2573 2609 victum
2616 2565 2722 2609 se-

662 2762 712 2794 2.
738 2742 839 2795 Illi.
861 2739 984 2794 Scil.
1013 2740 1343 2811 Pompeiani.
1361 2771 1445 2799 -.-
1465 2738 1603 2795 Gra·
1692 2754 1816 2813 post
1846 2740 2261 2799 Corfiniensium
2294 2738 2629 2794 deditionem
2659 2742 2724 2793 ti·

579 2825 777 2875 pissime.
809 2820 1023 2891 Vulgo,
1058 2820 1320 2882 hostiliter,
1351 2824 1555 2890 pessime
1584 2842 1605 2884 ;
1694 2836 1841 2873 mere
1870 2821 1973 2873 sihi
2004 2832 2058 2875 et
2084 2822 2319 2893 effugere
2348 2821 2601 2892 coeperit,
2614 2818 2722 2875 vid.

576 2919 740 2973 quam
763 2899 1261 2972 interpretationem
1285 2899 1459 2972 rejicit
1485 2902 1606 2953 Mo·
1682 2919 1857 2972 supra
1875 2936 1893 2964 ,
1922 2900 2019 2954 lib.
2039 2902 2067 2958 Ι
2084 2938 2101 2966 ,
2123 2920 2169 2953 c.
2206 2907 2278 2963 ²4
2297 2938 2315 2965 ,
2344 2920 2437 2969 ²7·
2466 2901 2619 2954 Mon.
2646 2930 2726 2944 --

575 2998 698 3047 rus,
725 2979 992 3051 explicans
1029 2980 1605 3037 honorificentissime.
1592 3000 1607 3013 ·
1694 2982 1947 3056 Demotus.
1964 2982 2045 3034 De
2055 2981 2177 3039 loco
2189 2993 2383 3033 motus.
2398 2980 2521 3033 Ter.
2534 2979 2721 3051 Adelp.

491 3112 494 3117 .
577 3078 773 3135 nempe
827 3076 922 3111 vos
971 3078 1082 3113 non
1137 3062 1289 3131 parvi
1337 3059 1609 3114 faciendos
1699 3072 1799 3114 act.
1833 3078 1911 3127 ιι,
1936 3078 2008 3114 sc.
2042 3079 2093 3114 ι.
2132 3060 2263 3115 Cave
2286 3078 2410 3112 nunc
2425 3063 2535 3131 jam
2566 3061 2726 3113 oculas

579 3138 1031 3193 existimaverunt.
1049 3139 1207 3193 Prior
1238 3140 1609 3217 interpretatio
1696 3160 1731 3192 a
1760 3144 1874 3193 meis
1900 3142 2049 3193 oeulis
2070 3151 2308 3213 quoquam
2332 3140 2579 3193 demoveas
2604 3154 2724 3192 tuos.

579 3219 716 3273 mihi
730 3216 944 3271 videtur
970 3219 1134 3291 magis
1159 3218 1226 3273 ad
1255 3240 1371 3275 rem
1401 3238 1610 3275 accom·
1780 3226 1835 3284 4.
1872 3220 2093 3273 Siciliam
2138 3232 2281 3292 atque
2319 3220 2551 3286 Africam
2571 3260 2587 3284 ,
2628 3224 2727 3273 sine

581 3297 826 3360 mndata,
853 3300 1148 3369 praesertim
1165 3320 1230 3353 ex
1247 3302 1609 3373 sequentibus.
1699 3300 1895 3372 quibus,
1940 3312 2030 3353 etc.
2077 3300 2165 3354 Ob
2198 3300 2525 3354 fertilitatem
2558 3319 2574 3352 ε
2604 3318 2728 3353 nam

665 3380 718 3433 3.
731 3378 880 3433 Facti
889 3379 1194 3450 praejudicio.
1209 3378 1275 3433 Id
1293 3392 1372 3433 est
1390 3380 1608 3445 factum,
1696 3378 1809 3433 istoe
1824 3380 2112 3451 provincio
2126 3381 2297 3433 horrea
2312 3380 2503 3452 populi
2519 3381 2728 3433 romani

565 3457 818 3531 ,quod'est
830 3457 1218 3529 praejudicium.
1231 3458 1611 3530 Praejudicium
1697 3456 2030 3513 dicebantur.

581 3556 712 3591 vero
743 3549 850 3603 est,
881 3537 1150 3611 quidquid
1175 3558 1291 3593 rem
1313 3536 1580 3593 antecedit
1596 3576 1613 3603 ‚
1754 3562 1765 3571 ·
1785 3538 1837 3593 5.
1876 3539 2091 3594 Gravius
2114 3542 2309 3613 sentire.
2341 3540 2550 3593 Vestra
2578 3540 2728 3593 famoe

581 3621 656 3673 ita
687 3629 749 3673 ut
777 3636 842 3671 ex
867 3618 972 3673 hoc
1003 3631 1056 3672 et
1079 3631 1300 3691 propter
1330 3618 1435 3672 hoc.
1459 3617 1605 3689 judi·
1700 3618 2028 3690 injuriosius.

583 3710 736 3753 cetur
753 3736 770 3765 ‚
797 3696 930 3770 quid
960 3711 1146 3771 postea
1175 3700 1234 3751 in
1262 3698 1363 3753 hac
1379 3736 1395 3763 ,
1427 3699 1615 3765 simili·
1784 3700 1993 3752 &Duos
2007 3709 2254 3770 superatos
2268 3697 2428 3751 duces.
2446 3699 2727 3751 Afranium

581 3778 789 3849 busque
799 3779 960 3832 rebus
973 3777 1237 3850 agendum
1247 3778 1316 3831 sit
1323 3815 1340 3844 ,
1353 3790 1446 3831 aut
1461 3796 1619 3831 even·
1702 3790 1757 3833 et
1768 3778 2059 3833 Petreium.
2067 3810 2151 3823 —-·
2161 3780 2600 3849 Dua-sprevimus,
2616 3778 2731 3831 His·

586 3871 771 3913 turum
800 3858 1063 3911 videatur.
1089 3858 1260 3929 Ergo,
1279 3877 1449 3931 quum
1478 3859 1616 3913 Cor·
1701 3859 1918 3932 paniam
1958 3859 2262 3913 citeriorem
2307 3871 2361 3911 et
2402 3858 2726 3911 ulteriorem.

585 3939 834 3992 finienses
851 3937 1188 4004 defecissent,
1207 3950 1418 4011 poterat
1434 3958 1499 3993 ex
1512 3939 1619 3995 hoc
1787 3960 1840 4010 7.
1856 3940 1917 3993 In
1931 3950 2244 4011 conspectum.
2269 3937 2377 3991 Alii
2394 3942 2445 3989 in
2461 3932 2725 4009 συνωμοσία.

558 4032 644 4083 ,ει
685 4030 907 4089 propter
946 4018 1050 4071 hoc
1094 4016 1358 4089 judicari,
1399 4032 1619 4075 caeteros
1704 4018 1943 4073 Similem
1973 4020 2283 4073 varietatem
2321 4018 2595 4071 multoties
2620 4020 2727 4090 jam

556 4134 574 4164 ς
587 4116 805 4170 quoque
835 4095 1062 4151 deficere
1078 4115 1263 4169 posse,
1275 4111 1433 4171 atque
1457 4100 1618 4152 etiam
1705 4097 1941 4153 vidimus
1959 4138 1978 4167 ‚.
2003 4099 2301 4171 prasertim
2332 4099 2394 4151 Β.
2428 4098 2497 4151 G.
2527 4098 2567 4150 l.
2600 4115 2731 4161 vm,

510 4187 514 4191 '
591 4176 1621 4250 defecturosesse,QuomodoPompeius
1708 4197 1756 4232 c.
1788 4181 1820 4235 8
1838 4216 1855 4245 ‚
1886 4191 1941 4233 et
1968 4179 2031 4233 Β.
2063 4178 2129 4233 C.
2158 4178 2254 4234 lib.
2280 4196 2361 4245 ιι,
2391 4197 2439 4233 c.
2476 4196 2571 4247 ²7·
