3025 5025
597 479 747 552 238
895 481 972 547 C.
1027 475 1314 545 JULII
1369 475 1836 544 CAESARIS
1892 477 2444 545 COMMENT.

595 615 788 682 nibus
823 612 1080 697 adesse,
1123 632 1340 703 neque
1385 632 1454 678 se
1495 606 1872 702 praesidium
1891 661 1910 696 ,
1946 608 2063 676 ubi
2099 610 2501 678 constitutus
2546 621 2743 691 esset,

595 723 736 790 sine
761 716 1007 786 auxilio
1037 715 1364 809 Scipionis
1391 728 1621 783 tenere
1643 737 1855 808 posse.
1882 715 2151 804 Quibus
2187 714 2389 784 literis
2432 717 2747 808 acceptiS‚

593 825 942 895 consilium
971 823 1193 917 Scipio
1221 822 1477 915 iterque
1501 834 1901 905 commutat3
1918 823 2225 890 Cassium
2250 823 2437 915 sequi
2464 820 2748 903 desistit,

596 933 891 1001 Favonio
927 928 1246 998 auxilium
1291 927 1466 996 ferre
1509 925 1872 996 contendit.
1935 930 2171 1021 Itaque
2196 982 2215 1015 ‚
2258 927 2367 997 die
2416 951 2497 996 ac
2551 942 2750 996 nocte

595 1040 984 1108 continuato
1021 1037 1295 1120 itinere,
1319 1033 1405 1101 ad
1429 1057 1585 1102 eum
1616 1035 1962 1127 pervenit,
1989 1047 2128 1102 tam
2156 1048 2545 1129 opportuno
2583 1049 2747 1103 tem-

594 1167 794 1241 pore,
835 1158 913 1212 ut
958 1140 1151 1211 simul
1194 1141 1564 1209 Domitiani
1598 1142 1925 1209 exercitus
1968 1139 2187 1270 pulvis
2229 1156 2651 1228 cerneretur,
2688 1155 2753 1209 et

594 1253 796 1347 primi
825 1263 1288 1318 antecursores
1311 1246 1637 1342 Scipionis
1664 1233 2088 1315 viderentur-⁵
2095 1251 2239 1316 ‚Ita
2261 1250 2495 1317 Cassio
2524 1247 2750 1316 indus-

597 1360 726 1427 tria
766 1339 1115 1443 Domitii⁶‚
1153 1355 1450 1421 Favonio
1488 1353 1815 1446 Scipionis
1856 1352 2159 1423 celeritas
2194 1353 2471 1423 salutem
2509 1352 2751 1423 attulit.

703 1462 1064 1533 XXXVII.
1125 1461 1377 1555 Scipio,
1411 1459 1691 1528 biduum
1726 1462 1960 1529 castris
1994 1460 2285 1529 stativis¹
2322 1474 2629 1530 moratus
2672 1460 2754 1528 ad

598 1572 879 1658 flumen,
905 1567 1086 1664 quod
1117 1569 1290 1636 inter
1320 1591 1472 1634 eum
1497 1580 1567 1634 et
1594 1566 1875 1634 Domitii
1902 1589 2143 1660 agmen
2174 1567 2453 1651 fluebat,
2486 1565 2753 1636 Haliac-

598 1701 879 1748 monem.
915 1677 1113 1744 tertio
1149 1673 1256 1742 die
1290 1674 1508 1768 prima
1552 1671 1701 1741 luce
1736 1673 2103 1742 exercitum
2137 1674 2311 1743 vado
2352 1674 2757 1762 transducit,

599 1799 669 1852 et
714 1784 946 1853 castris
977 1782 1208 1876 positis
1227 1834 1246 1867 ‚
1287 1792 1559 1874 postero
1598 1778 1703 1846 die
1746 1803 1943 1846 mane
1988 1782 2213 1875 copias
2264 1795 2417 1850 ante
2460 1780 2756 1850 frontem

597 1905 974 1962 castrorum
1011 1888 1223 1957 struit.
1272 1887 1611 1954 Domitius
1654 1900 1799 1955 tum
1840 1909 2107 1980 quoque
2143 1887 2267 1956 sibi
2310 1887 2757 1956 dubitandum

599 2021 739 2065 non
765 1996 1057 2090 putavit,
1084 1995 1278 2087 quin,
1305 1991 1651 2086 productis
1681 1991 2084 2086 legionibuS‚
2110 1992 2337 2088 praelio
2360 1993 2756 2063 decertaret.
2800 2053 2805 2060 .

603 2102 764 2192 Sed,
786 2126 998 2196 quum
1027 2114 1198 2168 esset
1229 2101 1404 2168 inter
1428 2096 1588 2167 bina
1614 2113 1831 2167 castra
1862 2123 2139 2194 campus
2176 2101 2438 2170 circiter
2475 2100 2757 2169 millium

601 2232 922 2304 passuum
979 2223 1092 2276 sex
1112 2259 1132 2294 ‚
1190 2206 1529 2275 Domitius
1591 2206 1825 2274 castris
1879 2207 2203 2301 Scipionis
2228 2206 2249 2231 ²
2294 2209 2505 2276 aciem
2568 2233 2760 2276 suam

603 2316 889 2410 subjecit
919 2340 934 2382 :
969 2312 1078 2383 ille
1103 2337 1144 2380 a
1173 2311 1351 2380 vallo
1385 2337 1525 2380 non
1554 2311 1896 2381 discedere
1929 2315 2379 2407 perseveravit
2408 2341 2423 2382 :
2461 2328 2760 2383 attamen

689 2520 741 2573 5.
775 2518 1099 2573 Cer-nentur..
1107 2556 1141 2570 ..
1175 2514 1472 2568 viderentur.
1506 2514 1635 2567 Per-

604 2618 788 2673 peram
799 2598 1050 2651 nonnulli
1059 2598 1175 2649 haec
1184 2612 1482 2668 synonyma
1491 2592 1638 2646 dam-

607 2692 764 2746 nant;
791 2697 904 2731 non
945 2678 1119 2730 solum
1151 2675 1295 2759 enim
1337 2674 1549 2746 poetiS,
1576 2686 1638 2726 ut

605 2760 858 2824 Lucano,
884 2759 921 2811 l.
953 2776 989 2811 v
1005 2797 1022 2825 ‚
1049 2763 1205 2827 274:

983 2843 1068 2883 .aJ
1071 2858 1109 2881 m

609 2919 658 2956 In
661 2915 806 2958 ulid-⁸
787 2929 883 2969 sque
862 2927 990 2954 eman
994 2929 1062 2961 u,s
1047 2843 1368 2952 ⁸etlinapiiencnl

607 2996 912 3051 Familiaria
934 3006 1089 3061 sunt,
1107 2992 1200 3046 sed
1231 3006 1284 3046 et
1315 2994 1486 3046 soluta
1517 3010 1636 3044 ora-

609 3078 757 3130 tione
799 3033 1168 3129 scribentibus,
1217 3072 1324 3126 Adi
1376 3074 1527 3126 Cort.
1568 3070 1638 3124 ad

608 3156 818 3210 Sallust.
837 3155 970 3207 Bell.
1003 3154 1142 3219 Cat.,
1169 3171 1286 3225 cap.
1326 3172 1416 3207 ια.

692 3241 746 3291 6.
772 3237 857 3289 Ita
881 3234 1054 3287 Cassio
1085 3234 1323 3286 industria
1350 3234 1634 3285 Domitia...

606 3315 887 3388 Egregiam
908 3313 1140 3369 duorum
1161 3312 1362 3367 ducum
1386 3312 1636 3384 peritiam

608 3398 803 3453 merito
849 3394 1032 3448 laudat
1076 3395 1267 3447 Caesar.
1318 3390 1636 3445 Doctissima

607 3479 753 3531 enim
777 3489 858 3529 est
880 3476 980 3529 ista
1009 3473 1278 3547 expeditio
1291 3513 1306 3542 ,
1325 3484 1380 3525 et
1407 3470 1637 3525 ducibus

607 3557 806 3611 nostris
838 3555 906 3608 ad
935 3555 1238 3627 exemplum
1261 3550 1633 3626 proponenda.

607 3636 739 3691 Vid.
773 3636 960 3707 Tur-pin
988 3636 1052 3688 de
1074 3636 1258 3698 Crisse‘,
1289 3646 1329 3687 t.
1362 3635 1424 3701 3,
1442 3652 1498 3705 p.
1530 3631 1633 3687 65:

607 3719 741 3770 l'une
765 3728 817 3768 et
851 3718 1028 3769 l'autre
1049 3712 1070 3780 (
1093 3717 1144 3768 la
1171 3714 1413 3786 prudence
1434 3726 1484 3766 et
1503 3712 1636 3764 l'lm-

607 3794 786 3862 bilete')
807 3816 858 3849 se
879 3809 1099 3850 trouvent
1114 3796 1238 3848 dans
1261 3795 1313 3846 la
1328 3795 1517 3846 marche
1526 3794 1637 3865 pne-

604 3880 774 3949 cipe‘te'e
792 3878 854 3929 de
871 3880 1117 3930 Domitius
1124 3894 1254 3948 pour·
1265 3876 1392 3927 aller
1411 3886 1639 3946 atraque!-

603 3958 850 4011 Favonius
865 3997 880 4025 ,
919 3970 969 4009 et
981 3960 1151 4025 for-cer·
1175 3957 1371 4027 Scipion
1410 3958 1443 4008 ὰ
1479 3956 1634 4008 aban·

603 4038 786 4090 donner
812 4037 1024 4091 Cassius.
1051 4038 1196 4091 Elles
1229 4058 1280 4088 se
1321 4050 1539 4091 trouvent
1572 4037 1635 4087 de

606 4126 750 4171 meme
785 4118 907 4171 dans
942 4120 996 4169 la
1027 4119 1216 4171 marche
1255 4116 1536 4186 retrograde
1570 4116 1632 4168 do

1316 2911 1590 2951 emula-ceno

1721 2513 1963 2585 Scipion,
2012 2536 2142 2586 pour
2194 2522 2439 2587 pre'server
2506 2517 2759 2569 Favonius

1722 2594 1780 2646 d’
1780 2603 1877 2647 ἐτι-ε
1907 2601 2109 2669 αΐταφιὸ
2123 2616 2246 2669 par
2250 2598 2512 2649 Domitius.

1804 2674 1935 2728 CAP.
1958 2676 2247 2729 XXXVII.
2272 2694 2321 2729 1.
2341 2675 2530 2728 Castris
2544 2680 2757 2732 stativis.

1722 2755 2148 2825 Veget„1.v11,
2176 2775 2221 2817 c,
2267 2759 2300 2811 8
2338 2774 2353 2809 :
2384 2760 2564 2809 stativa
2598 2770 2760 2808 castra

1724 2847 1918 2902 aestate,
1942 2836 2028 2888 ‘vel
2060 2838 2207 2887 hieme
2220 2874 2235 2897 ,
2270 2837 2403 2889 hoste
2426 2840 2621 2899 cubitio,
2659 2858 2760 2889 ma-

1710 2918 1817 2985 jori
1854 2916 2017 2967 labore
2055 2936 2114 2967 ac
2154 2936 2270 2967 cura
2286 2915 2569 2987 fitmantur.
2614 2916 2759 2971 Vide

1721 3013 1937 3067 quoque
1961 2996 2109 3067 Lips.
2142 2995 2210 3048 de
2236 2996 2391 3049 milit.
2407 3015 2545 3051 rom.
2574 2998 2677 3049 lib.
2694 3017 2727 3049 v
2742 3035 2760 3063 ‚

1720 3073 1846 3128 dial.
1881 3094 1925 3128 1.
1955 3076 2165 3128 Nomen
2197 3076 2397 3129 habent
2421 3094 2486 3129 ex
2514 3096 2579 3130 eo
2606 3076 2755 3148 quod

1722 3163 1923 3209 structa
1962 3156 2099 3223 sint,
2126 3166 2190 3208 ut
2234 3155 2291 3209 in
2333 3156 2399 3209 iis
2443 3157 2760 3229 aliquandiu

1720 3248 2017 3290 maneatur.
2033 3270 2087 3279 —
2099 3236 2274 3290 Struit.
2290 3237 2519 3307 Vulgata
2542 3242 2756 3290 instruit.

1720 3316 1969 3369 nonnulli
1997 3316 2287 3387 elegantius
2301 3354 2318 3381 ,
2349 3317 2550 3371 habent
2592 3322 2756 3372 struit.

1808 3417 1858 3450 a.
1897 3398 2145 3448 Domitius
2164 3400 2336 3448 castris
2363 3396 2607 3467 Scipionis
2620 3438 2637 3460 ,
2666 3410 2757 3451 etc.

1721 3478 1929 3531 Vocem
1965 3478 2212 3529 Domitius
2250 3490 2543 3548 agnoscunt
2582 3478 2761 3531 nostri

1722 3556 1881 3610 codd.
1934 3569 1987 3610 et
2038 3558 2231 3629 optimi
2274 3555 2758 3631 Oudendorpiani‚

1722 3655 1883 3708 quam
1905 3636 2155 3711 quidem,
2173 3638 2339 3690 veluti
2364 3638 2611 3691 inutilem
2628 3677 2646 3704 ,
2674 3658 2762 3691 ex·

1719 3730 2029 3789 punxerunt
2054 3718 2133 3771 illi
2158 3718 2253 3790 qui
2295 3718 2420 3789 styli
2464 3717 2759 3771 Caesariani

1720 3799 2115 3871 simplicitatem
2154 3799 2213 3851 in
2253 3799 2491 3851 animum
2528 3817 2645 3851 non
2670 3816 2758 3850 re-

1718 3880 1997 3933 vocabant.
2025 3912 2108 3921 —-
2132 3879 2305 3932 Aciem
2348 3897 2483 3930 suam
2534 3878 2756 3949 subjecit.

1720 3958 1963 4031 Subjicere
1992 3962 2141 4011 aciem
2170 3962 2370 4022 castris;
2399 3960 2574 4012 rarior
2599 3960 2756 4011 locu·

1720 4040 1823 4108 tio,
1853 4060 1955 4113 pro
1969 4079 1989 4109 ,
2017 4040 2187 4091 ducere
2227 4044 2377 4091 aciem
2414 4039 2503 4091 sub
2546 4043 2751 4101 castr-ek,

1717 4121 1804 4176 vel
1826 4134 1940 4175 ante
1968 4132 2130 4172 castra
2157 4121 2365 4175 hostilia.
