3025 5025
608 468 762 622 454
1407 529 1546 603 DE
1598 527 1946 603 BELLO
2007 603 2011 606 ,

610 687 930 762 suamquc
980 659 1181 735 fidem
1234 665 1741 761 implorantibus
1780 665 2024 735 auxilio
2079 679 2358 761 propter
2411 666 2736 760 copiarum

488 835 491 838 ,
606 776 1009 872 paucitatem
1072 797 1213 844 esse
1274 789 1413 841 non
1489 795 1702 868 posse.
1775 773 2020 842 Milites
2095 775 2364 841 interim
2424 774 2493 840 in
2553 795 2740 866 opere

611 895 1184 967 exercere‚‘castra
1209 883 1503 968 munire9
1539 895 1791 967 turres,
1821 879 2092 949 castella
2130 879 2354 949 facere
2373 932 2392 966 ‚
2421 877 2741 971 molesque

608 989 823 1081 jacere
862 988 935 1054 in
972 1011 1158 1056 mare
1192 1009 1331 1054 non
1374 988 1830 1056 intermittere.

715 1093 1009 1165 XXVII.
1054 1094 1273 1196 Scipio
1302 1095 1565 1162 interim
1599 1093 1990 1212 elephantos
2011 1092 2144 1161 hoc
2171 1091 2377 1161 modo
2421 1090 2743 1160 condoce-

608 1199 829 1270 fncere
872 1189 1214 1268 instituit¹.
1257 1188 1445 1279 Duas
1483 1201 1792 1270 instruxit
1835 1200 2060 1268 acies:
2101 1221 2306 1268 unam
2344 1197 2745 1266 funditorum

612 1320 849 1376 contra
883 1303 1317 1401 elephantoS,
1350 1331 1497 1400 quae
1529 1307 1720 1402 quasi
1761 1305 2294 1374 adversariorum
2329 1304 2554 1374 locum
2589 1305 2745 1372 obti-

612 1425 833 1499 neret,
850 1426 921 1480 et
942 1427 1177 1482 contra
1198 1412 1752 1496 eorumfrontem
1783 1407 2128 1482 adversam
2149 1411 2407 1506 lapillos
2435 1406 2744 1478 minutos²

514 1587 517 1590 ,
618 1521 911 1590 mitteret
946 1545 961 1588 ε
1006 1517 1245 1589 deinde
1286 1522 1357 1588 in
1392 1518 1698 1588 ordinem
1743 1517 2132 1614 elephantos
2173 1519 2564 1601 constituit3
2609 1529 2746 1610 post

614 1625 763 1694 illos
806 1639 1028 1694 autem
1062 1627 1274 1696 aciem
1316 1639 1506 1697 suam
1548 1625 1888 1711 instruxit,
1919 1641 2030 1710 ut,
2068 1644 2277 1720 quum
2324 1624 2409 1692 ab
2457 1623 2744 1691 adversa·

617 1733 731 1800 riis
770 1729 1019 1826 lapides
1060 1734 1237 1801 mitti
1274 1735 1626 1826 coepissent
1642 1787 1662 1819 ‚
1696 1745 1766 1800 et
1809 1728 2146 1852 elephanti
2195 1731 2529 1826 perterriti
2567 1753 2632 1798 se
2671 1723 2746 1796 ad

508 1899 511 1902 ,
622 1863 777 1908 suos
837 1840 1351 1927 convertissent,
1408 1863 1638 1908 rursus
1682 1863 1720 1907 a
1763 1863 1883 1907 sua
1927 1841 2066 1908 acie
2106 1835 2441 1932 lapidibus
2495 1836 2694 1904 missis
2727 1888 2746 1922 ‚

620 1969 735 2013 eos
772 1959 1241 2016 converterent
1285 1945 1602 2015 adversus
1637 1943 1945 2014 hostem·
1929 1999 1948 2033 ‚
1987 1944 2168 2038 quod
2217 1969 2392 2038 aegre
2443 1943 2748 2035 tardeque

619 2050 868 2121 fiebat:
916 2051 1115 2120 rudes
1152 2053 1333 2122 enim-
1367 2037 1763 2148 elephantiffi
1805 2050 2172 2120 multorum
2217 2073 2554 2118 annorum
2595 2048 2746 2116 doc-

620 2158 793 2232 trina
823 2181 1079 2252 usuque
1116 2171 1379 2234 vetusto
1402 2160 1517 2226 vix
1551 2158 1804 2246 edocti,
1833 2173 2060 2274 tamen
2098 2159 2440 2259 communi
2469 2152 2750 2251 periculo·

623 2265 691 2331 in
730 2267 939 2334 aciem
982 2260 1465 2359 producuntur.

724 2374 1055 2442 XXVIII.
1114 2373 1299 2440 Dum
1334 2370 1479 2446 haee
1517 2371 1602 2439 ad
1638 2372 2007 2468 Ruspinam
2039 2365 2124 2439 ab
2155 2371 2452 2463 utrisque
2485 2367 2749 2438 ducibus

622 2475 1197 2566 administrantur,
1238 2481 1315 2549 C.
1360 2476 1682 2573 Virgilius
1716 2481 2064 2572 praetorius
2086 2533 2106 2566 ‚
2144 2479 2260 2571 qui
2290 2473 2599 2571 Thapso¹
2641 2498 2753 2569 op·

618 2585 781 2677 pido
804 2586 1135 2655 maritimo
1162 2596 1443 2681 'praeerat
1463 2638 1482 2673 ,
1518 2610 1722 2680 quum
1757 2584 2364 2669 animadvertisset,
2394 2606 2600 2651 naves
2629 2584 2750 2649 sin-

622 2690 810 2785 gulas
840 2717 1001 2767 cum
1044 2694 1339 2769 exercitu
1376 2693 1693 2779 Caesam,
1723 2694 2012 2763 incertas
2049 2690 2352 2764 locorum
2385 2704 2588 2783 atqoe
2619 2711 2750 2757 cas·-

624 2812 883 2866 trorum
915 2820 1222 2886 suorum,
1246 2800 1509 2893 vagari,
1540 2799 1956 2867 occasionem
1980 2811 2216 2867 nactus
2231 2849 2250 2883 ‚
2275 2818 2519 2864 navem
2534 2848 2553 2882 ‚
2575 2816 2751 2892 quam

501 2988 508 2993 ι
624 2902 717 2976 ibi
758 2904 996 2972 habuit
1038 2908 1401 2973 actuariam
1421 2958 1441 2992 ,
1473 2904 1790 2977 militibus
1835 2904 2128 3001 complet
2169 2917 2236 2973 et
2271 2902 2624 2997 sagittariis
2644 2952 2662 2987 ‚
2698 2910 2752 2965 et

626 3010 840 3082 eidem
871 3010 1153 3105 scaphas
1180 3011 1265 3083 de
1288 3010 1572 3087 navibus
1593 3010 1930 3105 adjungit,
1953 3036 2032 3082 ac
2063 3008 2354 3105 singulas
2390 3032 2594 3079 naves
2621 3008 2751 3075 Cae—

629 3119 922 3185 sarianas
957 3120 1324 3244 consectari
1356 3120 1584 3213 eoep-it.
1617 3118 1706 3185 Et
1741 3139 1948 3211 quum
1987 3116 2212 3213 plures
2237 3113 2552 3183 adortus²
2565 3124 2752 3197 esset,

718 3300 850 3352 Cu».-
879 3292 1114 3351 XXVII.
1144 3317 1193 3351 1.
1226 3298 1535 3370 Elephantos
1578 3296 1668 3350 Ιτοο
1752 3306 1876 3354 'men
1895 3318 2090 3371 ,quum
2101 3310 2323 3353 ventum
2336 3308 2415 3350 est
2429 3295 2498 3349 ad
2510 3294 2749 3369 pralium,

636 3378 776 3431 modo
797 3378 1158 3445 condocefacere
1191 3380 1413 3432 instituit.
1432 3378 1666 3445 Plinius,
1754 3392 1808 3431 et
1839 3378 1947 3432 suis
1976 3391 2029 3431 et
2051 3378 2234 3437 hostili
2267 3376 2398 3429 aciei
2422 3388 2546 3437 sunt
2573 3373 2752 3447 pericu·

632 3460 877 3525 1.v111,c.
900 3460 931 3511 8
952 3458 1069 3524 ,his
1086 3472 1435 3511 consentanea
1456 3458 1657 3512 scribit.
1753 3459 1871 3519 Iosi.
1901 3452 2158 3517 Fortassis
2193 3456 2286 3515 hic
2326 3469 2404 3510 est
2447 3460 2624 3509 sensus
2650 3450 2748 3505 loci.

650 3558 655 3565 ·
722 3560 771 3591 2.
805 3540 1024 3609 Lapillos
1058 3540 1277 3591 minutos.
1310 3538 1397 3592 Sic
1420 3556 1536 3611 cap.
1573 3538 1668 3605 525,
1755 3535 1863 3591 Pro
1905 3538 2047 3590 rudes
2076 3535 2277 3591 hahent
2315 3534 2537 3607 quidam
2574 3532 2750 3591 codiee·

633 3620 839 3689 parvula
866 3618 1105 3671 caus-sula.
1138 3616 1268 3670 Vid.
1298 3626 1355 3671 et
1371 3618 1483 3673 Cic.
1506 3618 1666 3681 Tusc.
1757 3618 1938 3681 auda,-
1961 3616 2223 3671 editiones
2251 3632 2381 3669 vero
2414 3616 2603 3667 audet-e.
2628 3610 2695 3665 Μ.
2712 3608 2748 3662 Ε

637 3716 736 3764 ιιι,
771 3716 827 3752 1:
842 3696 971 3751 vid.
990 3696 1166 3750 Sanct.
1186 3696 1319 3750 Min.
1346 3716 1411 3762 1,
1436 3712 1525 3752 ιο.
1555 3698 1670 3751 Hoc
1756 3696 1914 3751 bonis
1943 3691 2100 3752 codd.
2129 3696 2264 3751 SeaI.
2288 3696 2493 3768 recepit
2517 3694 2663 3747 mdes.

638 3778 1058 3831 diminutivum
1043 3796 1099 3829 ιιι
1121 3770 1306 3831 nostro
1324 3791 1540 3832 auctore
1561 3780 1672 3832 fre·
1839 3780 1972 3833 Cn».
2010 3776 2274 3831 XXVIII.
2316 3796 2364 3830 1.
2397 3772 2603 3847 Thapso.
2633 3768 2746 3834 Aln,

640 3874 807 3930 quens
838 3860 1089 3911 occurrit
1557 3885 1564 3893 ·
1753 3857 1964 3929 Thapsi.
1973 3856 2155 3912 codd.
2171 3856 2341 3911 nostri
2355 3874 2566 3929 quoque
2582 3852 2746 3905 habent

725 3940 779 3991 3.
808 3938 973 3990 Rudes
1000 3938 1256 4011 elephanti.
1284 3938 1399 4003 'Qui
1428 3936 1672 3991 nondum
1761 3937 1965 4009 Thapsi.

564 4037 568 4042 ·
640 4018 839 4089 proeIiis
854 4018 1212 4071 inteffuerunt
1230 4032 1542 4091 ,postquam
1554 4018 1672 4071 ion·
1783 4046 1804 4081 ⁶·
1847 4039 1898 4071 2.
1917 4016 2155 4072 Adortus.
2175 4013 2360 4092 Legee
2374 4014 2614 4069 codicum
2624 4002 2745 4062 vesti·

642 4115 709 4169 go
742 4096 960 4151 demum
988 4110 1267 4171 tempore,
1296 4110 1351 4151 et
1380 4114 1517 4170 aegre
1551 4100 1669 4171 qui·
1759 4098 1890 4169 giis:
1923 4099 2022 4165 Ee,
2055 4113 2198 4167 quum
2220 4098 2388 4171 piures
2417 4096 2606 4147 adortus
2627 4096 2743 4149 esset,

644 4176 769 4231 dem
783 4214 800 4244 ,
830 4190 1126 4249 potuerunt
1160 4176 1547 4239 condocefieri‚
1592 4192 1672 4233 ta
1754 4179 2006 4250 pamm.
2039 4178 2272 4231 discessit.
2309 4174 2412 4231 Sed
2431 4194 2574 4249 quum
2602 4189 2673 4223 nec
2692 4160 2743 4217 *ὅθ
