3025 5025
660 448 813 547 [196

1460 444 1600 519 DE
1653 397 2010 519 BELm

652 580 1203 653 condocefacere:
1224 568 1360 675 q'uo
1397 582 1568 677 pede
1599 608 1668 651 se
1704 584 2077 678 reciperent
2107 582 2194 649 ab
2222 580 2416 650 hoste
2433 632 2453 666 ‚
2487 594 2556 650 et
2581 605 2792 674 quem-

652 689 1017 760 admodum
1094 689 1360 758 obversi
1432 689 1826 758 adversariis
1867 743 1886 777 ‚
1945 702 2014 757 et
2071 690 2139 757 in
2200 687 2527 781 quantulo
2599 689 2794 781 spatio

656 798 1073 879 resisterent3
1105 794 1309 865 modo
1348 810 1823 890 procurrerent
1843 848 1862 882 ‚
1911 794 2116 863 modo
2154 793 2544 862 recederent
2558 847 2578 881 ‚
2621 818 2792 862 com·

652 904 1193 996 minarenturque
1230 903 1552 997 impetum
1582 928 1602 987 ;
1651 926 1732 971 ac
1775 925 1987 996 prope
2016 954 2036 987 ‚
2079 925 2214 994 quo
2257 898 2408 969 loco
2452 914 2524 968 et
2575 924 2795 993 quern-

652 1009 1018 1079 admodum
1048 1007 1181 1077 tela
1212 1010 1582 1095 mitterent,
1608 1005 1970 1102 praecipit².
2000 1005 2285 1076 Mirifice
2313 1006 2491 1073 enim
2519 1006 2798 1074 hostium

658 1115 819 1187 levis
860 1130 1200 1184 armatura
1244 1116 1513 1183 anxium
1555 1116 1924 1182 exercitum
1967 1127 2278 1181 nostrum
2317 1126 2520 1205 atque
2565 1109 2800 1180 sollici·

662 1238 806 1293 tum
856 1222 1149 1295 habebat
1192 1246 1207 1289 :
1253 1222 1409 1314 quia
1450 1234 1522 1289 et
1561 1221 1814 1313 equites
1858 1219 2238 1289 deterrebat
2291 1216 2598 1312 praelium
2653 1218 2802 1285 inire

660 1342 941 1425 propter
985 1352 1311 1421 equorum
1358 1328 1732 1412 interitum,
1771 1324 1955 1423 quod
2003 1350 2118 1401 eos
2162 1323 2402 1419 jaculis
2451 1324 2802 1392 interficie-

602 1499 605 1508 .
662 1420 885 1516 bant³‚
917 1448 987 1503 et
1022 1433 1453 1528 legionarium
1498 1432 1778 1501 militem
1821 1430 2278 1525 defatigabant
2311 1444 2596 1526 propter
2638 1429 2802 1499 velo·

664 1544 931 1613 citatem
966 1566 982 1608 ε
1015 1542 1235 1635 gravis
1270 1541 1446 1626 enirn
1488 1552 1844 1607 armaturae
1885 1537 2071 1607 miles
2115 1535 2308 1607 simul
2353 1550 2556 1630 atque
2594 1537 2680 1606 ab
2713 1536 2806 1603 his

660 1650 1021 1717 insectatus
1084 1647 1469 1717 constiterat
1500 1698 1522 1731 ,
1589 1645 1660 1713 in
1701 1668 1948 1738 eosque
1989 1647 2314 1739 impetum
2369 1642 2626 1712 fecerat
2649 1698 2668 1733 ,
2721 1640 2803 1739 illi

666 1753 883 1825 veloci
922 1778 1122 1822 cursu
1156 1750 1348 1821 facile
1394 1749 1764 1845 periculum
1803 1744 2124 1819 vitabant.

774 1862 1055 1929 Lxxll.
1112 1858 1375 1946 Quibus
1410 1882 1493 1925 ex
1529 1858 1728 1925 rebus
1741 1855 1760 1882 ¹
1791 1858 2018 1926 Caesar
2053 1856 2812 1951 vehementer·‘commo-

664 1966 981 2049 vehatur3
1006 1965 1193 2057 quia,
1222 1963 1692 2057 quodcumque
1721 1961 2021 2058 praelium
2047 1964 2304 2055 quoties
2335 1976 2483 2029 erat
2509 1962 2812 2030 commis·

666 2097 816 2141 sum
834 2126 857 2158 .,
882 2072 1179 2165 equitatu
1208 2094 1329 2138 suo
1360 2070 1498 2139 sine
1527 2068 1892 2163 legionario
1927 2067 2134 2137 milite
2166 2068 2464 2137 hostium
2501 2068 2814 2161 equitatui

666 2178 927 2271 levique
978 2190 1330 2246 armaturae
1362 2200 1618 2244 eorum
1671 2174 1856 2243 nullo
1897 2174 2100 2245 modo
2153 2198 2279 2269 par
2332 2198 2477 2243 esse
2537 2186 2812 2267 poterat.

660 2284 1155 2355 Sollicitabatur
1210 2280 1464 2353 autern’
1515 2282 1622 2351 his
1672 2282 1874 2351 rebus
1889 2332 1917 2370 φ
1952 2280 2134 2375 quod
2174 2280 2479 2349 nondum
2529 2280 2812 2349 hostium

684 2533 845 2568 cursu
862 2513 1203 2585 perficiebat3
1222 2531 1397 2584 neque
1412 2511 1586 2584 planis
1601 2525 1714 2564 tan-

671 2608 788 2648 tum
818 2595 947 2648 locis
977 2595 1089 2646 hoec
1118 2593 1310 2646 itinera
1339 2594 1538 2644 fiebant
1555 2631 1571 2660 ‚
1605 2590 1700 2644 sed

670 2674 881 2728 clivosis
900 2686 952 2726 et
974 2671 1152 2725 arduis
1168 2711 1185 2739 ‚
1204 2685 1265 2724 ut
1282 2673 1428 2724 nulla
1445 2690 1557 2724 non
1572 2690 1698 2742 pro-

670 2754 783 2808 visa
812 2751 1095 2806 difficultas
1127 2765 1276 2804 esset.
1314 2752 1370 2804 Si
1408 2749 1700 2802 ambulatio

670 2834 819 2886 nulla
850 2845 982 2886 esset
999 2869 1016 2896 ,
1046 2832 1351 2885 exercitatio
1380 2843 1560 2883 tamen
1587 2849 1700 2882 non

672 2911 967 2966 deficiebat.
998 2912 1154 2964 Miles
1204 2911 1406 2982 sylvam
1436 2909 1702 2976 cadebat,

674 2993 867 3046 aestiviu
896 2991 1225 3063 temporibus
1256 2991 1498 3054 natabat,
1519 2988 1587 3043 ad
1607 3007 1702 3061 pa·

670 3073 786 3125 lum
816 3070 1129 3136 dimicabat,
1157 3071 1377 3123 saltabat
1390 3109 1405 3137 ‚
1434 3070 1701 3124 currebat.

671 3151 927 3222 Exempla
964 3151 1123 3221 hujus
1160 3149 1552 3202 exercitationis
1585 3167 1703 3202 cre·

672 3233 771 3288 bra
798 3242 923 3284 sunt
962 3228 1105 3301 apud
1132 3230 1363 3282 Livium.
1394 3229 1481 3282 Sic
1512 3229 1604 3282 ille
1635 3227 1704 3282 de

673 3311 921 3384 Scipione
947 3309 1200 3362 Africano
1220 3326 1293 3362 ιιι
1308 3346 1325 3373 ,
1346 3305 1574 3372 Deead„
1605 3309 1700 3360 lib.

673 3411 732 3446 vx
757 3409 771 3443 ε
812 3391 982 3442 Primo
1012 3388 1091 3440 die
1130 3388 1338 3457 legiones
1370 3392 1421 3439 in
1456 3390 1602 3438 armis
1645 3406 1704 3440 tv

672 3473 875 3524 millium
912 3472 1070 3540 spatio
1112 3467 1445 3520 decurrerunt.
1482 3467 1704 3520 Secundo

671 3552 750 3604 die
775 3569 912 3610 arma
938 3567 1108 3600 curare
1131 3559 1182 3598 ee
1201 3559 1383 3616 terget-e
1408 3559 1524 3598 ante
1551 3558 1705 3600 tento-

670 3636 749 3684 ria
766 3632 931 3700 Jussae‘t.
970 3629 1019 3680 T
1014 3631 1135 3680 ertio
1166 3626 1247 3678 die
1274 3627 1469 3680 sudibus
1500 3629 1626 3678 inter·
1653 3647 1704 3678 se

670 3714 725 3764 'in
754 3709 941 3762 modum
959 3712 1111 3780 justoe
1125 3725 1309 3777 pugnae
1338 3719 1703 3772 concurrerunt,

662 3790 1027 3862 proepilatisque
1062 3787 1313 3839 missilibus
1334 3787 1546 3856 jacuhzti
1569 3797 1702 3840 sunt.

678 3871 872 3940 Quarto
890 3868 969 3920 die
988 3871 1120 3940 quies
1149 3866 1285 3919 data.
1320 3867 1504 3934 Quinto
1532 3870 1700 3918 ieet-um

674 3953 727 4000 in
749 3952 894 4000 annis
923 3948 1168 3999 decursum
1191 3957 1279 3998 est.
1302 3945 1513 4011 Quibus
1535 3963 1700 4016 porro

674 4027 849 4080 modis
862 4027 1073 4081 obviam
1087 4039 1237 4079 eatur
1250 4025 1546 4096 elephantie
1556 4063 1573 4090 ‚
1584 4026 1699 4096 lege

676 4107 773 4162 lib.
810 4125 883 4162 ιιι
916 4106 1161 4178 vegetii,
1197 4125 1243 4158 c.
1268 4112 1403 4170 2²4)
1437 4124 1552 4176 quo
1577 4105 1700 4158 loco

1793 2515 1907 2566 fuse
1931 2524 2043 2565 tota
2071 2529 2157 2566 res
2186 2511 2276 2565 ina
2305 2509 2628 2582 explicatur.
2657 2511 2794 2564 Gon.

1876 2612 1926 2646 2.
1951 2594 2204 2663 Praecipit.
2229 2591 2334 2647 Alii
2349 2593 2648 2662 pra-ciperet
2663 2629 2680 2656 ‚
2693 2611 2813 2661 μνω-

1790 2675 2018 2743 cipmm,
2040 2670 2186 2725 unde
2203 2671 2381 2724 Davis.
2400 2671 2520 2723 vult
2527 2674 2812 2741 praecipere,

1791 2763 1851 2804 ut
1875 2749 2194 2828 respondeat
2217 2757 2289 2822 τῷ
2307 2749 2715 2816 condocefacere5
2737 2747 2816 2802 sed

1789 2831 2042 2884 solemnis
2059 2829 2240 2882 Hirtio
2253 2842 2566 2901 temporum
2587 2831 2817 2883 variatio.

1876 2912 1928 2964 3.
1971 2909 2408 2980 Inteaefiaiebane....
2461 2909 2817 2981 defatigabant.

1789 2989 2017 3043 Pluralis
2061 2988 2260 3062 pendet
2291 3008 2321 3042 ι
2353 2989 2663 3044 collectivo.
2697 2989 2820 3042 Soel.

1789 3067 1950 3123 ecod.
1963 3087 2062 3122 suo
2074 3081 2128 3123 et
2135 3069 2324 3124 Ursini
2334 3068 2432 3122 dat
2445 3069 2816 3139 interficiebat...

1789 3149 2114 3218 defatigabat.
2139 3181 2210 3192 --
2237 3149 2534 3202 huectatus.
2565 3148 2660 3203 Sic
2677 3162 2819 3204 sector

1787 3229 1994 3300 passive
2020 3229 2298 3300 accipitur.
2313 3226 2448 3282 Vid.
2469 3231 2738 3282 Vossium
2761 3227 2818 3280 de

1791 3310 1926 3362 anal.
1950 3327 2058 3373 nr,
2077 3313 2132 3363 6.

1870 3389 2004 3442 Cu.
2027 3389 2252 3442 LXXII.
2278 3406 2300 3440 1
2313 3427 2328 3440 .
2341 3387 2540 3457 Quibus
2553 3410 2620 3441 ex
2633 3390 2818 3443 rebus...

1791 3471 1996 3539 quoties,
2017 3480 2118 3522 etc.
2138 3468 2506 3538 Quocumque
2525 3469 2622 3522 hic
2641 3489 2819 3524 occur·

1791 3561 1917 3603 runt
1928 3549 2086 3602 varin
2097 3547 2352 3600 lectiones
2363 3585 2380 3612 ‚
2397 3543 2417 3608 (
2432 3549 2520 3601 vel
2535 3550 2692 3602 abest
2701 3555 2822 3622 quia,

1787 3628 1872 3680 vel
1897 3640 2154 3680 commotus
2171 3627 2368 3699 legitur
2381 3665 2399 3693 ,
2412 3628 2502 3680 vel
2518 3630 2640 3682 veh.
2661 3649 2820 3681 comm.

1788 3711 1902 3779 quia
1909 3707 2190 3779 quodcumq.
2201 3704 2516 3773 omittitur);
2525 3727 2604 3762 eae
2613 3722 2740 3762 sunt
2746 3708 2822 3761 vel

1788 3787 1856 3842 ab
1873 3785 2196 3840 emendandi
2224 3784 2404 3841 studio
2419 3823 2438 3850 ,
2453 3788 2571 3853 vel,
2585 3802 2652 3841 ut
2667 3789 2821 3842 omis-

1787 3866 1868 3918 sio
1908 3866 2148 3938 plurium
2189 3866 2485 3920 verborum
2499 3906 2516 3932 ‚
2549 3887 2579 3918 a
2613 3869 2822 3922 festina-

1788 3945 1934 4000 tione
1961 3946 2188 4000 librarii.
2206 3947 2284 4000 M.
2301 3946 2489 4000 Nostri
2503 3945 2671 4002 codd.
2685 3967 2821 4000 eam-

1786 4023 1912 4080 dem
1939 4043 2102 4098 quam
2134 4026 2386 4097 elegimus
2413 4026 2538 4080 lect.
2551 4027 2816 4080 exhibent.

1825 4139 1842 4161 ι
1873 4125 1948 4159 2..
1987 4106 2214 4160 Autem..
2243 4105 2445 4160 Daris..
2485 4107 2652 4160 malit
2693 4111 2814 4158 itan.

2936 3701 2943 3998 ⁴
