3025 5025
544 444 679 513 DE
734 442 1081 511 BELLO
1137 440 1504 509 CIVILI.
1564 440 1753 507 LIB.
1810 441 1967 508 ΙΙΙ.
2192 440 2341 513 303

153 566 158 571 ’
225 578 312 645 tia
343 578 468 647 acie
493 574 782 671 singulas
813 574 1122 643 cohortes
1155 571 1472 657 detraxit,
1501 586 1699 667 atque
1734 596 1817 641 ex
1849 573 1952 642 his
1980 588 2287 668 quartam
2319 562 2341 600 ⁵

229 682 968 777 instituit‚equitatuique
982 678 1324 774 opposuit,
1335 693 1430 768 et,
1441 678 1606 773 quid
1624 678 1769 747 fieri
1780 678 1981 747 vellet
1992 734 2011 767 ,
2028 681 2347 771 ostendit3

229 790 620 884 monuitque,
649 789 793 882 ejus
818 786 948 857 diei
976 788 1325 855 victoriam
1349 786 1419 854 in
1445 810 1677 854 earum
1702 785 2081 855 cohortium
2099 789 2347 858 virtute

226 912 524 967 constare.
569 894 781 965 Simul
825 894 1034 962 tertiae
1071 894 1232 962 aciei
1274 893 1531 987 totique
1571 891 1889 961 exercitui
1948 893 2302 988 imperavit
2324 950 2343 983 ‚

227 1026 300 1070 ne
314 1003 555 1097 injussu
574 1027 695 1071 suo
715 1014 1177 1071 concurreret:
1207 1024 1275 1069 se
1288 1050 1308 1079 ,
1339 1023 1548 1093 quum
1570 999 1638 1067 id
1662 998 1806 1067 fieri
1819 996 2049 1088 vellet,
2067 986 2343 1069 vexillo⁶

225 1110 458 1201 signum
498 1107 831 1176 daturum.

315 1217 450 1284 XC.
502 1215 896 1283 Exercitum
919 1236 1128 1307 quum
1157 1210 1428 1281 militari
1453 1236 1642 1281 more
1665 1212 1751 1281 ad
1777 1234 2074 1307 pugnam
2106 1212 2346 1281 cohor—

223 1335 452 1389 taretur
470 1375 490 1408 ,
533 1345 783 1413 suaque
817 1322 887 1387 in
923 1344 1078 1389 eum
1115 1320 1420 1413 perpetui
1468 1320 1789 1415 temporis
1825 1318 2050 1387 officia
2102 1318 2347 1413 praedi-

225 1440 384 1497 caret
401 1481 420 1515 ‚
480 1429 551 1496 in
600 1429 833 1521 primis
893 1426 1443 1495 commemoravit
1467 1479 1486 1513 ‚
1534 1454 1569 1489 α
1611 1425 1890 1493 testibus
1926 1449 1995 1493 se
2034 1424 2350 1492 militibus

222 1534 310 1601 uti
325 1557 542 1627 posse,
561 1547 814 1627 quanto
837 1531 1056 1601 studio
1079 1554 1314 1626 pacem
1339 1533 1640 1625 petisset3
1658 1535 1806 1624 'quae
1832 1556 1953 1625 per
1970 1530 2347 1600 Vatinium¹

223 1736 347 1779 rent.
359 1724 685 1778 —Celeriter
704 1744 765 1775 es.-
785 1726 927 1775 tertia
944 1728 1046 1774 acie
1064 1726 1231 1793 singu-

223 1804 291 1855 las
316 1806 539 1858 cohortes.
571 1804 818 1875 Intellige
846 1822 1010 1855 unam
1037 1803 1231 1854 cohor-

223 1894 320 1937 tem
341 1883 568 1938 detraxit
583 1904 648 1937 ex
667 1884 888 1954 singulis
914 1883 1230 1953 legionibuS‚

223 1964 398 2035 quibus
412 1965 687 2019 constabat
700 1964 835 2017 acies
848 1964 1002 2015 tertia
1018 1981 1032 2014 ε
1046 1981 1234 2033 quum-

224 2062 317 2115 que
355 2064 439 2098 sex
471 2056 625 2097 erant
658 2060 886 2096 numero
917 2042 1150 2114 legiones
1175 2041 1234 2093 in

223 2142 277 2176 ea
301 2126 432 2186 acie,
468 2143 558 2177 sex
588 2124 754 2196 igitur
781 2124 1027 2175 cohortes
1057 2120 1236 2175 detra-

223 2204 308 2257 xit.
340 2204 488 2258 Hanc
517 2203 926 2275 explicationem
957 2202 1238 2254 confirmat

225 2283 501 2350 Plutarch„
525 2285 586 2336 in
616 2283 860 2354 Pompeii
890 2283 1000 2336 vita
1016 2320 1031 2347 ,
1052 2300 1097 2334 c.
1127 2285 1234 2349 69:

225 2364 314 2416 ἀπὸ
337 2368 420 2425 τῆς
447 2365 664 2433 ἐσχάτης
688 2363 877 2426 τάξεως
903 2357 1100 2422 ἀδήλως
1129 2362 1238 2413 ἐκέ·

221 2449 350 2497 acuet
381 2446 641 2515 περιελθεῖν
669 2444 788 2515 πρὸς
817 2444 986 2495 ἑαυτὸν
1017 2442 1068 2503 ἒξ
1096 2442 1241 2493 σπεί-

224 2541 328 2594 ρας,
347 2545 392 2578 κ.
412 2546 460 2577 τ.
482 2531 553 2589 λ.,
571 2537 624 2576 et
645 2522 960 2587 Frontinus,
979 2521 1158 2584 strat„
1175 2539 1243 2588 11,

229 2604 286 2667 3,
313 2623 412 2669 22,
438 2623 502 2656 ex
523 2600 896 2656 emendatione
927 2601 1107 2654 vossii
1136 2617 1150 2652 t
1179 2601 1242 2652 In

224 2681 384 2734 dextro
425 2703 574 2734 cornu
609 2683 781 2735 Coesar
810 2685 974 2755 posuit
1009 2684 1236 2752 equitem,

224 2767 298 2814 cui
328 2764 651 2816 velocissimos
694 2766 884 2814 miscuit
914 2762 1130 2832 peditum
1144 2799 1160 2822 ,
1195 2773 1246 2810 et

227 2843 290 2893 ad
305 2863 478 2895 morem
498 2846 723 2914 equestris
737 2861 918 2911 pugna·
941 2845 1240 2893 exercitatos.

225 2921 315 2973 Sex
345 2921 516 2974 deinde
553 2924 766 2973 cohortes
795 2924 846 2972 ἱιι
879 2921 1090 2972 subsidio
1129 2923 1243 2972 reti-

227 3006 326 3053 nuit
361 3002 434 3054 ad
471 3021 546 3054 res
584 3001 796 3062 subita-u
816 3014 866 3052 et
895 3001 1065 3052 dextro
1097 3001 1246 3051 latere

228 3099 466 3136 conversas
486 3086 536 3132 in
552 3083 816 3154 obliquam,
835 3081 960 3132 unde
985 3084 1245 3158 equitatum

228 3160 423 3213 hostium
473 3161 806 3232 exspectabat,
843 3162 1107 3213 collocavit.
1164 3161 1246 3213 Ita

229 3240 537 3295 ciacconius
567 3239 872 3312 explicavit,
895 3241 1248 3312 probantibus

229 3320 441 3386 Vossio,
469 3320 700 3373 Cellario
716 3359 732 3386 ‚
755 3333 808 3373 et
833 3319 1071 3374 Clarkio.
1096 3321 1248 3390 Inge-

229 3399 370 3454 niosa
401 3412 581 3453 autem
597 3438 614 3465 ‚
652 3398 746 3453 sed
785 3418 896 3452 non
925 3401 1217 3452 necessaria
1232 3438 1250 3465 ‚

230 3493 304 3533 est
323 3479 568 3553 ejusdem
598 3480 779 3533 Vossii
807 3477 1137 3546 emendati0‚
1156 3480 1250 3549 qui

229 3562 484 3632 proponit
503 3581 589 3612 sex
607 3579 712 3631 pro
743 3561 978 3629 singulas.
1006 3560 1252 3612 Davisius

232 3641 340 3693 vult
375 3660 545 3706 senas,
570 3639 718 3711 quod
750 3641 976 3692 verbum
1013 3640 1102 3692 vix
1132 3641 1252 3691 lati-

231 3735 355 3772 num
377 3732 568 3774 contra
591 3733 826 3774 mentem
848 3721 1078 3772 auctoris
1093 3737 1253 3790 repo-

233 3799 374 3853 nitur
410 3819 425 3854 :
459 3818 586 3852 nam
615 3800 658 3852 si
697 3820 834 3852 senas
874 3800 1118 3852 cohortes
1161 3797 1254 3851 de-

234 3882 473 3933 traxisset
503 3880 677 3932 Caesar
708 3899 772 3933 ex
800 3899 888 3932 sex
919 3879 1216 3950 legionibus
1239 3917 1256 3943 ‚

237 3959 452 4030 triginta
483 3979 604 4024 sex,
621 3965 744 4012 'non
789 3978 877 4012 sex
917 3971 1126 4012 tantum
1153 3977 1256 4010 nu-

238 4054 382 4092 mero
411 4040 635 4092 fuissent
666 4059 678 4092 2
713 4052 857 4093 recta
881 4052 959 4092 est
979 4039 1138 4091 lectio
1166 4057 1256 4090 co-

1320 1735 1612 1775 memorata
1630 1761 1647 1788 ‚
1694 1741 1846 1776 mens
1900 1722 2122 1776 Caesaris
2196 1724 2348 1778 facile

1318 1802 1635 1874 percipitur.

1403 1883 1455 1935 5.
1486 1883 1745 1953 Quae-tam.
1774 1882 2013 1935 Subaudi
2048 1884 2230 1936 aciem.
2269 1915 2349 1925 —

1319 1962 1607 2035 Monuitque
1634 1966 1735 2034 ejus
1770 1963 1869 2015 diei
1900 1967 2157 2015 victoriam
2189 1966 2239 2014 ἱη
2266 1982 2350 2013 ea-

1321 2060 1426 2093 rum
1441 2046 1625 2094 virtute
1641 2055 1876 2096 constare.
1894 2044 2037 2095 Bene
2048 2082 2063 2109 ,
2078 2043 2181 2096 hoc
2197 2044 2319 2096 loco
2334 2081 2349 2110 ,

1321 2120 1390 2174 de
1421 2122 1645 2175 consilio
1677 2142 1773 2175 suo
1804 2135 1990 2176 monet
2005 2162 2020 2189 ‚
2049 2142 2139 2175 eos
2168 2124 2264 2193 qui
2295 2124 2352 2175 in

1322 2201 1607 2272 procinctu
1630 2216 1807 2268 erant,
1823 2222 1991 2273 quum
2014 2206 2126 2274 jam
2151 2214 2352 2256 starent

1323 2281 1382 2332 in
1414 2281 1556 2346 acie,
1580 2300 1809 2352 namque
1836 2284 1946 2352 jam
1976 2302 2089 2334 non
2126 2284 2355 2354 amplius

1326 2361 1532 2413 sinebat
1568 2374 1781 2432 tempus
1816 2361 2037 2414 Caesaris
2072 2362 2357 2415 consilium

1327 2458 1357 2492 a
1379 2440 1797 2512 speculatoribus
1830 2440 1898 2493 ad
1921 2443 2239 2516 Pompeium
2268 2440 2359 2493 de-

1327 2521 1455 2573 ferri
1482 2539 1496 2572 :
1530 2521 1815 2592 Pompeius
1852 2535 2037 2575 contra
2060 2523 2319 2576 maturius
2340 2561 2355 2587 ,

1327 2619 1487 2671 quam
1493 2619 1579 2652 res
1584 2613 1845 2672 posceret,
1856 2602 2139 2660 consilium
2149 2603 2357 2673 aperuit

1328 2699 1500 2734 suum.
1540 2680 1991 2733 Excellentissima
2036 2694 2213 2734 autem
2256 2681 2361 2733 fuit

1328 2761 1426 2813 ista
1474 2759 1693 2812 Caesaris
1745 2757 2057 2832 dispositio;
2098 2780 2161 2814 ea
2213 2761 2358 2814 enim

1330 2840 1440 2893 sola
1468 2841 1750 2893 victoriam
1785 2841 1835 2893 ei
1866 2842 2076 2911 peperit
2115 2841 2359 2894 omnium

1333 2920 1713 2991 amplissimam
1744 2933 1798 2972 et
1826 2921 2307 2991 praesentissimam.

1415 3003 1468 3054 6.
1497 3000 1557 3052 V
1548 3001 1710 3052 exilio.
1737 3000 1917 3071 Vulgo
1948 3019 2133 3072 sagum
2159 3021 2362 3073 purpu-

1331 3099 1485 3133 reum
1541 3079 1881 3133 tabernaculo
1948 3082 2360 3156 superpositum.

1334 3159 1438 3213 Sed
1454 3199 1471 3225 ,
1502 3179 1670 3231 quum
1712 3163 1822 3231 jam
1868 3179 1898 3212 e
1944 3163 2125 3214 castris
2155 3162 2362 3233 erupis-

1333 3253 1452 3293 sent
1465 3278 1482 3304 ,
1515 3259 1626 3293 non
1656 3240 2001 3301 tabernaculo
2037 3259 2330 3313 appensum
2344 3280 2361 3307 ,

1335 3319 1429 3374 sed
1448 3337 1611 3372 manu
1624 3321 1823 3374 elatum
1840 3319 2246 3393 intelligendum
2268 3335 2362 3375 est.

1417 3401 1548 3453 Car.
1580 3401 1695 3454 XC.
1733 3419 1781 3455 1.
1821 3401 1947 3471 Quoe
1970 3421 2063 3472 per
2091 3403 2361 3456 Vatinium.

1339 3481 1468 3552 Cap.
1510 3499 1599 3548 19.
1630 3481 1689 3534 P.
1720 3493 1896 3534 autem
1923 3482 2175 3538 Vatinius
2198 3495 2313 3534 erat
2337 3501 2367 3533 e

1339 3573 1493 3630 gente
1534 3561 1753 3613 Vatinia
1806 3561 2013 3631 plebeia
2029 3600 2046 3627 ‚
2101 3560 2369 3633 siquidem

1340 3639 1559 3693 Vatinia
1589 3640 1676 3692 lex
1716 3638 2014 3712 judiciaria.
2062 3641 2369 3694 Consularis

1341 3732 1519 3773 tamen
1552 3720 1654 3771 fuit
1674 3738 1687 3772 :
1708 3719 1869 3791 hujus
1898 3739 2098 3772 nomen
2130 3740 2159 3774 a
2186 3721 2367 3784 Vatio,
2460 3725 2467 3740 “

1343 3799 1490 3870 quod
1503 3811 1582 3852 est
1595 3798 1995 3852 diminutivum.
2010 3801 2070 3851 V
2061 3805 2187 3853 atius
2197 3815 2372 3854 autem

1343 3877 1623 3931 dicebatur
1636 3918 1651 3945 ‚
1681 3880 1775 3950 qui
1813 3878 1979 3950 pedes
2022 3899 2243 3934 crurave
2274 3883 2370 3934 ha-

1343 3959 1502 4011 bebat
1526 3972 1795 4012 extrorsus
1808 3961 2046 4013 obtorta:
2061 3975 2249 4014 contra
2266 3963 2325 4012 V
2317 3983 2381 4013 a-

1346 4058 1426 4090 rus
1439 4079 1454 4101 ,
1476 4039 1572 4108 qui
1594 4057 1655 4090 ea
1671 4039 1965 4092 introrsum
1984 4041 2145 4094 habet
2163 4041 2381 4098 inflexa.

237 4113 414 4172 dicum
430 4159 447 4185 ,
469 4132 523 4173 et
549 4137 612 4173 ex
637 4119 1076 4192 interpretatione
1098 4137 1260 4190 supra
1347 4117 1541 4172 Noster
1568 4131 1746 4172 autem
1760 4119 2039 4189 Vatinius,
2058 4121 2224 4176 homo
2249 4142 2380 4210 cgn-
