3025 5025
559 485 696 553 DE
741 482 1090 553 BELLO
1134 482 1523 554 CIVILI..
1569 484 1755 552 LIB.
1820 482 1961 553 ΙΙΙ.
2186 501 2329 575 297

223 614 473 703 dicavit,
513 618 612 685 uti
655 632 876 687 castra
917 642 1000 685 ex
1043 642 1140 685 eo.
1166 616 1336 686 loco.
1355 630 1659 685 moveret
1682 670 1701 701 ‚
1740 640 2129 709 semperque
2170 626 2344 682 esset

221 723 279 787 ih
304 724 634 793 itineribus
663 749 677 791 :
711 724 856 793 haec
895 746 1168 818 sperans
1193 708 1242 809 ³,
1281 737 1356 791 ut
1383 777 1401 810 ‚
1437 721 1785 791 movendis
1824 723 2055 791 castris
2074 776 2092 809 ‚
2136 720 2339 815 pluri·

221 828 453 922 busque
489 829 808 898 adeundis
866 828 1026 899 locis
1043 880 1061 912 ‚
1110 829 1585 898 commodiore·
1610 828 2041 896 frumenmria
2080 852 2153 895 re
2198 841 2342 894 ute·

221 949 414 1022 retur;
431 934 756 1027 simulque
770 938 872 1020 ‚in
887 937 1120 1004 itinere
1143 950 1220 1003 ut
1241 934 1525 1029 aliquam
1548 936 1967 1003 occasionem
1985 932 2343 1003 dimicandi

221 1042 690 1111 nancisceretur
709 1095 728 1127 ‚
758 1056 826 1109 et
849 1041 1190 1110 insolitum
1219 1041 1304 1109 ad
1333 1041 1633 1111 labore'm
1658 1042 1957 1135 Pompeii
1980 1041 2343 1109 exercitum

223 1146 596 1237 quotidianis
639 1148 986 1217 itineribus
1035 1148 1446 1242 defatigaret.
1505 1150 1627 1217 His
1680 1146 2057 1215 constitutis
2102 1144 2346 1225 rebus,

225 1253 394 1345 signo
437 1255 574 1346 jam
633 1255 1062 1348 profectionis
1107 1254 1264 1321 dato
1281 1309 1302 1341 ‚
1358 1252 1933 1345 tabernaculisque
1993 1251 2280 1319 detensis
2300 1236 2348 1334 ⁴,

228 1358 738 1431 animadversum
767 1374 897 1447 est,
916 1358 1142 1454 paullo
1171 1374 1358 1447 ante,
1376 1375 1565 1428 extra
1596 1359 2052 1453 quotidianam
2072 1380 2349 1425 consue-

229 1464 496 1535 tudinem
516 1520 535 1553 ,
572 1465 832 1559 longius
864 1491 906 1534 a
930 1464 1106 1533 vallo
1143 1491 1284 1536 esse
1323 1468 1533 1535 aciem
1566 1468 1864 1560 Pompeii
1893 1486 2313 1558 progressam
2331 1514 2352 1547 ‚

231 1585 292 1637 ut
327 1596 456 1641 non
491 1575 722 1666 iniquo
759 1572 908 1643 loco
948 1597 1143 1667 posse
1179 1572 1479 1642 dimicari
1507 1572 1863 1641 videretur.
1896 1573 2089 1637 Tunc
2128 1570 2354 1637 Caesar

231 1678 386 1770 apud
409 1704 592 1766 suOS,
617 1704 826 1773 quum
849 1680 991 1772 jam
1016 1694 1188 1749 esset
1205 1704 1446 1774 agmen
1475 1683 1543 1746 in
1574 1681 1785 1772 portis
1800 1732 1819 1763 ‚
1841 1674 2352 1744 «Differendum

231 1798 348 1870 est,
386 1786 600 1879 inquit
627 1840 646 1872 ‚
684 1788 811 1853 iter
853 1786 921 1853 in
977 1788 1324 1879 praesentia
1381 1786 1576 1853 nobis
1596 1838 1617 1871 ,
1654 1800 1723 1853 et
1764 1784 1847 1856 de
1901 1781 2133 1877 praelio
2174 1782 2351 1874 cogi·

234 1889 524 1977 tandum,
555 1893 612 1960 si
637 1946 658 1978 ‚
702 1906 782 1960 ut.
801 1876 823 1915 ⁵
854 1916 1116 1986 semper
1173 1891 1720 1987 depoposcimUS‚
1764 1893 1989 1959 animo
2031 1890 2241 1957 simus
2273 1882 2357 1953 ad

231 1994 656 2067 dimicandum
698 2001 954 2092 parati;
997 2024 1135 2069 non
1179 1998 1368 2067 facile
1413 2001 1833 2067 occasionem
1877 2010 2111 2090 postea
2156 2017 2356 2086 repe·

233 2104 452 2172 riemus
479 2131 493 2171 :
523 2132 558 2170 2>
613 2104 1096 2199 confestimque
1139 2105 1480 2199 expeditas
1522 2106 1751 2200 copias
1790 2103 2031 2171 educit.

323 2212 697 2281 LXXXVI.
754 2213 1110 2306 Pompeius
1131 2237 1401 2305 quoque
1418 2264 1436 2297 ‚
1463 2225 1539 2279 ut
1565 2224 1799 2303 postea
1826 2210 2171 2302 cognitum
2200 2202 2359 2289 θεῖ’,

237 2400 300 2451 sic
339 2412 716 2453 commemorat
742 2419 756 2453 :
793 2400 852 2451 C.
887 2398 1088 2467 Coesar,
1117 2399 1241 2451 bello

235 2480 365 2543 civili,
379 2501 516 2554 quum
533 2484 690 2534 exet-ci
693 2492 790 2534 tum
801 2492 1137 2534 ‘veteranorum
1150 2480 1240 2530 Iza-

235 2560 368 2618 beret,
391 2563 594 2614 hostium
610 2573 772 2612 autem
793 2573 1014 2632 tyronum
1036 2579 1134 2611 esse
1155 2563 1246 2610 sci-

235 2653 324 2702 πει,
371 2645 468 2692 acie
519 2659 702 2712 semper
751 2641 990 2692 decertare
1037 2639 1242 2692 studuit.

235 2721 496 2792 Polyaenus
526 2739 658 2774 vero
699 2721 884 2774 scribit
933 2731 1244 2789 stratagema

236 2799 380 2852 fuisse
429 2801 675 2865 Caesaris,
721 2798 866 2870 quod
921 2799 1249 2852 simulaverit

237 2894 390 2933 castra
419 2899 664 2945 movere,
695 2879 846 2950 quasi
889 2877 958 2930 ad
989 2899 1103 2932 rem
1131 2879 1246 2930 fru-

233 2961 533 3013 mentariam
543 2957 949 3030 expediendam.
966 2957 1130 3024 Quod
1142 2977 1250 3010 me·

239 3052 288 3092 tu
304 3040 400 3092 rati
427 3039 546 3092 fieri
572 3039 885 3110 Pompeiani
900 3058 1038 3105 ,non
1056 3051 1248 3110 potue-

236 3133 351 3172 runt
379 3139 434 3172 se
469 3119 774 3186 continere,
806 3119 938 3190 quin
969 3119 1250 3170 confestim

239 3197 431 3252 adirent
462 3199 782 3270 Pompeium
798 3235 814 3263 ,
834 3211 888 3251 et
916 3210 1166 3268 cogerent
1195 3217 1250 3250 se

235 3277 297 3330 ad
319 3280 565 3350 praelium
595 3277 808 3331 ducere.
837 3278 978 3330 Gon.

310 3359 360 3412 3.
387 3359 518 3410 Haec
539 3377 754 3428 sperans.
777 3357 1124 3411 Restituimus
1149 3357 1252 3408 kaec

235 3457 294 3490 ex
319 3435 476 3492 codd.
517 3437 712 3491 nostris
722 3455 742 3502 v3
785 3451 840 3490 et
877 3438 982 3490 hoc
1027 3438 1253 3488 verbum

242 3507 428 3588 aptius:
446 3537 575 3570 nam
605 3516 726 3570 duae
759 3529 882 3570 sunt
911 3515 1252 3570 consideran·
1285 3563 1289 3567 .

243 3595 312 3650 dae
337 3618 440 3652 res,
467 3630 550 3640 --
577 3597 802 3668 Sper-ans.
839 3597 948 3652 Pro
977 3616 1086 3669 quo
1115 3615 1254 3648 non-

243 3678 363 3730 nulli
389 3678 633 3732 scribunt
656 3690 954 3748 exspectans.
975 3675 1118 3728 Vide
1137 3695 1253 3746 cap.

246 3757 327 3826 75.
343 3783 418 3792 --
444 3759 696 3810 Insolitum
723 3757 794 3808 ad
815 3757 1025 3808 laborem
1037 3756 1256 3826 Pompeii

245 3842 503 3890 exercitum.
529 3837 599 3891 Et
629 3857 691 3888 ea
723 3837 961 3893 absolute
986 3855 1097 3888 non
1127 3835 1259 3888 acci-

245 3916 457 3986 pienda,
487 3915 580 3969 sed
624 3929 830 3970 tantum
873 3915 942 3968 de
985 3915 1255 3987 equitatu,

245 3998 319 4048 vel
334 4008 484 4068 parte
509 3996 684 4068 aliqua
708 3996 1155 4068 Pompeianarum
1175 4013 1260 4046 co·

245 4076 471 4144 piarum:
505 4095 632 4128 nam
655 4077 798 4147 ipsos
827 4076 1147 4147 cuicumque
1181 4075 1258 4126 la-

246 4153 354 4208 bori
381 4155 662 4210 tolerando
705 4169 936 4214 assuetos
973 4174 1090 4212 esse
1133 4173 1259 4225 pro·

1329 2401 1585 2451 haverant
1604 2438 1619 2465 ,
1652 2416 1821 2468 quum
1867 2396 2193 2447 munitiones
2238 2404 2358 2444 ante

1331 2478 1751 2550 Dyrrhachium,
1764 2476 1947 2548 paucis
1972 2474 2181 2538 diebus,
2194 2472 2362 2526 absol·

1331 2571 1537 2612 vereat.
1562 2557 1707 2610 Vide
1734 2575 1923 2626 supra,
1952 2575 1997 2608 c.
2031 2561 2103 2618 44
2133 2565 2199 2606 et·
2215 2571 2357 2623 seqq.

1417 2645 1471 2701 4.
1494 2639 1739 2696 Det-ensis.
1767 2636 1991 2688 Palatia.
2020 2647 2073 2686 et
2106 2635 2360 2701 Bongars.

1333 2716 1491 2770 codd.
1526 2736 1542 2771 :
1572 2721 1771 2768 incensis
1791 2738 1811 2777 ;
1842 2717 1995 2769 male.
2038 2712 2252 2764 Tendere
2285 2723 2361 2760 ta-

1334 2798 1592 2850 bemacula
1620 2808 1699 2850 est
1723 2799 1903 2865 erigere
1916 2814 1937 2856 ‚·
1952 2791 2101 2846 unde
2124 2795 2358 2851 tentoria,

1335 2891 1396 2930 ut
1428 2878 1607 2948 Virg„
1635 2874 1872 2939 AEneid.,
1895 2893 2003 2928 v111
2020 2911 2036 2939 ,
2058 2871 2194 2926 605:

1447 2986 1458 2994 .
1531 2985 1541 2996 .
1558 2985 1567 2994 .
1586 2984 1596 2994 .
1620 2957 1759 2995 Omnis
1780 2956 1885 3008 legio
1902 2955 2091 2993 tendebat
2106 2954 2147 2990 in
2166 2952 2281 3000 arvis.

1335 3033 1608 3088 Detendere
1634 3046 1713 3085 est
1738 3032 2061 3105 oppositum.
2088 3027 2366 3092 Tin-Lim,

1335 3116 1524 3168 nautici
1536 3113 1846 3164 tabernacula
1856 3111 2218 3164 detendunt.--
2224 3110 2364 3160 Pau-

1337 3195 1386 3246 lo
1406 3207 1519 3246 ante
1528 3231 1544 3254 ,
1562 3206 1701 3244 extra
1719 3193 2051 3264 quotidianam
2068 3189 2367 3242 consuetudi·

1335 3295 1460 3327 nem.
1480 3274 1608 3326 Haec
1625 3274 1788 3326 verba
1812 3274 2003 3326 absunt
2018 3272 2075 3322 in
2092 3269 2367 3323 nonnullis

1339 3352 1521 3418 codd..
1550 3355 1803 3424 leguntur
1842 3353 1901 3406 in
1941 3349 2137 3405 nostris
2153 3387 2169 3414 ,
2192 3366 2367 3418 neque

1334 3447 1518 3486 tamen
1550 3431 1685 3486 adeo
1704 3433 1997 3486 necessaria
2022 3440 2164 3482 sunt.

1425 3515 1477 3566 5.
1498 3513 1581 3574 Si,
1599 3525 1669 3566 ut.
1695 3512 1922 3566 Restitui
1946 3529 2010 3562 ex
2032 3507 2153 3562 cod.
2180 3519 2367 3558 nostro

1339 3606 1648 3665 pervetusto
1684 3593 1836 3661 5764
1854 3609 1873 3656 ;
1897 3589 1987 3642 alii
2008 3607 2021 3640 :
2045 3593 2173 3640 sicut
2191 3605 2372 3656 semper

1343 3671 2022 3744 depoposcimus.Ut1-umque
2037 3667 2165 3718 ferri
2176 3677 2371 3737 potest,

1343 3752 1438 3806 sed
1466 3751 1703 3806 vividior
1737 3762 1919 3802 nostra
1946 3747 2107 3800 lectio
2137 3744 2370 3798 videtur.

1426 3831 1879 3886 CusLXXXVI.
1903 3847 1927 3880 1
1942 3869 1955 3882 .
1979 3829 2234 3897 Pompeius
2260 3843 2374 3896 qwo-

1346 3933 1434 3986 que
1445 3952 1461 3974 ,
1495 3925 1549 3964 ut
1567 3923 1738 3982 postea
1759 3911 2001 3980 cognitum
2018 3919 2119 3970 est,
2140 3918 2232 3959 etc.
2247 3905 2373 3958 Non

1348 4005 1538 4064 sponte
1568 4010 1661 4043 sua
1677 4027 1693 4055 ,
1724 4003 1786 4042 ut
1816 3988 2087 4046 Plutarch.
2122 3985 2285 4038 refert
2314 3984 2373 4036 in

1343 4075 1459 4144 ,ejus
1485 4071 1623 4139 vita,
1646 4068 1739 4122 sed
1770 4086 1991 4130 suorum
2024 4065 2259 4120 dicteriis
2291 4064 2374 4116 in·

1348 4153 1539 4216 citatus
1554 4188 1571 4217 ,
1604 4167 1761 4206 suum
1814 4149 2120 4208 institutum
2178 4144 2376 4200 omisit.
