3025 5025
600 525 754 570 120·

885 504 964 572 C.
1019 500 1312 570 JULII
1367 499 1845 570 CAESARIS
1898 497 2456 570 COMMENT.

586 637 790 706 treius
811 649 1010 729 atque
1033 635 1342 702 Afranius
1357 687 1376 721 ,
1399 653 1609 728 quum
1634 632 2033 728 stipendium
2056 633 2139 700 ab
2160 631 2527 726 legionibus
2550 647 2723 721 pene

587 741 905 812 seditione
925 741 1098 810 facta
1125 740 1535 834 flagitaretur
1556 738 1601 826 ²,
1620 741 1805 832 cujus
1826 738 1920 807 illi
1942 740 2117 808 diem
2140 738 2441 806 nondum
2464 734 2725 802 venisse

587 849 886 917 dicerent
904 900 923 934 ,
952 850 1174 917 Caesar
1203 861 1279 916 ut
1299 861 1763 940 cognosceret,
1801 845 2171 940 postulant3
2194 868 2403 938 eoque
2429 842 2726 933 utrique,

583 954 766 1050 quod
800 955 1028 1024 statuit
1048 1008 1067 1041 ,
1109 953 1404 1023 contenti
1439 951 1727 1021 fuerunt.
1767 955 1961 1021 Parte
2000 954 2262 1021 circiter
2302 950 2497 1018 tertia
2538 969 2725 1014 exer·

586 1063 756 1132 citus
799 1086 878 1129 eo
915 1059 1128 1128 biduo
1168 1060 1468 1145 dimissa,
1504 1062 1576 1127 II
1604 1058 1893 1154 legiones
1936 1083 2086 1128 suas
2116 1056 2541 1140 antecedere,
2578 1050 2729 1120 reli

585 1193 748 1260 quas
794 1167 1103 1285 subsequi
1131 1166 1364 1258 jussit,
1403 1181 1482 1234 ut
1515 1191 1652 1234 non
1694 1164 1895 1260 longo
1937 1168 2110 1234 intel
2154 1189 2223 1233 se
2262 1164 2484 1260 spatio
2512 1171 2734 1228 castra

587 1273 915 1342 facerent·
900 1273 1132 1393 ‚eique
1155 1274 1428 1391 negotio
1452 1266 1538 1360 Ω.
1565 1271 1825 1340 Fufium
1854 1256 2223 1340 Calenum³
2250 1268 2543 1362 legatum
2570 1289 2735 1359 prae·

585 1377 758 1448 fecit.
799 1383 948 1448 Hoc
973 1380 1114 1472 ejus
1157 1379 1545 1474 praescripto
1586 1403 1667 1447 ex
1708 1379 2025 1473 Hispania
2070 1377 2155 1446 ad
2183 1379 2439 1445 Varum
2480 1373 2735 1441 flumen

585 1499 688 1555 est
719 1489 845 1554 iter
879 1485 1133 1554 factum
1149 1540 1168 1574 ,
1207 1500 1404 1578 atque
1446 1485 1540 1553 ibi
1578 1484 1831 1579 reliqua
1874 1509 2029 1580 pars
2072 1484 2398 1552 exercitus
2443 1479 2733 1548 dimissa.

589 1725 717 1765 mnt.
753 1712 864 1766 Cic.
885 1713 1074 1780 ,Verr.
1105 1731 1164 1766 tv
1185 1749 1201 1777 ,
1232 1713 1304 1767 65
1329 1731 1342 1766 ε
1383 1733 1526 1784 quum
1551 1713 1623 1764 ad

581 1805 838 1864 praetorem
871 1794 921 1843 ἰη
941 1794 1028 1861 jus
1059 1793 1334 1845 adissemus.

675 1893 727 1925 2.
766 1873 820 1925 F
818 1873 1122 1942 [agitaretur.
1150 1873 1232 1924 Ira
1259 1869 1413 1924 codd.
1436 1872 1619 1926 Davis.

579 1952 956 2022 flagitat-entur,
989 1962 1051 2003 ut
1091 1952 1158 2003 sit
1201 1949 1529 2022 stipendium
1560 1953 1617 2003 in

590 2049 760 2083 accuS.
791 2049 940 2094 casu,
982 2029 1130 2101 quod
1167 2031 1454 2101 elegantius
1467 2070 1484 2096 ,
1526 2030 1619 2083 sed

590 2122 776 2164 contra
809 2107 965 2163 codd.
1002 2123 1054 2162 et
1085 2108 1206 2162 edd.
1235 2121 1361 2162 vett.

675 2189 727 2242 3.
763 2190 828 2259 Q.
851 2188 1047 2259 Fufium
1072 2189 1317 2240 Calenum.
1346 2189 1426 2241 Ita
1444 2190 1622 2260 legen-

588 2267 720 2322 dum
743 2288 852 2322 esse
873 2269 1250 2333 existimamus,
1263 2288 1374 2320 non
1399 2270 1615 2330 Fusium,

590 2362 652 2402 ut
664 2350 860 2402 habent
871 2349 1014 2420 vulg.
1030 2347 1151 2401 edd.
1168 2361 1397 2401 attamen
1413 2348 1622 2404 codices

589 2429 757 2481 nostri
776 2429 974 2481 habent
989 2430 1145 2480 ambo
1156 2467 1172 2492 ‚
1186 2428 1241 2481 F
1238 2431 1427 2496 useium.
1449 2430 1620 2481 Porro

591 2526 718 2581 gens
767 2507 912 2580 Fufia
951 2508 1181 2581 plebeia,
1230 2507 1325 2561 sed
1383 2511 1621 2563 consula-

591 2590 695 2655 ris,
732 2608 868 2641 nova
918 2588 1044 2641 licet
1073 2607 1086 2642 :
1125 2588 1387 2660 siquidem
1419 2590 1480 2641 L.
1520 2591 1622 2641 Fu-

590 2668 693 2721 fius
747 2670 976 2721 Calenus
1028 2669 1232 2739 primus
1289 2670 1621 2721 tribunatum

591 2748 762 2819 plebis
790 2749 1050 2813 obtinuit,
1081 2768 1202 2800 ann.
1235 2753 1374 2801 662.
1406 2749 1622 2819 Cogno-

591 2846 717 2879 men
767 2827 964 2889 Caleni,
1015 2826 1162 2898 quod
1196 2828 1443 2892 Calibus,
1487 2830 1623 2881 urbe

591 2906 897 2977 Campaniae
917 2905 1176 2959 oriundus
1198 2919 1346 2959 esset.
1371 2908 1504 2959 Eam
1526 2928 1621 2960 vo-

593 2998 678 3037 cat
709 2985 924 3050 Strabo,
955 2986 1049 3039 lib.
1084 3006 1144 3050 v,
1179 2987 1417 3043 Καλῆνων
1453 2989 1623 3055 πόλιν,

594 3063 740 3116 unde
786 3065 843 3116 in
888 3066 994 3117 suis
1039 3066 1270 3117 nummis
1314 3066 1625 3119 inscribitur

595 3143 1065 3197 CALENORUM.
1089 3146 1284 3197 Noster
1309 3159 1484 3198 autem
1511 3160 1626 3199 erat

595 3223 672 3275 fil.
706 3225 768 3277 C.
813 3224 952 3275 Fufii
992 3225 1206 3291 Caleni,
1253 3226 1430 3278 fratris
1467 3226 1625 3278 Lucii

597 3302 664 3355 de
697 3322 804 3375 quo
845 3323 1022 3375 supra.
1062 3305 1116 3357 Is
1149 3318 1438 3376 praeturam
1468 3307 1626 3359 urba-

595 3402 722 3435 nam
765 3396 992 3455 gesserat
1036 3403 1176 3437 anno
1217 3389 1357 3453 694,
1403 3403 1506 3454 qua
1547 3385 1623 3437 le-

597 3482 715 3535 gem
774 3462 841 3515 de
896 3464 1162 3534 suffragiis
1222 3464 1359 3516 tulit.
1419 3464 1624 3516 Praetor

595 3542 962 3615 provincialis,
995 3544 1107 3612 695
1128 3582 1144 3608 ,
1173 3544 1376 3614 legatus
1405 3544 1623 3597 Caesaris

1704 1712 1808 1764 hoc
1834 1711 1892 1763 in
1922 1711 2090 1776 bello;
2122 1708 2337 1762 demum
2374 1727 2481 1761 cos.
2517 1725 2641 1760 cum
2670 1705 2735 1756 P.

1704 1792 1927 1844 Vatinio
1960 1792 2019 1843 in
2049 1809 2245 1862 paucos
2276 1789 2390 1842 dies
2420 1788 2675 1840 suffectus
2706 1804 2739 1838 a

1708 1871 1771 1924 C.
1804 1871 1912 1922 Jul.
1946 1871 2119 1936 Dict.,
2153 1889 2235 1922 an.
2269 1873 2397 1938 706.
2433 1869 2736 1919 Nummum

1704 1949 1864 2022 hujus
1888 1963 2089 2021 argent.
2107 1989 2123 2015 ,
2144 1951 2306 2002 refert
2331 1948 2559 1999 Vaillant
2578 1941 2653 2006 (t.
2678 1963 2702 1997 1
2718 1981 2734 2002 ‚

1704 2048 1823 2100 pag.
1854 2028 2027 2094 454),
2058 2030 2163 2083 hoc
2192 2027 2357 2082 modo
2387 2026 2737 2098 insignitum:

1705 2109 2112 2162 LEIBERTAS.
2153 2111 2329 2181 Caput
2356 2107 2616 2161 libertatis
2648 2124 2741 2157 ve-

1705 2189 1905 2241 latum:
1935 2190 1991 2240 in
2025 2209 2206 2242 aversa
2226 2202 2415 2261 parte:
2436 2188 2503 2253 Q.
2529 2185 2741 2240 CALE-

1708 2268 2304 2334 NVS.COS.;a1iud
2350 2286 2546 2320 nomen
2594 2265 2741 2316 circa

1708 2350 1967 2402 ambitum
1982 2347 2196 2401 videtur
2214 2365 2453 2401 erasum·
2474 2365 2605 2418 apex
2617 2383 2639 2437 .’
2662 2363 2745 2397 se-

1708 2429 1845 2481 curis
1866 2441 1954 2496 ‚et
1984 2428 2179 2492 culter,
2203 2425 2630 2482 sacrificiorum
2614 2425 2743 2476 msi-

1706 2508 1845 2579 gnia.
1878 2509 2037 2562 Hunc
2069 2528 2351 2563 nummum
2377 2521 2499 2579 post
2522 2505 2742 2577 pharsa-

1705 2588 1863 2641 licam
1877 2608 2109 2664 pugnam
2121 2628 2137 2654 ,
2160 2590 2439 2659 occisoque
2458 2585 2740 2657 Pompeio,

1709 2682 1762 2721 et
1781 2668 1846 2720 ad
1866 2667 2262 2739 significandam
2286 2670 2398 2738 ejus
2415 2685 2626 2723 necem,
2649 2684 2744 2717 cu·

1707 2768 1826 2801 sum
1863 2749 2021 2801 fuisse
2062 2748 2275 2801 videtur
2306 2766 2320 2801 :
2356 2744 2483 2799 inde
2512 2746 2735 2807 libet-tas,

1708 2828 1858 2898 quasi
1885 2828 2129 2881 extinctis
2148 2829 2346 2899 Magno
2378 2840 2430 2878 et
2453 2825 2739 2897 Pompeia·

1709 2908 1815 2971 nis,
1852 2907 2026 2961 Caesar
2052 2907 2350 2960 libertatem
2377 2906 2567 2977 populi
2598 2924 2737 2959 rom.

1707 2985 2042 3041 vindicasset.
2066 2988 2276 3039 Nomen
2305 2988 2358 3039 F
2355 2984 2441 3055 ufii
2460 3004 2570 3037 non
2596 2986 2745 3037 Fusii

1708 3079 1856 3138 patet
1885 3067 1942 3118 in
1972 3086 2194 3119 nummo
2232 3066 2331 3118 filii
2370 3066 2529 3136 hujus
2568 3064 2745 3117 nostri

1712 3144 1896 3198 Caleni
1928 3148 2021 3216 qui
2052 3147 2153 3199 fuit
2174 3153 2227 3199 11
2258 3146 2342 3198 vir
2358 3147 2458 3199 sub
2480 3146 2738 3215 Augusto.

1712 3225 1774 3278 C.
1792 3224 1835 3277 I.
1858 3226 1925 3277 N.
1943 3226 2004 3278 C.
2026 3226 2143 3279 EX.
2156 3226 2295 3277 PER
2311 3244 2325 3277 :
2340 3237 2499 3295 caput
2517 3225 2745 3276 Antonii

1711 3304 1981 3357 triumviri
2002 3326 2015 3359 :
2038 3306 2095 3357 in
2113 3324 2295 3359 averso
2318 3305 2507 3369 latere,
2528 3304 2594 3355 T.
2620 3305 2744 3357 FV:

1713 3384 1854 3437 FIO.
1875 3384 1951 3437 M.
1976 3384 2283 3437 AJMILIO.
2302 3386 2372 3437 Π.
2392 3385 2562 3448 VIR.;
2579 3396 2742 3455 caput

1711 3466 1953 3535 Augusti.
1985 3466 2125 3535 Lege
2151 3465 2313 3535 igitur
2334 3465 2401 3533 Q.
2422 3461 2622 3532 Fufium
2644 3462 2742 3517 Ca-

1712 3544 1883 3597 lenum.

596 3678 1185 3749 SUPPLEMENTUM
1221 3700 1318 3747 An
1349 3702 1579 3749 NOTAS
1609 3702 1799 3749 LIBRI
1839 3702 2080 3766 PRIMI,
2106 3702 2164 3749 C.
2207 3702 2410 3747 Lxxv1
2428 3728 2447 3762 ,
2474 3702 2639 3749 NOT.
2672 3674 2735 3747 3.

676 3844 756 3895 De
800 3843 1040 3894 formulis
1087 3840 1435 3912 jurisjurandi
1480 3841 1625 3914 apud

595 3924 892 3985 Romanos,
917 3940 976 3973 ac
1004 3923 1296 3991 praesertim
1330 3920 1397 3975 de
1420 3924 1623 3994 jureju-

595 4000 766 4054 rando
808 4001 1028 4053 militari
1071 4002 1326 4055 nonnulla
1367 4004 1624 4074 attingere

597 4099 709 4133 non
736 4082 994 4133 absonum
1018 4080 1251 4136 vid-etur.
1274 4082 1623 4154 Jusjurandum

603 4160 657 4211 in
685 4161 834 4213 omni
851 4161 1090 4230 quolibet
1112 4176 1232 4215 actu
1259 4161 1500 4216 adhiberi
1523 4182 1623 4234 po-

1712 3855 1847 3896 terat
1860 3882 1873 3905 ,
1896 3842 1988 3895 sed
2029 3844 2285 3897 sollemne
2313 3843 2561 3914 inprimis
2600 3856 2739 3911 erat,

1712 3935 1827 3975 tum
1847 3925 1903 3975 in
1919 3921 2121 3993 judicio
2133 3964 2148 3991 ‚
2161 3921 2287 3977 tum¹
2305 3923 2362 3975 in
2380 3922 2522 3975 bello
2534 3961 2551 3988 ‚
2569 3941 2738 3995 quum

1711 4004 1969 4075 religione
2016 4002 2177 4056 duces
2211 4005 2350 4055 inter
2390 4022 2445 4055 se
2465 4042 2479 4069 ‚
2515 4002 2601 4054 vel
2634 4002 2735 4054 mi-

1710 4082 1830 4135 lites
1862 4102 1984 4154 erga
2014 4081 2205 4137 ducem
2250 4081 2501 4154 adigeret.
2525 4082 2738 4149 Livius„

1710 4162 1809 4217 lib.
1823 4166 1918 4229 48,
1933 4162 2161 4217 Censores
2181 4182 2349 4217 causas
2362 4162 2613 4235 stipendiis
2631 4163 2740 4214 mis-
