<?xml version="1.0" encoding="UTF-8"?>
<!DOCTYPE html PUBLIC "-//W3C//DTD XHTML 1.0 Transitional//EN"
    "http://www.w3.org/TR/xhtml1/DTD/xhtml1-transitional.dtd">
<html xmlns="http://www.w3.org/1999/xhtml" xml:lang="en" lang="en">
 <head>
  <title>
</title>
<meta http-equiv="Content-Type" content="text/html;charset=utf-8" />
  <meta name='ocr-system' content='tesseract 3.04.00' />
  <meta name='ocr-capabilities' content='ocr_page ocr_carea ocr_par ocr_line ocrx_word'/>
</head>
<body>
  <div class='ocr_page' id='page_1' title='image "./caiusjuliuscsar00plutgoog_0027.png"; bbox 0 0 3025 5025; ppageno 0'>
   <div class='ocr_carea' id='block_1_1' title="bbox 594 460 2438 549">
    <p class='ocr_par' dir='ltr' id='par_1_1' title="bbox 594 460 2438 549">
     <span class='ocr_line' id='line_1_1' title="bbox 594 460 2438 549; baseline -0.006 0"><span class='ocrx_word' id='word_1_1' title='bbox 594 499 712 549; x_wconf 74' lang='lat'><strong>12-</strong></span> <span class='ocrx_word' id='word_1_2' title='bbox 873 478 952 546; x_wconf 87' lang='lat' dir='ltr'><strong>c.</strong></span> <span class='ocrx_word' id='word_1_3' title='bbox 1008 460 1316 545; x_wconf 73' lang='lat' dir='ltr'>JULH·</span> <span class='ocrx_word' id='word_1_4' title='bbox 1355 472 1827 543; x_wconf 57' lang='lat' dir='ltr'><strong>CAESARIS</strong></span> <span class='ocrx_word' id='word_1_5' title='bbox 1883 472 2438 544; x_wconf 78' lang='lat' dir='ltr'><strong>COMMENT.</strong></span> 
     </span>
    </p>
   </div>
   <div class='ocr_carea' id='block_1_2' title="bbox 576 592 2759 812">
    <p class='ocr_par' dir='ltr' id='par_1_2' title="bbox 576 592 2759 812">
     <span class='ocr_line' id='line_1_2' title="bbox 578 592 2759 701; baseline -0.001 -21"><span class='ocrx_word' id='word_1_6' title='bbox 578 624 800 680; x_wconf 63' lang='lat' dir='ltr'><strong>terum·</strong></span> <span class='ocrx_word' id='word_1_7' title='bbox 830 610 988 680; x_wconf 84' lang='lat' dir='ltr'><strong>fore&#39;</strong></span> <span class='ocrx_word' id='word_1_8' title='bbox 1013 607 1264 679; x_wconf 84' lang='lat' dir='ltr'>Sullam</span> <span class='ocrx_word' id='word_1_9' title='bbox 1281 592 1305 632; x_wconf 80' lang='lat'>³</span> <span class='ocrx_word' id='word_1_10' title='bbox 1333 608 1508 676; x_wconf 90' lang='lat' dir='ltr'><strong>inter</strong></span> <span class='ocrx_word' id='word_1_11' title='bbox 1542 631 1696 676; x_wconf 90' lang='lat' dir='ltr'><strong>suos</strong></span> <span class='ocrx_word' id='word_1_12' title='bbox 1736 604 2091 701; x_wconf 83' lang='lat' dir='ltr'><strong>gloriatur,</strong></span> <span class='ocrx_word' id='word_1_13' title='bbox 2120 604 2204 673; x_wconf 88' lang='lat' dir='ltr'><strong>ad</strong></span> <span class='ocrx_word' id='word_1_14' title='bbox 2236 628 2436 701; x_wconf 85' lang='lat' dir='ltr'><strong>quem</strong></span> <span class='ocrx_word' id='word_1_15' title='bbox 2466 602 2759 677; x_wconf 51' lang='lat' dir='ltr'><strong>summa*</strong></span> 
     </span>
     <span class='ocr_line' id='line_1_3' title="bbox 576 710 2729 812; baseline -0.002 -27"><span class='ocrx_word' id='word_1_16' title='bbox 576 716 835 812; x_wconf 87' lang='lat' dir='ltr'><strong>imperii</strong></span> <span class='ocrx_word' id='word_1_17' title='bbox 889 715 1132 785; x_wconf 87' lang='lat' dir='ltr'><strong>redeat.</strong></span> <span class='ocrx_word' id='word_1_18' title='bbox 1189 716 1563 810; x_wconf 75' lang='lat' dir='ltr'>Scipionem</span> <span class='ocrx_word' id='word_1_19' title='bbox 1618 711 1849 781; x_wconf 88' lang='lat' dir='ltr'><strong>eadem</strong></span> <span class='ocrx_word' id='word_1_20' title='bbox 1910 736 2059 806; x_wconf 88' lang='lat' dir='ltr'><strong>spes</strong></span> <span class='ocrx_word' id='word_1_21' title='bbox 2114 714 2471 806; x_wconf 80' lang='lat' dir='ltr'><strong>provinciae</strong></span> <span class='ocrx_word' id='word_1_22' title='bbox 2528 710 2729 807; x_wconf 83' lang='lat' dir='ltr'><strong>atque</strong></span> 
     </span>
    </p>
   </div>
   <div class='ocr_carea' id='block_1_3' title="bbox 577 817 2727 962">
    <p class='ocr_par' dir='ltr' id='par_1_3' title="bbox 577 817 2727 962">
     <span class='ocr_line' id='line_1_4' title="bbox 577 817 2727 962; baseline -0.002 -69"><span class='ocrx_word' id='word_1_23' title='bbox 577 826 988 962; x_wconf 62' lang='lat' dir='ltr'><strong>exerqituum</strong></span> <span class='ocrx_word' id='word_1_24' title='bbox 1037 820 1348 916; x_wconf 81' lang='lat' dir='ltr'><strong>impellit,</strong></span> <span class='ocrx_word' id='word_1_25' title='bbox 1387 844 1555 914; x_wconf 89' lang='lat' dir='ltr'><strong>quos</strong></span> <span class='ocrx_word' id='word_1_26' title='bbox 1606 844 1675 888; x_wconf 90' lang='lat' dir='ltr'><strong>se</strong></span> <span class='ocrx_word' id='word_1_27' title='bbox 1726 843 1851 914; x_wconf 91' lang='lat' dir='ltr'><strong>pro</strong></span> <span class='ocrx_word' id='word_1_28' title='bbox 1905 817 2385 888; x_wconf 84' lang='lat' dir='ltr'><strong>necessitudine</strong></span> <span class='ocrx_word' id='word_1_29' title='bbox 2444 821 2727 912; x_wconf 84' lang='lat' dir='ltr'><strong>partitu-</strong></span> 
     </span>
    </p>
   </div>
   <div class='ocr_carea' id='block_1_4' title="bbox 459 917 2729 1061">
    <p class='ocr_par' dir='ltr' id='par_1_4' title="bbox 459 917 2729 1061">
     <span class='ocr_line' id='line_1_5' title="bbox 459 917 2729 1061; baseline -0.002 -64"><span class='ocrx_word' id='word_1_30' title='bbox 459 990 476 997; x_wconf 71' lang='grc'>,</span> <span class='ocrx_word' id='word_1_31' title='bbox 521 917 540 926; x_wconf 57' lang='grc'><em>”</em></span> <span class='ocrx_word' id='word_1_32' title='bbox 577 956 734 1061; x_wconf 85' lang='lat' dir='ltr'><strong>rum⁵</strong></span> <span class='ocrx_word' id='word_1_33' title='bbox 824 955 978 999; x_wconf 92' lang='lat' dir='ltr'><strong>cum</strong></span> <span class='ocrx_word' id='word_1_34' title='bbox 1040 929 1358 1023; x_wconf 90' lang='lat' dir='ltr'><strong>Pompeio</strong></span> <span class='ocrx_word' id='word_1_35' title='bbox 1421 927 1817 1014; x_wconf 80' lang='lat' dir='ltr'><strong>arbitratur3</strong></span> <span class='ocrx_word' id='word_1_36' title='bbox 1872 924 2064 995; x_wconf 88' lang='lat' dir='ltr'><strong>simul</strong></span> <span class='ocrx_word' id='word_1_37' title='bbox 2118 925 2520 1055; x_wconf 84' lang='lat' dir='ltr'><strong>judiciorum</strong></span> <span class='ocrx_word' id='word_1_38' title='bbox 2576 950 2729 993; x_wconf 90' lang='lat' dir='ltr'><strong>me-</strong></span> 
     </span>
    </p>
   </div>
   <div class='ocr_carea' id='block_1_5' title="bbox 571 1017 2731 1771">
    <p class='ocr_par' dir='ltr' id='par_1_5' title="bbox 571 1017 2731 1771">
     <span class='ocr_line' id='line_1_6' title="bbox 571 1017 2731 1129; baseline -0.002 -23"><span class='ocrx_word' id='word_1_39' title='bbox 571 1022 734 1105; x_wconf 85' lang='lat' dir='ltr'><strong>tus⁵</strong></span> <span class='ocrx_word' id='word_1_40' title='bbox 738 1035 1121 1125; x_wconf 86' lang='lat' dir='ltr'><strong>‚adulatio‚</strong></span> <span class='ocrx_word' id='word_1_41' title='bbox 1158 1048 1356 1129; x_wconf 89' lang='lat' dir='ltr'><strong>atque</strong></span> <span class='ocrx_word' id='word_1_42' title='bbox 1392 1034 1749 1102; x_wconf 82' lang='lat' dir='ltr'><strong>ostentatio</strong></span> <span class='ocrx_word' id='word_1_43' title='bbox 1792 1034 1892 1101; x_wconf 87' lang='lat' dir='ltr'><strong>sui</strong></span> <span class='ocrx_word' id='word_1_44' title='bbox 1928 1046 1997 1101; x_wconf 88' lang='lat' dir='ltr'><strong>et</strong></span> <span class='ocrx_word' id='word_1_45' title='bbox 2034 1017 2457 1128; x_wconf 70' lang='lat' dir='ltr'><strong>potentium&#39;6</strong></span> <span class='ocrx_word' id='word_1_46' title='bbox 2460 1086 2479 1120; x_wconf 87' lang='lat'>‚</span> <span class='ocrx_word' id='word_1_47' title='bbox 2515 1033 2629 1126; x_wconf 91' lang='lat' dir='ltr'><strong>qui</strong></span> <span class='ocrx_word' id='word_1_48' title='bbox 2656 1034 2731 1103; x_wconf 83' lang='lat' dir='ltr'><strong>in</strong></span> 
     </span>
     <span class='ocr_line' id='line_1_7' title="bbox 577 1136 2727 1263; baseline -0.002 -52"><span class='ocrx_word' id='word_1_49' title='bbox 577 1141 916 1263; x_wconf 84' lang='lat' dir='ltr'><strong>republica</strong></span> <span class='ocrx_word' id='word_1_50' title='bbox 943 1142 1336 1261; x_wconf 80' lang='lat' dir='ltr'><strong>judiciisque</strong></span> <span class='ocrx_word' id='word_1_51' title='bbox 1365 1154 1512 1209; x_wconf 87' lang='lat' dir='ltr'><strong>tum</strong></span> <span class='ocrx_word' id='word_1_52' title='bbox 1534 1138 1905 1257; x_wconf 83' lang='lat' dir='ltr'><strong>plurimum</strong></span> <span class='ocrx_word' id='word_1_53' title='bbox 1946 1136 2301 1233; x_wconf 81' lang='lat' dir='ltr'><strong>pollebant.</strong></span> <span class='ocrx_word' id='word_1_54' title='bbox 2336 1142 2507 1233; x_wconf 90' lang='lat' dir='ltr'><strong>Ipse</strong></span> <span class='ocrx_word' id='word_1_55' title='bbox 2524 1141 2727 1208; x_wconf 87' lang='lat' dir='ltr'><strong>Pom·</strong></span> 
     </span>
     <span class='ocr_line' id='line_1_8' title="bbox 575 1244 2729 1345; baseline -0.002 -27"><span class='ocrx_word' id='word_1_56' title='bbox 575 1252 801 1345; x_wconf 77' lang='lat' dir='ltr'><strong>peiUS‚</strong></span> <span class='ocrx_word' id='word_1_57' title='bbox 832 1250 917 1318; x_wconf 91' lang='lat' dir='ltr'><strong>ab</strong></span> <span class='ocrx_word' id='word_1_58' title='bbox 973 1249 1272 1317; x_wconf 86' lang='lat' dir='ltr'><strong>inimicis</strong></span> <span class='ocrx_word' id='word_1_59' title='bbox 1308 1247 1586 1317; x_wconf 83' lang='lat' dir='ltr'><strong>Caesaris</strong></span> <span class='ocrx_word' id='word_1_60' title='bbox 1636 1246 1977 1332; x_wconf 80' lang='lat' dir='ltr'><strong>incitatuS‚</strong></span> <span class='ocrx_word' id='word_1_61' title='bbox 2016 1258 2083 1313; x_wconf 88' lang='lat' dir='ltr'><strong>et</strong></span> <span class='ocrx_word' id='word_1_62' title='bbox 2120 1244 2302 1339; x_wconf 91' lang='lat' dir='ltr'><strong>quod</strong></span> <span class='ocrx_word' id='word_1_63' title='bbox 2344 1247 2679 1315; x_wconf 88' lang='lat' dir='ltr'><strong>neminem</strong></span> <span class='ocrx_word' id='word_1_64' title='bbox 2702 1245 2729 1285; x_wconf 82' lang='lat'>⁷</span> 
     </span>
     <span class='ocr_line' id='line_1_9' title="bbox 577 1343 2731 1450; baseline -0.002 -25"><span class='ocrx_word' id='word_1_65' title='bbox 577 1380 804 1425; x_wconf 85' lang='lat' dir='ltr'><strong>secum</strong></span> <span class='ocrx_word' id='word_1_66' title='bbox 845 1356 1168 1450; x_wconf 85' lang='lat' dir='ltr'><strong>dignitate</strong></span> <span class='ocrx_word' id='word_1_67' title='bbox 1209 1354 1555 1450; x_wconf 81' lang='lat' dir='ltr'><strong>exaequari</strong></span> <span class='ocrx_word' id='word_1_68' title='bbox 1581 1350 1881 1439; x_wconf 84' lang='lat' dir='ltr'><strong>volebat,</strong></span> <span class='ocrx_word' id='word_1_69' title='bbox 1918 1343 2133 1420; x_wconf 85' lang='lat' dir='ltr'><strong>totum</strong></span> <span class='ocrx_word' id='word_1_70' title='bbox 2172 1375 2243 1419; x_wconf 90' lang='lat' dir='ltr'><strong>se</strong></span> <span class='ocrx_word' id='word_1_71' title='bbox 2270 1349 2355 1419; x_wconf 88' lang='lat' dir='ltr'><strong>ab</strong></span> <span class='ocrx_word' id='word_1_72' title='bbox 2388 1352 2529 1445; x_wconf 89' lang='lat' dir='ltr'><strong>ejus</strong></span> <span class='ocrx_word' id='word_1_73' title='bbox 2563 1353 2731 1420; x_wconf 85' lang='lat' dir='ltr'><strong>ami-</strong></span> 
     </span>
     <span class='ocr_line' id='line_1_10' title="bbox 577 1458 2730 1553; baseline -0.002 -22"><span class='ocrx_word' id='word_1_74' title='bbox 577 1464 730 1531; x_wconf 89' lang='lat' dir='ltr'><strong>citia</strong></span> <span class='ocrx_word' id='word_1_75' title='bbox 769 1475 1134 1548; x_wconf 82' lang='lat' dir='ltr'><strong>averterat,</strong></span> <span class='ocrx_word' id='word_1_76' title='bbox 1173 1474 1240 1529; x_wconf 90' lang='lat' dir='ltr'><strong>et</strong></span> <span class='ocrx_word' id='word_1_77' title='bbox 1289 1485 1444 1531; x_wconf 88' lang='lat' dir='ltr'><strong>cum</strong></span> <span class='ocrx_word' id='word_1_78' title='bbox 1489 1459 1954 1530; x_wconf 89' lang='lat' dir='ltr'><strong>communibus</strong></span> <span class='ocrx_word' id='word_1_79' title='bbox 2004 1459 2311 1527; x_wconf 91' lang='lat' dir='ltr'><strong>inimicis</strong></span> <span class='ocrx_word' id='word_1_80' title='bbox 2327 1458 2398 1525; x_wconf 92' lang='lat' dir='ltr'><strong>in</strong></span> <span class='ocrx_word' id='word_1_81' title='bbox 2446 1460 2730 1553; x_wconf 83' lang='lat' dir='ltr'><strong>gratiam</strong></span> 
     </span>
     <span class='ocr_line' id='line_1_11' title="bbox 576 1562 2729 1662; baseline -0 -26"><span class='ocrx_word' id='word_1_82' title='bbox 576 1568 861 1638; x_wconf 86' lang='lat' dir='ltr'><strong>redierat</strong></span> <span class='ocrx_word' id='word_1_83' title='bbox 880 1622 900 1656; x_wconf 86' lang='lat'>‚</span> <span class='ocrx_word' id='word_1_84' title='bbox 953 1592 1240 1662; x_wconf 87' lang='lat' dir='ltr'><strong>quorum</strong></span> <span class='ocrx_word' id='word_1_85' title='bbox 1293 1568 1316 1634; x_wconf 91' lang='lat' dir='ltr'><strong>i</strong></span> <span class='ocrx_word' id='word_1_86' title='bbox 1366 1592 1435 1635; x_wconf 90' lang='lat' dir='ltr'><strong>se</strong></span> <span class='ocrx_word' id='word_1_87' title='bbox 1488 1566 1845 1634; x_wconf 85' lang='lat' dir='ltr'><strong>maximam</strong></span> <span class='ocrx_word' id='word_1_88' title='bbox 1896 1579 2155 1659; x_wconf 89' lang='lat' dir='ltr'><strong>partem</strong></span> <span class='ocrx_word' id='word_1_89' title='bbox 2211 1562 2325 1632; x_wconf 91' lang='lat' dir='ltr'><strong>illo</strong></span> <span class='ocrx_word' id='word_1_90' title='bbox 2386 1564 2729 1635; x_wconf 88' lang='lat' dir='ltr'><strong>affinitatis</strong></span> 
     </span>
     <span class='ocr_line' id='line_1_12' title="bbox 575 1670 2727 1771; baseline -0.001 -28"><span class='ocrx_word' id='word_1_91' title='bbox 575 1690 876 1771; x_wconf 88' lang='lat' dir='ltr'><strong>tempore</strong></span> <span class='ocrx_word' id='word_1_92' title='bbox 911 1675 1285 1769; x_wconf 86' lang='lat' dir='ltr'><strong>injunxerat</strong></span> <span class='ocrx_word' id='word_1_93' title='bbox 1363 1674 1627 1743; x_wconf 85' lang='lat' dir='ltr'><strong>Caesari.</strong></span> <span class='ocrx_word' id='word_1_94' title='bbox 1661 1670 1871 1741; x_wconf 88' lang='lat' dir='ltr'><strong>Simul</strong></span> <span class='ocrx_word' id='word_1_95' title='bbox 1906 1670 2491 1739; x_wconf 79' lang='lat' dir='ltr'><strong>infamia&#39;duarum</strong></span> <span class='ocrx_word' id='word_1_96' title='bbox 2522 1670 2727 1767; x_wconf 72' lang='lat' dir='ltr'><strong>legio-</strong></span> 
     </span>
    </p>
   </div>
   <div class='ocr_carea' id='block_1_6' title="bbox 661 1895 1607 1977">
    <p class='ocr_par' dir='ltr' id='par_1_6' title="bbox 661 1895 1607 1977">
     <span class='ocr_line' id='line_1_13' title="bbox 661 1895 1607 1977; baseline -0.001 -18"><span class='ocrx_word' id='word_1_97' title='bbox 661 1906 713 1959; x_wconf 85' lang='grc'><strong>3.</strong></span> <span class='ocrx_word' id='word_1_98' title='bbox 725 1904 880 1977; x_wconf 84' lang='lat' dir='ltr'><strong>Seque</strong></span> <span class='ocrx_word' id='word_1_99' title='bbox 897 1906 1098 1957; x_wconf 81' lang='lat' dir='ltr'><strong>alterum</strong></span> <span class='ocrx_word' id='word_1_100' title='bbox 1105 1908 1220 1973; x_wconf 77' lang='lat' dir='ltr'><strong>sore</strong></span> <span class='ocrx_word' id='word_1_101' title='bbox 1233 1895 1438 1958; x_wconf 62' lang='lat' dir='ltr'><strong>Sullam.</strong></span> <span class='ocrx_word' id='word_1_102' title='bbox 1462 1902 1607 1958; x_wconf 87' lang='lat' dir='ltr'><strong>Plut.</strong></span> 
     </span>
    </p>
   </div>
   <div class='ocr_carea' id='block_1_7' title="bbox 575 1984 1653 2050">
    <p class='ocr_par' dir='ltr' id='par_1_7' title="bbox 575 1984 1653 2050">
     <span class='ocr_line' id='line_1_14' title="bbox 575 1984 1653 2050; baseline 0 -13"><span class='ocrx_word' id='word_1_103' title='bbox 575 1984 636 2037; x_wconf 81' lang='lat' dir='ltr'><strong>in</strong></span> <span class='ocrx_word' id='word_1_104' title='bbox 683 1986 794 2037; x_wconf 79' lang='lat' dir='ltr'><strong>vita</strong></span> <span class='ocrx_word' id='word_1_105' title='bbox 842 1986 1115 2038; x_wconf 83' lang='lat' dir='ltr'><strong>Ciceronis</strong></span> <span class='ocrx_word' id='word_1_106' title='bbox 1139 2024 1155 2050; x_wconf 95' lang='lat'>‚</span> <span class='ocrx_word' id='word_1_107' title='bbox 1198 2004 1244 2038; x_wconf 90' lang='lat' dir='ltr'><strong>c.</strong></span> <span class='ocrx_word' id='word_1_108' title='bbox 1288 2004 1384 2050; x_wconf 83' lang='lat'><strong>20,</strong></span> <span class='ocrx_word' id='word_1_109' title='bbox 1427 1996 1610 2037; x_wconf 80' lang='lat' dir='ltr'><strong>narrat</strong></span> <span class='ocrx_word' id='word_1_110' title='bbox 1648 2012 1653 2018; x_wconf 87' lang='lat'><strong>·</strong></span> 
     </span>
    </p>
   </div>
   <div class='ocr_carea' id='block_1_8' title="bbox 571 2065 1615 4226">
    <p class='ocr_par' dir='ltr' id='par_1_8' title="bbox 571 2065 1611 3079">
     <span class='ocr_line' id='line_1_15' title="bbox 572 2065 1610 2136; baseline 0.001 -20"><span class='ocrx_word' id='word_1_111' title='bbox 572 2066 723 2135; x_wconf 82' lang='lat' dir='ltr'><strong>juxta</strong></span> <span class='ocrx_word' id='word_1_112' title='bbox 753 2082 937 2117; x_wconf 86' lang='lat' dir='ltr'><strong>versus</strong></span> <span class='ocrx_word' id='word_1_113' title='bbox 969 2065 1258 2136; x_wconf 82' lang='lat' dir='ltr'><strong>Sibyllinos</strong></span> <span class='ocrx_word' id='word_1_114' title='bbox 1289 2076 1395 2117; x_wconf 86' lang='lat' dir='ltr'><strong>tres</strong></span> <span class='ocrx_word' id='word_1_115' title='bbox 1423 2079 1610 2117; x_wconf 68' lang='lat' dir='ltr'><strong>mrum</strong></span> 
     </span>
     <span class='ocr_line' id='line_1_16' title="bbox 579 2144 1611 2215; baseline 0.001 -20"><span class='ocrx_word' id='word_1_116' title='bbox 579 2144 838 2197; x_wconf 88' lang='lat' dir='ltr'><strong>Dominos</strong></span> <span class='ocrx_word' id='word_1_117' title='bbox 863 2146 979 2197; x_wconf 81' lang='lat' dir='ltr'><strong>fore</strong></span> <span class='ocrx_word' id='word_1_118' title='bbox 1001 2148 1185 2200; x_wconf 78' lang='lat' dir='ltr'><strong>Romae</strong></span> <span class='ocrx_word' id='word_1_119' title='bbox 1212 2144 1280 2197; x_wconf 91' lang='lat' dir='ltr'><strong>de</strong></span> <span class='ocrx_word' id='word_1_120' title='bbox 1301 2155 1458 2215; x_wconf 83' lang='lat' dir='ltr'><strong>gente</strong></span> <span class='ocrx_word' id='word_1_121' title='bbox 1479 2144 1611 2197; x_wconf 88' lang='lat' dir='ltr'><strong>Cor-</strong></span> 
     </span>
     <span class='ocr_line' id='line_1_17' title="bbox 577 2224 1610 2297; baseline 0.001 -22"><span class='ocrx_word' id='word_1_122' title='bbox 577 2224 719 2277; x_wconf 88' lang='lat' dir='ltr'><strong>nelia</strong></span> <span class='ocrx_word' id='word_1_123' title='bbox 737 2242 752 2277; x_wconf 89' lang='lat'><strong>:</strong></span> <span class='ocrx_word' id='word_1_124' title='bbox 771 2242 998 2295; x_wconf 85' lang='lat' dir='ltr'><strong>quorum</strong></span> <span class='ocrx_word' id='word_1_125' title='bbox 1019 2226 1226 2297; x_wconf 85' lang='lat' dir='ltr'><strong>primus</strong></span> <span class='ocrx_word' id='word_1_126' title='bbox 1238 2226 1301 2277; x_wconf 93' lang='lat' dir='ltr'><strong>L.</strong></span> <span class='ocrx_word' id='word_1_127' title='bbox 1327 2224 1610 2277; x_wconf 84' lang='lat' dir='ltr'><strong>Cornelius</strong></span> 
     </span>
     <span class='ocr_line' id='line_1_18' title="bbox 578 2304 1608 2371; baseline 0.001 -16"><span class='ocrx_word' id='word_1_128' title='bbox 578 2304 751 2357; x_wconf 85' lang='lat' dir='ltr'><strong>Cinna</strong></span> <span class='ocrx_word' id='word_1_129' title='bbox 769 2342 786 2371; x_wconf 87' lang='lat'>,</span> <span class='ocrx_word' id='word_1_130' title='bbox 817 2305 964 2358; x_wconf 89' lang='lat' dir='ltr'><strong>Coss.</strong></span> <span class='ocrx_word' id='word_1_131' title='bbox 995 2323 1119 2358; x_wconf 89' lang='lat' dir='ltr'><strong>cum</strong></span> <span class='ocrx_word' id='word_1_132' title='bbox 1151 2304 1356 2370; x_wconf 79' lang='lat' dir='ltr'><strong>Mari03</strong></span> <span class='ocrx_word' id='word_1_133' title='bbox 1389 2304 1522 2357; x_wconf 87' lang='lat' dir='ltr'><strong>alter</strong></span> <span class='ocrx_word' id='word_1_134' title='bbox 1542 2305 1608 2357; x_wconf 92' lang='lat' dir='ltr'><strong>L.</strong></span> 
     </span>
     <span class='ocr_line' id='line_1_19' title="bbox 578 2384 1609 2457; baseline -0.001 -21"><span class='ocrx_word' id='word_1_135' title='bbox 578 2384 861 2437; x_wconf 87' lang='lat' dir='ltr'><strong>Cornelius</strong></span> <span class='ocrx_word' id='word_1_136' title='bbox 911 2385 1055 2457; x_wconf 81' lang='lat' dir='ltr'><strong>Sylla</strong></span> <span class='ocrx_word' id='word_1_137' title='bbox 1094 2385 1271 2450; x_wconf 84' lang='lat' dir='ltr'><strong>Dict.;</strong></span> <span class='ocrx_word' id='word_1_138' title='bbox 1303 2384 1523 2437; x_wconf 89' lang='lat' dir='ltr'><strong>tertium</strong></span> <span class='ocrx_word' id='word_1_139' title='bbox 1554 2402 1609 2436; x_wconf 87' lang='lat' dir='ltr'><strong>se</strong></span> 
     </span>
     <span class='ocr_line' id='line_1_20' title="bbox 578 2459 1609 2536; baseline 0 -18"><span class='ocrx_word' id='word_1_140' title='bbox 578 2465 694 2518; x_wconf 84' lang='lat' dir='ltr'><strong>fore</strong></span> <span class='ocrx_word' id='word_1_141' title='bbox 711 2466 956 2536; x_wconf 84' lang='lat' dir='ltr'><strong>sperabat</strong></span> <span class='ocrx_word' id='word_1_142' title='bbox 978 2466 1040 2519; x_wconf 89' lang='lat' dir='ltr'><strong>L.</strong></span> <span class='ocrx_word' id='word_1_143' title='bbox 1065 2464 1281 2518; x_wconf 86' lang='lat' dir='ltr'><strong>Cornel.</strong></span> <span class='ocrx_word' id='word_1_144' title='bbox 1302 2463 1397 2536; x_wconf 71' lang='lat' dir='ltr'><strong>qui</strong></span> <span class='ocrx_word' id='word_1_145' title='bbox 1413 2464 1470 2517; x_wconf 87' lang='lat' dir='ltr'><strong>in</strong></span> <span class='ocrx_word' id='word_1_146' title='bbox 1486 2459 1609 2518; x_wconf 60' lang='lat' dir='ltr'><strong>‘car-</strong></span> 
     </span>
     <span class='ocr_line' id='line_1_21' title="bbox 574 2545 1609 2617; baseline 0 -19"><span class='ocrx_word' id='word_1_147' title='bbox 574 2563 694 2598; x_wconf 88' lang='lat' dir='ltr'><strong>cere</strong></span> <span class='ocrx_word' id='word_1_148' title='bbox 717 2545 796 2599; x_wconf 85' lang='lat' dir='ltr'><strong>M.</strong></span> <span class='ocrx_word' id='word_1_149' title='bbox 827 2545 996 2598; x_wconf 89' lang='lat' dir='ltr'><strong>Tullii</strong></span> <span class='ocrx_word' id='word_1_150' title='bbox 1025 2546 1258 2599; x_wconf 87' lang='lat' dir='ltr'><strong>consulis</strong></span> <span class='ocrx_word' id='word_1_151' title='bbox 1276 2547 1426 2617; x_wconf 86' lang='lat' dir='ltr'><strong>jussu</strong></span> <span class='ocrx_word' id='word_1_152' title='bbox 1452 2561 1609 2598; x_wconf 87' lang='lat' dir='ltr'><strong>neca-</strong></span> 
     </span>
     <span class='ocr_line' id='line_1_22' title="bbox 576 2625 1608 2698; baseline -0.002 -19"><span class='ocrx_word' id='word_1_153' title='bbox 576 2638 664 2679; x_wconf 86' lang='lat' dir='ltr'><strong>tus</strong></span> <span class='ocrx_word' id='word_1_154' title='bbox 693 2637 773 2678; x_wconf 88' lang='lat' dir='ltr'><strong>est</strong></span> <span class='ocrx_word' id='word_1_155' title='bbox 786 2663 803 2692; x_wconf 93' lang='lat'><strong><em>,</em></strong></span> <span class='ocrx_word' id='word_1_156' title='bbox 826 2637 1050 2698; x_wconf 88' lang='lat' dir='ltr'><strong>propter</strong></span> <span class='ocrx_word' id='word_1_157' title='bbox 1081 2625 1450 2680; x_wconf 74' lang='lat' dir='ltr'><strong>Catilium-iam</strong></span> <span class='ocrx_word' id='word_1_158' title='bbox 1477 2644 1608 2678; x_wconf 88' lang='lat' dir='ltr'><strong>con·</strong></span> 
     </span>
     <span class='ocr_line' id='line_1_23' title="bbox 571 2705 1609 2798; baseline 0.001 -40"><span class='ocrx_word' id='word_1_159' title='bbox 571 2706 913 2777; x_wconf 85' lang='lat' dir='ltr'><strong>jurationem.</strong></span> <span class='ocrx_word' id='word_1_160' title='bbox 955 2705 1097 2758; x_wconf 86' lang='lat' dir='ltr'><strong>Huic</strong></span> <span class='ocrx_word' id='word_1_161' title='bbox 1136 2717 1352 2758; x_wconf 87' lang='lat' dir='ltr'><strong>mortuo</strong></span> <span class='ocrx_word' id='word_1_162' title='bbox 1388 2718 1609 2798; x_wconf 76' lang='lat' dir='ltr'><strong>quartus</strong></span> 
     </span>
     <span class='ocr_line' id='line_1_24' title="bbox 574 2776 1609 2838; baseline 0.001 -1"><span class='ocrx_word' id='word_1_163' title='bbox 574 2785 676 2838; x_wconf 87' lang='lat' dir='ltr'><strong>iste</strong></span> <span class='ocrx_word' id='word_1_164' title='bbox 720 2784 1002 2838; x_wconf 85' lang='lat' dir='ltr'><strong>Cornelius</strong></span> <span class='ocrx_word' id='word_1_165' title='bbox 1045 2776 1304 2838; x_wconf 83' lang='lat' dir='ltr'><strong>Lentulus</strong></span> <span class='ocrx_word' id='word_1_166' title='bbox 1348 2799 1513 2838; x_wconf 88' lang='lat' dir='ltr'><strong>semet</strong></span> <span class='ocrx_word' id='word_1_167' title='bbox 1550 2786 1609 2838; x_wconf 88' lang='lat' dir='ltr'><strong>in</strong></span> 
     </span>
     <span class='ocr_line' id='line_1_25' title="bbox 575 2866 1610 2938; baseline 0.001 -21"><span class='ocrx_word' id='word_1_168' title='bbox 575 2883 670 2918; x_wconf 85' lang='lat' dir='ltr'><strong>sua</strong></span> <span class='ocrx_word' id='word_1_169' title='bbox 701 2877 880 2919; x_wconf 87' lang='lat' dir='ltr'><strong>mente</strong></span> <span class='ocrx_word' id='word_1_170' title='bbox 910 2866 1258 2920; x_wconf 79' lang='lat' dir='ltr'><strong>suffecturum</strong></span> <span class='ocrx_word' id='word_1_171' title='bbox 1281 2884 1392 2918; x_wconf 87' lang='lat' dir='ltr'><strong>esse</strong></span> <span class='ocrx_word' id='word_1_172' title='bbox 1414 2867 1610 2938; x_wconf 84' lang='lat' dir='ltr'><strong>gloria-</strong></span> 
     </span>
     <span class='ocr_line' id='line_1_26' title="bbox 577 2945 1609 3016; baseline 0.003 -20"><span class='ocrx_word' id='word_1_173' title='bbox 577 2957 682 2998; x_wconf 88' lang='lat' dir='ltr'><strong>tur.</strong></span> <span class='ocrx_word' id='word_1_174' title='bbox 717 2947 798 2996; x_wconf 89' lang='lat' dir='ltr'><strong>De</strong></span> <span class='ocrx_word' id='word_1_175' title='bbox 823 2947 938 3016; x_wconf 83' lang='lat' dir='ltr'><strong>ejus</strong></span> <span class='ocrx_word' id='word_1_176' title='bbox 968 2957 1124 3016; x_wconf 82' lang='lat' dir='ltr'><strong>gente</strong></span> <span class='ocrx_word' id='word_1_177' title='bbox 1149 2945 1420 3011; x_wconf 85' lang='lat' dir='ltr'><strong>dicemus,</strong></span> <span class='ocrx_word' id='word_1_178' title='bbox 1448 2948 1486 2999; x_wconf 90' lang='lat' dir='ltr'><strong>l.</strong></span> <span class='ocrx_word' id='word_1_179' title='bbox 1518 2965 1609 3014; x_wconf 88' lang='lat'>111,</span> 
     </span>
     <span class='ocr_line' id='line_1_27' title="bbox 576 3023 747 3079; baseline -0.02 0"><span class='ocrx_word' id='word_1_180' title='bbox 576 3041 620 3079; x_wconf 81' lang='lat' dir='ltr'><strong>c.</strong></span> <span class='ocrx_word' id='word_1_181' title='bbox 661 3023 747 3078; x_wconf 82' lang='lat'><strong>51.</strong></span> 
     </span>
    </p>

    <p class='ocr_par' dir='ltr' id='par_1_9' title="bbox 571 3105 1610 3561">
     <span class='ocr_line' id='line_1_28' title="bbox 660 3105 1607 3177; baseline 0.001 -21"><span class='ocrx_word' id='word_1_182' title='bbox 660 3111 713 3168; x_wconf 76' lang='grc'><strong>4.</strong></span> <span class='ocrx_word' id='word_1_183' title='bbox 749 3105 885 3176; x_wconf 83' lang='lat' dir='ltr'><strong>Quos</strong></span> <span class='ocrx_word' id='word_1_184' title='bbox 913 3127 964 3158; x_wconf 86' lang='lat' dir='ltr'><strong>se</strong></span> <span class='ocrx_word' id='word_1_185' title='bbox 978 3125 1078 3177; x_wconf 81' lang='lat' dir='ltr'><strong>pro</strong></span> <span class='ocrx_word' id='word_1_186' title='bbox 1114 3107 1455 3159; x_wconf 79' lang='lat' dir='ltr'><strong>necessitudine</strong></span> <span class='ocrx_word' id='word_1_187' title='bbox 1485 3125 1607 3177; x_wconf 82' lang='lat' dir='ltr'><strong>par-</strong></span> 
     </span>
     <span class='ocr_line' id='line_1_29' title="bbox 581 3184 1610 3260; baseline 0.002 -25"><span class='ocrx_word' id='word_1_188' title='bbox 581 3189 801 3248; x_wconf 84' lang='lat' dir='ltr'><strong>titurum,</strong></span> <span class='ocrx_word' id='word_1_189' title='bbox 821 3198 910 3240; x_wconf 84' lang='lat' dir='ltr'><strong>etc.</strong></span> <span class='ocrx_word' id='word_1_190' title='bbox 928 3184 1101 3240; x_wconf 88' lang='lat' dir='ltr'><strong>Ciacc.</strong></span> <span class='ocrx_word' id='word_1_191' title='bbox 1116 3187 1320 3240; x_wconf 81' lang='lat' dir='ltr'><strong>mavult</strong></span> <span class='ocrx_word' id='word_1_192' title='bbox 1336 3207 1444 3260; x_wconf 83' lang='lat' dir='ltr'><strong>quoe</strong></span> <span class='ocrx_word' id='word_1_193' title='bbox 1455 3205 1610 3238; x_wconf 81' lang='lat' dir='ltr'><strong>secum</strong></span> 
     </span>
     <span class='ocr_line' id='line_1_30' title="bbox 571 3269 1605 3338; baseline 0.002 -21"><span class='ocrx_word' id='word_1_194' title='bbox 571 3285 669 3336; x_wconf 80' lang='lat' dir='ltr'><strong>pro</strong></span> <span class='ocrx_word' id='word_1_195' title='bbox 727 3285 901 3319; x_wconf 81' lang='lat' dir='ltr'><strong>necess.</strong></span> <span class='ocrx_word' id='word_1_196' title='bbox 951 3270 1249 3338; x_wconf 80' lang='lat' dir='ltr'><strong>partiturum</strong></span> <span class='ocrx_word' id='word_1_197' title='bbox 1309 3269 1605 3338; x_wconf 82' lang='lat' dir='ltr'><strong>Pompeium.</strong></span> 
     </span>
     <span class='ocr_line' id='line_1_31' title="bbox 577 3346 1610 3420; baseline 0 -22"><span class='ocrx_word' id='word_1_198' title='bbox 577 3346 750 3398; x_wconf 84' lang='lat' dir='ltr'><strong>Bentl.</strong></span> <span class='ocrx_word' id='word_1_199' title='bbox 780 3367 896 3420; x_wconf 81' lang='lat' dir='ltr'><strong>quos</strong></span> <span class='ocrx_word' id='word_1_200' title='bbox 917 3367 968 3398; x_wconf 90' lang='lat' dir='ltr'><strong>se</strong></span> <span class='ocrx_word' id='word_1_201' title='bbox 975 3367 1071 3418; x_wconf 82' lang='lat' dir='ltr'><strong>pro</strong></span> <span class='ocrx_word' id='word_1_202' title='bbox 1092 3365 1193 3400; x_wconf 82' lang='lat' dir='ltr'><strong>nec.</strong></span> <span class='ocrx_word' id='word_1_203' title='bbox 1207 3350 1610 3418; x_wconf 81' lang='lat' dir='ltr'><strong>participaturum</strong></span> 
     </span>
     <span class='ocr_line' id='line_1_32' title="bbox 579 3427 1609 3498; baseline 0.001 -21"><span class='ocrx_word' id='word_1_204' title='bbox 579 3445 684 3478; x_wconf 79' lang='lat' dir='ltr'><strong>enm</strong></span> <span class='ocrx_word' id='word_1_205' title='bbox 709 3428 954 3498; x_wconf 80' lang='lat' dir='ltr'><strong>Pompeio.</strong></span> <span class='ocrx_word' id='word_1_206' title='bbox 989 3427 1199 3482; x_wconf 65' lang='lat' dir='ltr'><strong>Onam..</strong></span> <span class='ocrx_word' id='word_1_207' title='bbox 1213 3427 1430 3497; x_wconf 82' lang='lat' dir='ltr'><strong>Vulgat.</strong></span> <span class='ocrx_word' id='word_1_208' title='bbox 1449 3427 1609 3480; x_wconf 86' lang='lat' dir='ltr'><strong>lectio</strong></span> 
     </span>
     <span class='ocr_line' id='line_1_33' title="bbox 577 3506 959 3561; baseline 0.005 -2"><span class='ocrx_word' id='word_1_209' title='bbox 577 3506 833 3560; x_wconf 83' lang='lat' dir='ltr'><strong>servanda</strong></span> <span class='ocrx_word' id='word_1_210' title='bbox 864 3521 959 3561; x_wconf 87' lang='lat' dir='ltr'><strong>est.</strong></span> 
     </span>
    </p>

    <p class='ocr_par' dir='ltr' id='par_1_10' title="bbox 576 3585 1609 3881">
     <span class='ocr_line' id='line_1_34' title="bbox 663 3585 1609 3658; baseline -0.003 -18"><span class='ocrx_word' id='word_1_211' title='bbox 663 3587 714 3640; x_wconf 85' lang='lat'><strong>5.</strong></span> <span class='ocrx_word' id='word_1_212' title='bbox 743 3588 1045 3640; x_wconf 71' lang='lat' dir='ltr'><strong>Judicc&#39;brum</strong></span> <span class='ocrx_word' id='word_1_213' title='bbox 1071 3599 1235 3640; x_wconf 85' lang='lat' dir='ltr'><strong>metus.</strong></span> <span class='ocrx_word' id='word_1_214' title='bbox 1259 3587 1400 3652; x_wconf 89' lang='lat' dir='ltr'><strong>Quia</strong></span> <span class='ocrx_word' id='word_1_215' title='bbox 1429 3585 1609 3658; x_wconf 87' lang='lat' dir='ltr'><strong>Scipio</strong></span> 
     </span>
     <span class='ocr_line' id='line_1_35' title="bbox 578 3665 1609 3738; baseline 0 -20"><span class='ocrx_word' id='word_1_216' title='bbox 578 3667 825 3738; x_wconf 87' lang='lat' dir='ltr'><strong>Pompeii</strong></span> <span class='ocrx_word' id='word_1_217' title='bbox 862 3687 1039 3733; x_wconf 87' lang='lat' dir='ltr'><strong>socer,</strong></span> <span class='ocrx_word' id='word_1_218' title='bbox 1069 3669 1183 3738; x_wconf 85' lang='lat' dir='ltr'><strong>lege</strong></span> <span class='ocrx_word' id='word_1_219' title='bbox 1211 3665 1460 3737; x_wconf 89' lang='lat' dir='ltr'><strong>pompeia</strong></span> <span class='ocrx_word' id='word_1_220' title='bbox 1491 3666 1609 3718; x_wconf 86' lang='lat' dir='ltr'><strong>fue-</strong></span> 
     </span>
     <span class='ocr_line' id='line_1_36' title="bbox 576 3747 1605 3801; baseline -0.001 -4"><span class='ocrx_word' id='word_1_221' title='bbox 576 3760 662 3800; x_wconf 84' lang='lat' dir='ltr'><strong>rat</strong></span> <span class='ocrx_word' id='word_1_222' title='bbox 691 3765 723 3800; x_wconf 79' lang='lat' dir='ltr'><strong>a</strong></span> <span class='ocrx_word' id='word_1_223' title='bbox 748 3747 1006 3801; x_wconf 88' lang='lat' dir='ltr'><strong>Memmio</strong></span> <span class='ocrx_word' id='word_1_224' title='bbox 1047 3747 1274 3800; x_wconf 83' lang='lat' dir='ltr'><strong>ambitus</strong></span> <span class='ocrx_word' id='word_1_225' title='bbox 1318 3756 1605 3798; x_wconf 87' lang='lat' dir='ltr'><strong>accusatus.</strong></span> 
     </span>
     <span class='ocr_line' id='line_1_37' title="bbox 583 3823 1564 3881; baseline -0.003 0"><span class='ocrx_word' id='word_1_226' title='bbox 583 3828 748 3881; x_wconf 73' lang='lat' dir='ltr'><strong>Cnu..</strong></span> <span class='ocrx_word' id='word_1_227' title='bbox 777 3827 880 3881; x_wconf 88' lang='lat' dir='ltr'><strong>Hic</strong></span> <span class='ocrx_word' id='word_1_228' title='bbox 907 3829 1034 3881; x_wconf 87' lang='lat' dir='ltr'><strong>latet</strong></span> <span class='ocrx_word' id='word_1_229' title='bbox 1063 3823 1335 3879; x_wconf 88' lang='lat' dir='ltr'><strong>mendum.</strong></span> <span class='ocrx_word' id='word_1_230' title='bbox 1367 3826 1419 3877; x_wconf 86' lang='lat' dir='ltr'><strong>J.</strong></span> <span class='ocrx_word' id='word_1_231' title='bbox 1443 3825 1564 3878; x_wconf 82' lang='lat' dir='ltr'><strong>Jur.</strong></span> 
     </span>
    </p>

    <p class='ocr_par' dir='ltr' id='par_1_11' title="bbox 577 3907 1615 4226">
     <span class='ocr_line' id='line_1_38' title="bbox 664 3907 1615 3978; baseline -0.006 -16"><span class='ocrx_word' id='word_1_232' title='bbox 664 3912 718 3962; x_wconf 89' lang='grc'><strong>6.</strong></span> <span class='ocrx_word' id='word_1_233' title='bbox 746 3908 1004 3972; x_wconf 83' lang='lat' dir='ltr'><strong>Adulatio,</strong></span> <span class='ocrx_word' id='word_1_234' title='bbox 1029 3919 1171 3978; x_wconf 83' lang='lat' dir='ltr'><strong>atque</strong></span> <span class='ocrx_word' id='word_1_235' title='bbox 1185 3907 1440 3958; x_wconf 77' lang='lat' dir='ltr'><strong>ostentatio</strong></span> <span class='ocrx_word' id='word_1_236' title='bbox 1463 3909 1541 3958; x_wconf 82' lang='lat' dir='ltr'><strong>sui</strong></span> <span class='ocrx_word' id='word_1_237' title='bbox 1565 3917 1615 3956; x_wconf 77' lang='lat' dir='ltr'><strong>et</strong></span> 
     </span>
     <span class='ocr_line' id='line_1_39' title="bbox 577 3983 1615 4060; baseline 0 -20"><span class='ocrx_word' id='word_1_238' title='bbox 577 3992 860 4060; x_wconf 81' lang='lat' dir='ltr'><strong>potentium.</strong></span> <span class='ocrx_word' id='word_1_239' title='bbox 880 3989 1020 4041; x_wconf 86' lang='lat' dir='ltr'><strong>Male</strong></span> <span class='ocrx_word' id='word_1_240' title='bbox 1036 3987 1094 4038; x_wconf 90' lang='lat' dir='ltr'><strong>in</strong></span> <span class='ocrx_word' id='word_1_241' title='bbox 1108 4005 1201 4039; x_wconf 86' lang='lat' dir='ltr'><strong>sua</strong></span> <span class='ocrx_word' id='word_1_242' title='bbox 1213 3983 1450 4040; x_wconf 83' lang='lat' dir='ltr'><strong>editione</strong></span> <span class='ocrx_word' id='word_1_243' title='bbox 1467 3987 1615 4040; x_wconf 65' lang='lat' dir='ltr'><strong>Gra-</strong></span> 
     </span>
     <span class='ocr_line' id='line_1_40' title="bbox 583 4066 1613 4140; baseline -0.001 -17"><span class='ocrx_word' id='word_1_244' title='bbox 583 4069 701 4123; x_wconf 79' lang='lat' dir='ltr'><strong>vius</strong></span> <span class='ocrx_word' id='word_1_245' title='bbox 715 4069 1023 4122; x_wconf 86' lang='lat' dir='ltr'><strong>:ostentatio</strong></span> <span class='ocrx_word' id='word_1_246' title='bbox 1041 4067 1122 4119; x_wconf 85' lang='lat' dir='ltr'><strong>sui</strong></span> <span class='ocrx_word' id='word_1_247' title='bbox 1131 4066 1432 4140; x_wconf 87' lang='lat' dir='ltr'><strong>potentium</strong></span> <span class='ocrx_word' id='word_1_248' title='bbox 1444 4105 1460 4133; x_wconf 94' lang='lat'><strong>,</strong></span> <span class='ocrx_word' id='word_1_249' title='bbox 1475 4067 1613 4122; x_wconf 80' lang='lat' dir='ltr'><strong>forte</strong></span> 
     </span>
     <span class='ocr_line' id='line_1_41' title="bbox 583 4146 1614 4226; baseline -0.001 -23"><span class='ocrx_word' id='word_1_250' title='bbox 583 4167 762 4203; x_wconf 84' lang='lat' dir='ltr'><strong>errore</strong></span> <span class='ocrx_word' id='word_1_251' title='bbox 779 4147 1005 4206; x_wconf 81' lang='lat' dir='ltr'><strong>librarii.</strong></span> <span class='ocrx_word' id='word_1_252' title='bbox 1025 4146 1340 4226; x_wconf 69' lang='lat' dir='ltr'><strong>Ostentabat</strong></span> <span class='ocrx_word' id='word_1_253' title='bbox 1357 4167 1412 4204; x_wconf 80' lang='lat' dir='ltr'><strong>se</strong></span> <span class='ocrx_word' id='word_1_254' title='bbox 1433 4147 1614 4221; x_wconf 87' lang='lat' dir='ltr'><strong>Scipio</strong></span> 
     </span>
    </p>
   </div>
   <div class='ocr_carea' id='block_1_9' title="bbox 1694 1896 2781 4202">
    <p class='ocr_par' dir='ltr' id='par_1_12' title="bbox 1694 1896 2775 2598">
     <span class='ocr_line' id='line_1_42' title="bbox 1696 1896 2731 1975; baseline -0.001 -19"><span class='ocrx_word' id='word_1_255' title='bbox 1696 1903 1905 1975; x_wconf 86' lang='lat' dir='ltr'><strong>sibique</strong></span> <span class='ocrx_word' id='word_1_256' title='bbox 1928 1896 2268 1969; x_wconf 80' lang='lat' dir='ltr'><strong>adulabatur,</strong></span> <span class='ocrx_word' id='word_1_257' title='bbox 2292 1902 2449 1956; x_wconf 88' lang='lat' dir='ltr'><strong>simul</strong></span> <span class='ocrx_word' id='word_1_258' title='bbox 2468 1914 2521 1955; x_wconf 86' lang='lat' dir='ltr'><strong>et</strong></span> <span class='ocrx_word' id='word_1_259' title='bbox 2538 1913 2731 1974; x_wconf 82' lang='lat' dir='ltr'><strong>poten-</strong></span> 
     </span>
     <span class='ocr_line' id='line_1_43' title="bbox 1696 1982 2733 2055; baseline 0.002 -20"><span class='ocrx_word' id='word_1_260' title='bbox 1696 1982 1868 2049; x_wconf 84' lang='lat' dir='ltr'><strong>tibus,</strong></span> <span class='ocrx_word' id='word_1_261' title='bbox 1900 1983 1996 2054; x_wconf 89' lang='lat' dir='ltr'><strong>qui</strong></span> <span class='ocrx_word' id='word_1_262' title='bbox 2032 1984 2089 2036; x_wconf 89' lang='lat' dir='ltr'><strong>in</strong></span> <span class='ocrx_word' id='word_1_263' title='bbox 2120 2002 2261 2055; x_wconf 89' lang='lat' dir='ltr'><strong>rep.,</strong></span> <span class='ocrx_word' id='word_1_264' title='bbox 2294 1994 2394 2036; x_wconf 86' lang='lat' dir='ltr'><strong>etc.</strong></span> <span class='ocrx_word' id='word_1_265' title='bbox 2436 1982 2587 2036; x_wconf 84' lang='lat' dir='ltr'><strong>Nihil</strong></span> <span class='ocrx_word' id='word_1_266' title='bbox 2626 1983 2733 2037; x_wconf 75' lang='lat' dir='ltr'><strong>hae</strong></span> 
     </span>
     <span class='ocr_line' id='line_1_44' title="bbox 1696 2060 2732 2134; baseline 0 -19"><span class='ocrx_word' id='word_1_267' title='bbox 1696 2063 1887 2116; x_wconf 86' lang='lat' dir='ltr'><strong>tabella</strong></span> <span class='ocrx_word' id='word_1_268' title='bbox 1904 2061 2135 2117; x_wconf 80' lang='lat' dir='ltr'><strong>vividius</strong></span> <span class='ocrx_word' id='word_1_269' title='bbox 2154 2061 2222 2115; x_wconf 91' lang='lat' dir='ltr'><strong>ad</strong></span> <span class='ocrx_word' id='word_1_270' title='bbox 2238 2060 2732 2134; x_wconf 65' lang='lat' dir='ltr'><strong>repraesentandum</strong></span> 
     </span>
     <span class='ocr_line' id='line_1_45' title="bbox 1694 2142 2731 2197; baseline 0.002 -3"><span class='ocrx_word' id='word_1_271' title='bbox 1694 2143 2085 2196; x_wconf 87' lang='lat' dir='ltr'><strong>homunculum</strong></span> <span class='ocrx_word' id='word_1_272' title='bbox 2126 2142 2377 2197; x_wconf 78' lang='lat' dir='ltr'><strong>vanitatis</strong></span> <span class='ocrx_word' id='word_1_273' title='bbox 2412 2154 2467 2196; x_wconf 89' lang='lat' dir='ltr'><strong>et</strong></span> <span class='ocrx_word' id='word_1_274' title='bbox 2496 2154 2731 2196; x_wconf 85' lang='lat' dir='ltr'><strong>ostenta-</strong></span> 
     </span>
     <span class='ocr_line' id='line_1_46' title="bbox 1697 2220 2733 2295; baseline 0.002 -20"><span class='ocrx_word' id='word_1_275' title='bbox 1697 2222 1859 2276; x_wconf 88' lang='lat' dir='ltr'><strong>tionis</strong></span> <span class='ocrx_word' id='word_1_276' title='bbox 1888 2223 2111 2295; x_wconf 88' lang='lat' dir='ltr'><strong>plenum</strong></span> <span class='ocrx_word' id='word_1_277' title='bbox 2126 2260 2143 2289; x_wconf 87' lang='lat'>,</span> <span class='ocrx_word' id='word_1_278' title='bbox 2174 2224 2335 2276; x_wconf 87' lang='lat' dir='ltr'><strong>simul</strong></span> <span class='ocrx_word' id='word_1_279' title='bbox 2384 2220 2444 2277; x_wconf 82' lang='lat' dir='ltr'><strong>ac</strong></span> <span class='ocrx_word' id='word_1_280' title='bbox 2482 2220 2643 2276; x_wconf 81' lang='lat' dir='ltr'><strong>vilem</strong></span> <span class='ocrx_word' id='word_1_281' title='bbox 2674 2235 2733 2277; x_wconf 85' lang='lat' dir='ltr'><strong>et</strong></span> 
     </span>
     <span class='ocr_line' id='line_1_47' title="bbox 1696 2300 2730 2375; baseline 0.001 -20"><span class='ocrx_word' id='word_1_282' title='bbox 1696 2300 1987 2375; x_wconf 83' lang='lat' dir='ltr'><strong>dejectum,</strong></span> <span class='ocrx_word' id='word_1_283' title='bbox 2010 2300 2287 2357; x_wconf 81' lang='lat' dir='ltr'><strong>humiliter</strong></span> <span class='ocrx_word' id='word_1_284' title='bbox 2304 2316 2424 2357; x_wconf 85' lang='lat' dir='ltr'><strong>aute</strong></span> <span class='ocrx_word' id='word_1_285' title='bbox 2440 2301 2603 2375; x_wconf 86' lang='lat' dir='ltr'><strong>pedes</strong></span> <span class='ocrx_word' id='word_1_286' title='bbox 2626 2321 2730 2375; x_wconf 83' lang='lat' dir='ltr'><strong>po-</strong></span> 
     </span>
     <span class='ocr_line' id='line_1_48' title="bbox 1694 2382 2730 2455; baseline 0 -20"><span class='ocrx_word' id='word_1_287' title='bbox 1694 2384 1924 2437; x_wconf 80' lang='lat' dir='ltr'><strong>tentium</strong></span> <span class='ocrx_word' id='word_1_288' title='bbox 1948 2396 2240 2455; x_wconf 86' lang='lat' dir='ltr'><strong>repentem.</strong></span> <span class='ocrx_word' id='word_1_289' title='bbox 2274 2383 2501 2435; x_wconf 85' lang='lat' dir='ltr'><strong>Minime</strong></span> <span class='ocrx_word' id='word_1_290' title='bbox 2530 2382 2730 2436; x_wconf 85' lang='lat' dir='ltr'><strong>sollici-</strong></span> 
     </span>
     <span class='ocr_line' id='line_1_49' title="bbox 1696 2456 2775 2535; baseline 0.002 -19"><span class='ocrx_word' id='word_1_291' title='bbox 1696 2462 1856 2516; x_wconf 86' lang='lat' dir='ltr'><strong>tanda</strong></span> <span class='ocrx_word' id='word_1_292' title='bbox 1886 2476 1965 2518; x_wconf 88' lang='lat' dir='ltr'><strong>est</strong></span> <span class='ocrx_word' id='word_1_293' title='bbox 2004 2477 2187 2518; x_wconf 86' lang='lat' dir='ltr'><strong>nostra</strong></span> <span class='ocrx_word' id='word_1_294' title='bbox 2212 2464 2399 2525; x_wconf 86' lang='lat' dir='ltr'><strong>lectio,</strong></span> <span class='ocrx_word' id='word_1_295' title='bbox 2438 2474 2502 2520; x_wconf 84' lang='lat' dir='ltr'><strong>ut</strong></span> <span class='ocrx_word' id='word_1_296' title='bbox 2529 2464 2732 2535; x_wconf 81' lang='lat' dir='ltr'><strong>absque</strong></span> <span class='ocrx_word' id='word_1_297' title='bbox 2770 2456 2775 2467; x_wconf 60' lang='lat'><strong>¹</strong></span> 
     </span>
     <span class='ocr_line' id='line_1_50' title="bbox 1694 2542 2728 2598; baseline 0 -1"><span class='ocrx_word' id='word_1_298' title='bbox 1694 2545 2001 2598; x_wconf 86' lang='lat' dir='ltr'><strong>necessitate</strong></span> <span class='ocrx_word' id='word_1_299' title='bbox 2038 2546 2282 2597; x_wconf 83' lang='lat' dir='ltr'><strong>fecerunt</strong></span> <span class='ocrx_word' id='word_1_300' title='bbox 2322 2542 2498 2596; x_wconf 81' lang='lat' dir='ltr'><strong>Clarke</strong></span> <span class='ocrx_word' id='word_1_301' title='bbox 2534 2555 2589 2596; x_wconf 90' lang='lat' dir='ltr'><strong>et</strong></span> <span class='ocrx_word' id='word_1_302' title='bbox 2618 2544 2728 2598; x_wconf 87' lang='lat' dir='ltr'><strong>alii.</strong></span> 
     </span>
    </p>

    <p class='ocr_par' dir='ltr' id='par_1_13' title="bbox 1694 2623 2733 3415">
     <span class='ocr_line' id='line_1_51' title="bbox 1780 2623 2730 2695; baseline 0 -18"><span class='ocrx_word' id='word_1_303' title='bbox 1780 2644 1833 2695; x_wconf 91' lang='lat'><strong>7.</strong></span> <span class='ocrx_word' id='word_1_304' title='bbox 1856 2623 2010 2694; x_wconf 81' lang='lat' dir='ltr'><strong>Quod</strong></span> <span class='ocrx_word' id='word_1_305' title='bbox 2016 2627 2245 2677; x_wconf 83' lang='lat' dir='ltr'><strong>neminem</strong></span> <span class='ocrx_word' id='word_1_306' title='bbox 2252 2643 2431 2686; x_wconf 81' lang='lat' dir='ltr'><strong>secum,</strong></span> <span class='ocrx_word' id='word_1_307' title='bbox 2448 2636 2537 2676; x_wconf 79' lang='lat' dir='ltr'><strong>ete.</strong></span> <span class='ocrx_word' id='word_1_308' title='bbox 2556 2623 2730 2678; x_wconf 81' lang='lat' dir='ltr'><strong>Multa</strong></span> 
     </span>
     <span class='ocr_line' id='line_1_52' title="bbox 1694 2701 2732 2777; baseline 0.001 -20"><span class='ocrx_word' id='word_1_309' title='bbox 1694 2723 1819 2758; x_wconf 87' lang='lat' dir='ltr'><strong>cum</strong></span> <span class='ocrx_word' id='word_1_310' title='bbox 1856 2715 1971 2757; x_wconf 85' lang='lat' dir='ltr'><strong>arte</strong></span> <span class='ocrx_word' id='word_1_311' title='bbox 2001 2701 2329 2777; x_wconf 77' lang='lat' dir='ltr'><strong>Pompeium</strong></span> <span class='ocrx_word' id='word_1_312' title='bbox 2358 2704 2518 2757; x_wconf 86' lang='lat' dir='ltr'><strong>nobis</strong></span> <span class='ocrx_word' id='word_1_313' title='bbox 2554 2703 2732 2758; x_wconf 71' lang='lat' dir='ltr'><strong>Caesar</strong></span> 
     </span>
     <span class='ocr_line' id='line_1_53' title="bbox 1695 2782 2731 2857; baseline 0 -19"><span class='ocrx_word' id='word_1_314' title='bbox 1695 2796 2036 2857; x_wconf 67' lang='lat' dir='ltr'><strong>repraesentat</strong></span> <span class='ocrx_word' id='word_1_315' title='bbox 2045 2823 2061 2851; x_wconf 93' lang='lat'>,</span> <span class='ocrx_word' id='word_1_316' title='bbox 2071 2785 2201 2837; x_wconf 85' lang='lat' dir='ltr'><strong>hinc</strong></span> <span class='ocrx_word' id='word_1_317' title='bbox 2220 2784 2559 2838; x_wconf 87' lang='lat' dir='ltr'><strong>ambitiosum</strong></span> <span class='ocrx_word' id='word_1_318' title='bbox 2569 2820 2586 2849; x_wconf 92' lang='lat'>‚</span> <span class='ocrx_word' id='word_1_319' title='bbox 2600 2782 2731 2838; x_wconf 82' lang='lat' dir='ltr'><strong>inde</strong></span> 
     </span>
     <span class='ocr_line' id='line_1_54' title="bbox 1696 2864 2733 2936; baseline 0.001 -19"><span class='ocrx_word' id='word_1_320' title='bbox 1696 2864 1827 2936; x_wconf 87' lang='lat' dir='ltr'><strong>quid</strong></span> <span class='ocrx_word' id='word_1_321' title='bbox 1838 2877 1972 2936; x_wconf 79' lang='lat' dir='ltr'><strong>agat,</strong></span> <span class='ocrx_word' id='word_1_322' title='bbox 1982 2865 2226 2930; x_wconf 86' lang='lat' dir='ltr'><strong>inscium,</strong></span> <span class='ocrx_word' id='word_1_323' title='bbox 2234 2881 2498 2934; x_wconf 85' lang='lat' dir='ltr'><strong>quemque</strong></span> <span class='ocrx_word' id='word_1_324' title='bbox 2510 2864 2733 2918; x_wconf 69' lang='lat' dir='ltr'><strong>caesaris</strong></span> 
     </span>
     <span class='ocr_line' id='line_1_55' title="bbox 1694 2942 2727 3010; baseline -0.001 -12"><span class='ocrx_word' id='word_1_325' title='bbox 1694 2945 1899 2998; x_wconf 86' lang='lat' dir='ltr'><strong>inimici</strong></span> <span class='ocrx_word' id='word_1_326' title='bbox 1907 2946 2191 3010; x_wconf 85' lang='lat' dir='ltr'><strong>volentem,</strong></span> <span class='ocrx_word' id='word_1_327' title='bbox 2201 2944 2472 2996; x_wconf 89' lang='lat' dir='ltr'><strong>nolentem</strong></span> <span class='ocrx_word' id='word_1_328' title='bbox 2486 2942 2727 2998; x_wconf 84' lang='lat' dir='ltr'><strong>trahunt.</strong></span> 
     </span>
     <span class='ocr_line' id='line_1_56' title="bbox 1694 3022 2731 3095; baseline -0.004 -17"><span class='ocrx_word' id='word_1_329' title='bbox 1694 3027 1760 3078; x_wconf 90' lang='lat' dir='ltr'><strong>In</strong></span> <span class='ocrx_word' id='word_1_330' title='bbox 1781 3036 2148 3095; x_wconf 88' lang='lat' dir='ltr'><strong>contemptum</strong></span> <span class='ocrx_word' id='word_1_331' title='bbox 2170 3023 2315 3075; x_wconf 90' lang='lat' dir='ltr'><strong>enim</strong></span> <span class='ocrx_word' id='word_1_332' title='bbox 2338 3023 2516 3089; x_wconf 84' lang='lat' dir='ltr'><strong>venit,</strong></span> <span class='ocrx_word' id='word_1_333' title='bbox 2546 3022 2731 3095; x_wconf 74' lang='lat' dir='ltr'><strong>siquis</strong></span> 
     </span>
     <span class='ocr_line' id='line_1_57' title="bbox 1694 3101 2730 3176; baseline -0.001 -19"><span class='ocrx_word' id='word_1_334' title='bbox 1694 3104 1859 3176; x_wconf 88' lang='lat' dir='ltr'><strong>partis</strong></span> <span class='ocrx_word' id='word_1_335' title='bbox 1880 3103 2179 3175; x_wconf 78' lang='lat' dir='ltr'><strong>&#39;cujuslibet</strong></span> <span class='ocrx_word' id='word_1_336' title='bbox 2222 3101 2331 3155; x_wconf 87' lang='lat' dir='ltr'><strong>dux</strong></span> <span class='ocrx_word' id='word_1_337' title='bbox 2360 3102 2583 3156; x_wconf 85' lang='lat' dir='ltr'><strong>nomine</strong></span> <span class='ocrx_word' id='word_1_338' title='bbox 2608 3115 2730 3156; x_wconf 81' lang='lat' dir='ltr'><strong>tan·</strong></span> 
     </span>
     <span class='ocr_line' id='line_1_58' title="bbox 1694 3181 2732 3252; baseline 0 -16"><span class='ocrx_word' id='word_1_339' title='bbox 1694 3197 1811 3238; x_wconf 88' lang='lat' dir='ltr'><strong>tum</strong></span> <span class='ocrx_word' id='word_1_340' title='bbox 1826 3224 1841 3252; x_wconf 88' lang='lat'>,</span> <span class='ocrx_word' id='word_1_341' title='bbox 1874 3203 1985 3237; x_wconf 91' lang='lat' dir='ltr'><strong>non</strong></span> <span class='ocrx_word' id='word_1_342' title='bbox 2029 3202 2089 3236; x_wconf 85' lang='lat' dir='ltr'><strong>re</strong></span> <span class='ocrx_word' id='word_1_343' title='bbox 2133 3181 2365 3236; x_wconf 82' lang='lat' dir='ltr'><strong>videtur.</strong></span> <span class='ocrx_word' id='word_1_344' title='bbox 2399 3181 2543 3236; x_wconf 87' lang='lat' dir='ltr'><strong>Vide</strong></span> <span class='ocrx_word' id='word_1_345' title='bbox 2564 3183 2732 3236; x_wconf 87' lang='lat' dir='ltr'><strong>Luca-</strong></span> 
     </span>
     <span class='ocr_line' id='line_1_59' title="bbox 1694 3262 2726 3334; baseline 0.001 -18"><span class='ocrx_word' id='word_1_346' title='bbox 1694 3283 1827 3316; x_wconf 90' lang='lat' dir='ltr'><strong>num</strong></span> <span class='ocrx_word' id='word_1_347' title='bbox 1850 3265 1887 3316; x_wconf 92' lang='lat' dir='ltr'><strong>l.</strong></span> <span class='ocrx_word' id='word_1_348' title='bbox 1912 3263 1948 3317; x_wconf 58' lang='lat'><strong>’1</strong></span> <span class='ocrx_word' id='word_1_349' title='bbox 1971 3300 1988 3328; x_wconf 88' lang='lat'><strong>‚</strong></span> <span class='ocrx_word' id='word_1_350' title='bbox 2006 3283 2059 3316; x_wconf 79' lang='lat' dir='ltr'><strong>v.</strong></span> <span class='ocrx_word' id='word_1_351' title='bbox 2089 3262 2225 3330; x_wconf 76' lang='lat'><strong>1253</strong></span> <span class='ocrx_word' id='word_1_352' title='bbox 2247 3275 2302 3316; x_wconf 90' lang='lat' dir='ltr'><strong>et</strong></span> <span class='ocrx_word' id='word_1_353' title='bbox 2316 3275 2552 3316; x_wconf 84' lang='lat' dir='ltr'><strong>nostram</strong></span> <span class='ocrx_word' id='word_1_354' title='bbox 2570 3263 2726 3334; x_wconf 85' lang='lat' dir='ltr'><strong>epist.</strong></span> 
     </span>
     <span class='ocr_line' id='line_1_60' title="bbox 1694 3343 2433 3415; baseline -0.001 -19"><span class='ocrx_word' id='word_1_355' title='bbox 1694 3343 1921 3396; x_wconf 83' lang='lat' dir='ltr'><strong>dedicat.</strong></span> <span class='ocrx_word' id='word_1_356' title='bbox 1964 3343 2071 3396; x_wconf 83' lang='lat' dir='ltr'><strong>vol.</strong></span> <span class='ocrx_word' id='word_1_357' title='bbox 2099 3362 2147 3397; x_wconf 86' lang='lat'><strong>1.</strong></span> <span class='ocrx_word' id='word_1_358' title='bbox 2168 3361 2290 3415; x_wconf 84' lang='lat' dir='ltr'><strong>pag.</strong></span> <span class='ocrx_word' id='word_1_359' title='bbox 2308 3361 2433 3398; x_wconf 75' lang='grc' dir='ltr'><strong>πη.</strong></span> 
     </span>
    </p>

    <p class='ocr_par' dir='ltr' id='par_1_14' title="bbox 1740 3429 2781 3636">
     <span class='ocr_line' id='line_1_61' title="bbox 1740 3429 2781 3503; baseline -0.001 -24"><span class='ocrx_word' id='word_1_360' title='bbox 1740 3434 1840 3479; x_wconf 85' lang='lat' dir='ltr'><strong>Nec</strong></span> <span class='ocrx_word' id='word_1_361' title='bbox 1868 3445 2150 3503; x_wconf 73' lang='lat' dir='ltr'><strong>quemquam</strong></span> <span class='ocrx_word' id='word_1_362' title='bbox 2174 3433 2272 3491; x_wconf 83' lang='lat' dir='ltr'><strong>jam</strong></span> <span class='ocrx_word' id='word_1_363' title='bbox 2289 3429 2414 3477; x_wconf 73' lang='lat' dir='ltr'><strong>ferre</strong></span> <span class='ocrx_word' id='word_1_364' title='bbox 2438 3437 2617 3492; x_wconf 75' lang='lat' dir='ltr'><strong>potest,</strong></span> <span class='ocrx_word' id='word_1_365' title='bbox 2636 3430 2731 3478; x_wconf 76' lang='lat' dir='ltr'><strong>Cae-</strong></span> <span class='ocrx_word' id='word_1_366' title='bbox 2776 3429 2781 3434; x_wconf 70' lang='grc'><strong><em>’</em></strong></span> 
     </span>
     <span class='ocr_line' id='line_1_62' title="bbox 1849 3508 2228 3554; baseline -0.003 -15"><span class='ocrx_word' id='word_1_367' title='bbox 1849 3509 1981 3540; x_wconf 75' lang='lat' dir='ltr'><strong>sarve</strong></span> <span class='ocrx_word' id='word_1_368' title='bbox 2000 3508 2228 3554; x_wconf 72' lang='lat' dir='ltr'><strong>priorem,</strong></span> 
     </span>
     <span class='ocr_line' id='line_1_63' title="bbox 1742 3575 2248 3636; baseline 0.002 -16"><span class='ocrx_word' id='word_1_369' title='bbox 1742 3575 2051 3636; x_wconf 76' lang='lat' dir='ltr'><strong>Pompeiusve</strong></span> <span class='ocrx_word' id='word_1_370' title='bbox 2072 3589 2248 3636; x_wconf 71' lang='lat' dir='ltr'><strong>parem.</strong></span> 
     </span>
    </p>

    <p class='ocr_par' dir='ltr' id='par_1_15' title="bbox 1696 3662 2779 4202">
     <span class='ocr_line' id='line_1_64' title="bbox 1778 3662 2729 3737; baseline 0 -19"><span class='ocrx_word' id='word_1_371' title='bbox 1778 3667 1810 3718; x_wconf 89' lang='lat'><strong>8</strong></span> <span class='ocrx_word' id='word_1_372' title='bbox 1820 3705 1831 3718; x_wconf 94' lang='lat'><strong>.</strong></span> <span class='ocrx_word' id='word_1_373' title='bbox 1846 3662 2152 3735; x_wconf 66' lang='lat' dir='ltr'><strong>Injunxerat.</strong></span> <span class='ocrx_word' id='word_1_374' title='bbox 2168 3665 2453 3737; x_wconf 81' lang='lat' dir='ltr'><strong>Tanquam</strong></span> <span class='ocrx_word' id='word_1_375' title='bbox 2468 3684 2606 3719; x_wconf 86' lang='lat' dir='ltr'><strong>onus</strong></span> <span class='ocrx_word' id='word_1_376' title='bbox 2619 3683 2729 3718; x_wconf 81' lang='lat' dir='ltr'><strong>sus·</strong></span> 
     </span>
     <span class='ocr_line' id='line_1_65' title="bbox 1696 3743 2726 3820; baseline -0.001 -21"><span class='ocrx_word' id='word_1_377' title='bbox 1696 3743 2435 3820; x_wconf 57' lang='lat' dir='ltr'><strong>&amp;piendum-necessitudinis</strong></span> <span class='ocrx_word' id='word_1_378' title='bbox 2454 3746 2636 3817; x_wconf 75' lang='lat' dir='ltr'><strong>gratia.</strong></span> <span class='ocrx_word' id='word_1_379' title='bbox 2652 3745 2726 3798; x_wconf 89' lang='lat' dir='ltr'><strong>V.</strong></span> 
     </span>
     <span class='ocr_line' id='line_1_66' title="bbox 1698 3823 2727 3894; baseline -0.002 -16"><span class='ocrx_word' id='word_1_380' title='bbox 1698 3823 1867 3879; x_wconf 88' lang='lat' dir='ltr'><strong>Gron.</strong></span> <span class='ocrx_word' id='word_1_381' title='bbox 1886 3824 1955 3879; x_wconf 85' lang='lat' dir='ltr'><strong>ad</strong></span> <span class='ocrx_word' id='word_1_382' title='bbox 1969 3825 2087 3880; x_wconf 81' lang='lat' dir='ltr'><strong>Liv.</strong></span> <span class='ocrx_word' id='word_1_383' title='bbox 2108 3843 2235 3894; x_wconf 74' lang='lat' dir='ltr'><strong>vul,</strong></span> <span class='ocrx_word' id='word_1_384' title='bbox 2253 3827 2284 3881; x_wconf 89' lang='lat'><strong>3</strong></span> <span class='ocrx_word' id='word_1_385' title='bbox 2296 3847 2347 3880; x_wconf 62' lang='grc' dir='ltr'><strong>π.</strong></span> <span class='ocrx_word' id='word_1_386' title='bbox 2368 3827 2578 3879; x_wconf 71' lang='lat' dir='ltr'><strong>Onm.</strong></span> <span class='ocrx_word' id='word_1_387' title='bbox 2601 3823 2727 3877; x_wconf 86' lang='lat' dir='ltr'><strong>Seil.</strong></span> 
     </span>
     <span class='ocr_line' id='line_1_67' title="bbox 1700 3905 2767 3974; baseline -0.002 -16"><span class='ocrx_word' id='word_1_388' title='bbox 1700 3905 1831 3958; x_wconf 92' lang='lat' dir='ltr'><strong>dum</strong></span> <span class='ocrx_word' id='word_1_389' title='bbox 1862 3905 2091 3960; x_wconf 77' lang='lat' dir='ltr'><strong>affinitas</strong></span> <span class='ocrx_word' id='word_1_390' title='bbox 2122 3919 2257 3960; x_wconf 79' lang='lat' dir='ltr'><strong>esset</strong></span> <span class='ocrx_word' id='word_1_391' title='bbox 2282 3907 2421 3958; x_wconf 82' lang='lat' dir='ltr'><strong>inter</strong></span> <span class='ocrx_word' id='word_1_392' title='bbox 2450 3905 2641 3974; x_wconf 88' lang='lat' dir='ltr'><strong>Pomp.</strong></span> <span class='ocrx_word' id='word_1_393' title='bbox 2674 3916 2731 3956; x_wconf 89' lang='lat' dir='ltr'><strong>et</strong></span> <span class='ocrx_word' id='word_1_394' title='bbox 2760 3905 2767 3910; x_wconf 81' lang='grc'><strong><em>’</em></strong></span> 
     </span>
     <span class='ocr_line' id='line_1_68' title="bbox 1703 3983 2727 4051; baseline -0.002 -11"><span class='ocrx_word' id='word_1_395' title='bbox 1703 3985 1989 4051; x_wconf 70' lang='lat' dir='ltr'><strong>Caesarem,</strong></span> <span class='ocrx_word' id='word_1_396' title='bbox 2020 3987 2110 4040; x_wconf 87' lang='lat' dir='ltr'><strong>ille</strong></span> <span class='ocrx_word' id='word_1_397' title='bbox 2134 3986 2287 4051; x_wconf 85' lang='lat' dir='ltr'><strong>huie,</strong></span> <span class='ocrx_word' id='word_1_398' title='bbox 2312 3985 2402 4038; x_wconf 88' lang='lat' dir='ltr'><strong>hic</strong></span> <span class='ocrx_word' id='word_1_399' title='bbox 2426 3983 2508 4036; x_wconf 87' lang='lat' dir='ltr'><strong>illi</strong></span> <span class='ocrx_word' id='word_1_400' title='bbox 2531 3983 2727 4038; x_wconf 79' lang='lat' dir='ltr'><strong>amicos</strong></span> 
     </span>
     <span class='ocr_line' id='line_1_69' title="bbox 1702 4064 2731 4138; baseline -0.005 -17"><span class='ocrx_word' id='word_1_401' title='bbox 1702 4085 1825 4122; x_wconf 85' lang='lat' dir='ltr'><strong>suos</strong></span> <span class='ocrx_word' id='word_1_402' title='bbox 1844 4067 2078 4121; x_wconf 77' lang='lat' dir='ltr'><strong>vicissim</strong></span> <span class='ocrx_word' id='word_1_403' title='bbox 2098 4065 2448 4138; x_wconf 78' lang='lat' dir='ltr'><strong>adjunxerant</strong></span> <span class='ocrx_word' id='word_1_404' title='bbox 2461 4103 2477 4130; x_wconf 88' lang='lat'>‚</span> <span class='ocrx_word' id='word_1_405' title='bbox 2502 4075 2565 4118; x_wconf 90' lang='lat' dir='ltr'><strong>ut</strong></span> <span class='ocrx_word' id='word_1_406' title='bbox 2588 4064 2731 4116; x_wconf 83' lang='lat' dir='ltr'><strong>inter</strong></span> 
     </span>
     <span class='ocr_line' id='line_1_70' title="bbox 1702 4141 2779 4202; baseline -0.005 0"><span class='ocrx_word' id='word_1_407' title='bbox 1702 4165 1759 4202; x_wconf 82' lang='lat' dir='ltr'><strong>se</strong></span> <span class='ocrx_word' id='word_1_408' title='bbox 1787 4159 1959 4202; x_wconf 74' lang='lat' dir='ltr'><strong>essent</strong></span> <span class='ocrx_word' id='word_1_409' title='bbox 1996 4145 2299 4202; x_wconf 77' lang='lat' dir='ltr'><strong>communia</strong></span> <span class='ocrx_word' id='word_1_410' title='bbox 2328 4145 2572 4202; x_wconf 59' lang='lat' dir='ltr'><strong>amicitia</strong></span> <span class='ocrx_word' id='word_1_411' title='bbox 2606 4141 2728 4198; x_wconf 80' lang='lat' dir='ltr'><strong>offi·</strong></span> <span class='ocrx_word' id='word_1_412' title='bbox 2772 4145 2779 4150; x_wconf 83' lang='lat'>&#39;</span> 
     </span>
    </p>
   </div>
  </div>
 </body>
</html>
