3025 5025
683 497 834 570 388
1475 499 1613 567 DE
1666 497 2026 567 BELLO

669 645 744 700 et
774 651 980 722 regna
1015 628 1348 697 sociorum
1375 651 1813 722 recuperare,
1838 657 1873 693 >2
1909 628 2139 723 legatis
2174 626 2639 723 respondebat.
2667 628 2803 695 Ma-

673 738 824 831 gnis
853 749 921 803 et
943 736 1275 803 continuis
1309 731 1653 803 itineribus
1680 734 1999 805 confectis
2014 787 2033 822 ‚
2060 757 2267 829 quum
2303 734 2699 804 adventaret
2729 733 2805 802 ad

671 839 1050 935 Nicopolim
1069 834 1146 930 ’.ζ
1172 840 1354 935 quod
1389 839 1711 936 oppidum
1757 843 2049 935 positum
2088 843 2158 910 in
2196 843 2513 911 Armenia
2562 840 2806 910 mimre

667 963 805 1037 est,
834 946 1036 1043 plano
1067 950 1286 1042 ipsum
1312 945 1493 1033 loco,
1514 947 1857 1036 montibus
1888 962 2113 1016 tamen
2141 947 2287 1017 altis
2325 948 2411 1017 ab
2439 945 2705 1016 duobus
2728 945 2806 1016 la·

660 1055 920 1123 teribus
941 1053 1254 1147 objectis,
1277 1055 1432 1122 satis
1457 1076 1705 1147 magno
1726 1053 2073 1123 intervallo
2096 1054 2183 1122 ab
2210 1054 2459 1149 oppido
2486 1046 2806 1142 remotis),

667 1177 883 1230 castra
912 1162 1135 1255 posuit
1163 1159 1360 1254 longe
1387 1184 1428 1227 a
1452 1156 1765 1253 Nicopoli
1798 1161 2059 1229 circiter
2082 1159 2289 1229 millia
2316 1185 2639 1255 passuum
2669 1185 2801 1254 sep-

665 1280 820 1336 tem.
843 1265 1106 1355 Quibus
1125 1291 1207 1334 ex
1219 1267 1453 1334 castris
1467 1289 1677 1359 quum
1695 1264 1879 1336 locus
1900 1281 2221 1360 angustus
2241 1281 2439 1360 atque
2451 1265 2801 1360 impeditus

651 1389 838 1442 esset
875 1371 1316 1442 transeundus
1331 1427 1352 1459 ,
1395 1371 1773 1440 Pharnaces
1814 1373 1885 1440 in
1927 1372 2193 1442 insidiis·
2216 1372 2509 1442 delectos
2559 1372 2802 1467 pedites

661 1505 1026 1574 omnesque
1061 1503 1250 1574 poene
1285 1478 1615 1572 disposuit
1648 1480 1899 1572 equites
1928 1505 1944 1546 ε
1974 1504 2285 1574 magnam
2322 1495 2552 1548 autem
2588 1478 2800 1548 multi-

657 1585 956 1656 tudinem
984 1586 1240 1680 pecoris
1269 1585 1440 1654 intra
1465 1609 1577 1654 eas
1603 1584 1831 1653 fauces
1864 1585 2202 1680 dissipari²
2228 1587 2457 1680 jussit3
2479 1609 2800 1680 paganos·

595 1679 600 1683 ’
657 1717 788 1786 que
835 1707 904 1762 et
964 1692 1332 1786 oppidanos
1384 1693 1454 1758 in
1496 1693 1575 1760 iis
1629 1689 1789 1759 locis
1840 1691 2181 1760 obversari
2218 1718 2234 1760 τ
2282 1707 2355 1760 ut
2375 1746 2396 1779 ‚
2448 1693 2503 1761 si
2556 1693 2799 1763 amicus

653 1801 990 1868 Domitius
1026 1822 1138 1867 eas
1163 1798 1498 1892 angustias
1536 1798 1847 1866 transiret
1864 1852 1883 1885 ‚
1911 1797 2075 1866 nihil
2110 1798 2195 1868 de
2221 1798 2473 1868 insidiis
2510 1799 2797 1893 suspica-

653 1920 874 1991 retur,
911 1930 1119 1998 quum
1141 1905 1210 1971 in
1243 1905 1418 1998 agris
1447 1915 1517 1973 et
1541 1927 1785 2002 pepon-a
1814 1917 1881 1972 et
1906 1903 2211 1974 homines
2244 1904 2797 1976 animadverteret

649 2013 939 2098 versari,
974 2025 1292 2104 tanquam
1331 2010 1698 2078 amicorum
1738 2009 2063 2097 adventu;
2086 2012 2189 2080 sin
2218 2035 2383 2080 vero
2418 2027 2497 2080 ut
2532 2010 2603 2078 in
2638 2011 2795 2081 hos-

651 2118 820 2186 tium
849 2117 1016 2187 fines
1043 2118 1336 2202 veniret,
1360 2114 1585 2210 praeda
1613 2116 1983 2210 diripienda
2016 2115 2255 2186 milites
2288 2117 2793 2212 dissiparentur,

647 2223 1060 2318 dispersique
1091 2221 1531 2316 caederentur.
1606 2261 1613 2266 -

753 2331 1114 2399 XXXVII.
1171 2332 1332 2398 Haec
1368 2352 1577 2422 quum
1616 2327 2135 2418 administraret,
2156 2363 2163 2370 ·
2184 2355 2528 2424 nunquam
2572 2345 2792 2401 tamen

645 2437 1125 2519 intermittebat
1161 2433 1440 2530 ‘legatos
1483 2433 1567 2502 de
1612 2457 1777 2529 pace
1818 2449 2017 2529 atque
2044 2437 2351 2506 vamicitia
2402 2439 2670 2507 mittere
2714 2437 2789 2508 ad

647 2544 1049 2632 Domitium,
1093 2567 1298 2636 quum
1342 2542 1473 2616 hoc
1515 2543 1661 2635 ipso
1712 2542 2014 2612 crederet
2070 2568 2224 2613 eum
2268 2543 2522 2615 facilius
2578 2546 2789 2641 decipi

725 2694 1124 2788 Cnsxxxvl.
1141 2751 1166 2785 1
1180 2771 1192 2783 .
1208 2730 1498 2801 Nicopolim.
1508 2692 1670 2781 aHanc
1760 2740 1851 2781 tur
1866 2765 1883 2795 ,
1904 2728 2105 2782 habent
2132 2749 2316 2783 omnes
2340 2730 2491 2784 MSS.
2521 2742 2577 2783 et
2604 2731 2787 2803 prima

642 2812 906 2867 Armeniae
935 2812 1160 2865 minoris
1192 2830 1220 2863 a
1252 2809 1509 2881 Pompeio
1540 2826 1670 2860 con·
1761 2806 1884 2862 edd.
1909 2828 1923 2867 ς
1956 2813 2051 2861 sive
2078 2814 2283 2871 amicus,
2310 2813 2405 2862 sive
2437 2814 2658 2863 inimicus
2683 2814 2786 2863 Do-

639 2892 811 2946 ditam
827 2908 938 2944 esse
952 2931 966 2959 ,
981 2892 1124 2945 victo
1139 2888 1472 2955 Mithridate,
1487 2908 1517 2942 e
1532 2888 1671 2941 Stra-

640 2973 798 3027 bonis
825 2972 920 3026 lib.
937 2972 1056 3037 κη’,
1081 2970 1276 3042 pagin..
1291 2968 1406 3023 555
1421 3006 1436 3035 ,
1457 2969 1671 3021 monuit

639 3052 916 3105 Cellarius.
936 3049 1073 3103 Add.
1089 3050 1424 3122 Appianum,
1441 3046 1508 3100 de
1530 3048 1662 3100 Bell.

639 3132 982 3201 Mithr.,cap.
1019 3149 1040 3182 1
1060 3130 1156 3196 15,
1178 3150 1230 3201 p.
1265 3128 1394 3181 251.
1423 3128 1499 3180 M.
1525 3128 1668 3179 Prae-

636 3212 960 3282 positionem
975 3210 1046 3260 ad
1059 3210 1292 3263 restituit
1311 3204 1666 3277 Oudendorp.

639 3292 833 3345 Caeaari
863 3290 1040 3354 enim,
1067 3301 1129 3341 ut
1151 3292 1262 3360 jam
1293 3290 1574 3340 observare
1607 3286 1667 3337 li-

629 3372 745 3428 cuit
765 3410 780 3439 ,
805 3369 1236 3442 praepositionem
1266 3380 1387 3420 ante
1420 3367 1664 3418 locorum

631 3451 851 3505 nomina
881 3447 1076 3501 addere
1108 3449 1363 3500 usitatum
1389 3457 1482 3497 est.

717 3551 766 3584 2.
796 3532 1058 3599 Dissapari.
1099 3525 1245 3580 Edit.
1281 3528 1418 3578 Ven.
1470 3531 1613 3595 1471
1646 3564 1662 3602 ,

629 3612 892 3681 disparari.
924 3606 1058 3659 Inde
1094 3608 1266 3659 Bentl.
1299 3604 1514 3675 conjicit
1546 3600 1663 3655 ‘dis-

623 3692 807 3763 palari.
841 3690 972 3741 Mox
991 3706 996 3709 ·
1017 3687 1257 3757 sequitur
1286 3685 1657 3754 dissiparentur.

627 3769 762 3827 Cod.
793 3782 973 3821 noster
998 3768 1060 3817 R.
1095 3766 1244 3833 5768
1275 3784 1303 3817 a
1327 3783 1432 3817 sec.
1461 3782 1657 3829 manu,

627 3850 830 3920 disponi.
848 3870 924 3883 -··-·
948 3845 1017 3897 Ut
1043 3849 1141 3897 sive
1176 3864 1384 3905 amccus,
1416 3847 1514 3895 sive
1559 3846 1659 3895 ini·

626 3935 788 3981 micus.
809 3925 1116 3979 Lectionem
1135 3923 1382 3977 codicum
1409 3923 1656 3976 omnium

623 4005 937 4061 servandam
968 4004 1410 4064 existimavimus3
1442 4021 1569 4055 nam
1602 4013 1657 4053 et

625 4088 795 4141 nostri
823 4105 939 4138 eam
971 4083 1204 4148 habent;
1231 4097 1284 4135 et
1302 4120 1318 4146 ,
1351 4094 1418 4151 ut.
1445 4083 1518 4135 ait
1538 4082 1659 4131 Mo-

625 4184 717 4239 rus
735 4207 750 4236 ,
777 4174 1106 4227 constanter,
1133 4176 1188 4217 et
1213 4159 1457 4218 oudend.
1505 4173 1657 4217 testa·

1754 2891 1862 2940 mit.
1896 2889 2040 2941 Bene
2074 2907 2087 2941 :
2119 2908 2243 2942 nam
2287 2890 2461 2961 prima
2497 2890 2785 2960 Pharnacis

1759 2978 1886 3020 cura
1909 2980 2020 3021 erat
2034 3005 2050 3031 ,
2074 2988 2149 3021 ne
2162 2982 2297 3023 esset
2319 2971 2552 3041 suspicio
2576 2970 2787 3025 insidia-

1758 3066 1880 3099 rum
1897 3086 1911 3115 ,
1953 3066 2291 3119 quocumque
2330 3048 2552 3103 demum
2608 3052 2783 3103 animo

1757 3126 2025 3179 Domitius
2068 3129 2325 3194 venisset3
2371 3130 2533 3183 altera
2558 3168 2575 3195 ,
2608 3142 2704 3196 ut,
2741 3131 2783 3183 si

1755 3206 1935 3259 hostili
1967 3205 2147 3260 animo
2183 3210 2411 3261 venisset
2428 3247 2445 3274 ,
2469 3212 2587 3279 ejus
2618 3210 2783 3282 copie

1754 3284 2157 3358 dissiparentur.
2176 3288 2285 3353 Qui
2300 3288 2445 3341 hunc
2462 3308 2663 3343 nexum
2676 3308 2780 3343 non

1751 3364 2036 3431 viderunt,
2077 3368 2135 3419 hi
2183 3380 2461 3442 mutarunt
2502 3368 2560 3420 id
2580 3410 2596 3436 ,
2640 3368 2781 3441 quod

1752 3443 1911 3497 codd.
1945 3444 2159 3499 habent.
2192 3447 2453 3517 liquibus
2468 3448 2585 3501 haec
2620 3450 2781 3520 expli-

1751 3526 1890 3576 catio
1914 3542 2022 3576 non
2045 3525 2248 3596 placuit
2264 3564 2279 3591 ,
2303 3542 2665 3598 reposuerunt
2691 3548 2778 3581 sua

1752 3604 2071 3658 auctoritate
2107 3618 2163 3657 ut
2202 3609 2248 3657 si
2282 3609 2463 3659 amicus
2484 3646 2501 3669 ‚
2544 3607 2775 3661 delentoe

1748 3687 1846 3737 sive
1882 3687 2126 3747 inimicus,
2164 3686 2289 3756 quia
2316 3686 2481 3758 paulo
2514 3688 2656 3740 infra
2696 3687 2774 3739 di-

1748 3764 1887 3815 citur
1907 3762 2027 3816 :Sin
2067 3782 2185 3815 vero
2217 3778 2274 3816 ut
2304 3771 2357 3817 in
2388 3766 2594 3819 hostium
2616 3767 2773 3837 fines,

1748 3854 1849 3895 etc.
1865 3874 1945 3885 -—
1972 3844 2224 3913 Tanquam
2254 3850 2517 3899 amictu-um
2553 3848 2770 3900 adventu.
2840 3879 2847 3883 ·

1744 3922 1885 3993 Lege
1930 3941 1959 3975 e
2003 3921 2161 3976 codd.
2207 3926 2438 3997 vestigiis
2478 3945 2493 3978 :
2550 3939 2772 4001 tanquam

1744 4006 1997 4053 amicorum
2014 4004 2242 4077 adventus
2254 4018 2611 4079 exspectaretur
2623 4024 2770 4059 :nam

1742 4082 1971 4133 adventus
1986 4082 2185 4136 habent
2200 4084 2331 4139 libri
2344 4086 2509 4151 honi3
2530 4096 2769 4157 exspecta-

1743 4173 1879 4213 retur
1892 4180 2053 4235 ‚unus-
2082 4162 2163 4216 Μ.
