3025 5025
944 432 1020 498 C.
1077 429 1364 497 JULII
1421 428 1891 495 CAESARIS
1946 428 2495 499 COMMENT.

623 562 914 649 dedisse,
957 561 1244 657 potitum
1283 584 1424 631 esse
1468 560 1761 629 hostium
1798 562 2065 647 castri5‚
2104 559 2431 654 expulisse
2466 586 2543 630 ac
2576 587 2769 656 supe-

561 738 571 747 ,
624 692 800 739 rasse
833 682 1242 763 pugnantes:
1277 666 1424 754 sed,
1444 667 1583 735 sive
1612 669 1910 763 ipsorum
1939 668 2389 761 perturbati0‚
2418 670 2553 737 sive
2580 694 2769 737 error

623 776 856 869 aliquis
870 828 890 863 ‚
949 776 1089 843 sive
1145 766 1346 843 etiam
1404 773 1671 842 fortuna
1724 788 1981 869 partam
1999 760 2023 803 ⁴
2059 774 2199 867 jam
2244 790 2767 869 praesentemque

620 884 972 951 victoriam
1015 879 1567 975 interpellavisset
1586 933 1605 968 ‚
1640 879 1928 951 dandam
1978 881 2287 949 omnibus
2342 906 2649 976 operam,
2691 896 2768 949 ut

621 1002 971 1083 acceptum
1005 986 1508 1057 incommodum
1550 989 1797 1057 virtute
1843 989 2201 1057 sarciretur
2237 1013 2252 1055 ε
2290 988 2471 1081 quod
2508 990 2563 1057 si
2599 978 2769 1057 esset

622 1095 910 1181 factum,
943 1094 1420 1163 detrimentum
1463 1095 1531 1162 in
1578 1094 1831 1163 bonum
1874 1078 2221 1177 verteret⁵,
2246 1096 2345 1162 uti
2388 1095 2475 1163 ad
2512 1097 2765 1188 Gergo-

620 1204 798 1269 viam
835 1202 1184 1271 accidisset
1204 1254 1224 1287 ,
1273 1216 1472 1295 atque
1509 1201 1587 1287 ii,
1630 1202 1743 1293 qui
1791 1215 1944 1269 ante
1983 1200 2301 1269 dimicare
2355 1202 2726 1269 timuissent
2746 1253 2765 1287 ‚

621 1307 800 1378 ultro
833 1332 904 1377 se
944 1306 1174 1403 praelio
1211 1306 1553 1377 offerrent.
1594 1336 1629 1372 »

730 1416 1050 1485 LXXIV.
1109 1418 1254 1483 Hac
1311 1414 1541 1482 habita
1600 1414 1958 1501 concione,
2012 1412 2369 1483 nonnullos
2424 1413 2765 1507 signiferos

620 1522 986 1616 ignominia
1025 1522 1283 1590 notavit
1294 1519 1338 1605 ¹,
1360 1544 1439 1589 ac
1470 1519 1622 1589 loco
1648 1522 1879 1589 movit.
1917 1521 2257 1590 Exercitui
2286 1516 2555 1613 quidem
2591 1521 2767 1589 omni

623 1642 848 1697 tantus
882 1629 1152 1697 incessit
1187 1652 1268 1695 ex
1304 1626 1732 1697 incommodo
1776 1626 2002 1709 dolor,
2044 1641 2437 1720 tantumque
2480 1626 2768 1695 studium

626 1734 916 1804 infamiae
947 1733 1337 1821 sarciendae,
1364 1748 1441 1801 ut
1473 1758 1674 1803 nemo
1690 1787 1709 1822 ‚
1744 1748 1861 1803 aut
1897 1734 2181 1821 tribuni,
2216 1748 2333 1802 aut
2365 1735 2769 1802 centurionis

623 1843 978 1935 imperium
1018 1839 1423 1917 desideraret
1440 1893 1461 1927 ‚
1497 1856 1567 1909 et
1607 1840 1729 1909 sibi
1772 1842 2047 1935 quisque
2092 1842 2289 1910 etiam
2330 1865 2545 1934 poenae
2582 1840 2731 1909 loco
2747 1838 2766 1863 ²

625 1949 966 2042 graviores
1029 1948 1402 2040 imponeret
1455 1945 1717 2017 labores
1744 2001 1763 2035 ,
1812 1946 2139 2041 simulque
2189 1971 2421 2029 omnes
2470 1947 2773 2015 arderent

629 431 774 501 282

631 2166 790 2217 Hunc
809 2166 954 2227 enim
983 2163 1249 2216 mendacii
1282 2176 1512 2234 arguunt
1542 2182 1661 2234 quae

629 2244 828 2297 dixerit
850 2246 989 2315 ipse,
1009 2245 1182 2315 capite
1213 2242 1535 2315 praecedenti
1552 2282 1568 2308 ‚
1594 2242 1663 2295 de

629 2329 882 2398 iniquitate
919 2337 970 2376 et
999 2326 1236 2395 angustiis
1275 2324 1385 2377 loci.
1417 2322 1664 2377 Callidis-

631 2408 766 2459 sima
787 2418 866 2459 est
888 2406 1001 2463 liaec
1021 2404 1240 2458 Caesaris
1258 2404 1430 2457 oratio
1450 2442 1464 2470 ,
1487 2417 1541 2457 et
1566 2423 1665 2475 op-

635 2487 828 2540 timum
859 2487 916 2540 in
949 2486 1107 2559 hujus
1137 2484 1344 2556 generis
1375 2484 1665 2538 occasioni·

633 2569 736 2622 bus
762 2567 1095 2638 exemplum;
1118 2567 1266 2618 nulla
1293 2565 1439 2618 enim
1465 2565 1669 2618 omittit

634 2661 946 2719 argumenta
981 2646 1197 2717 quibus'
1219 2663 1494 2716 resurgere
1542 2664 1665 2722 pos-

637 2729 744 2781 sint
770 2728 922 2782 fracti
948 2727 1183 2780 militum
1218 2725 1417 2790 animi,
1443 2725 1666 2794 quibus-

638 2827 742 2880 que
766 2807 1170 2877 perturbationis,
1209 2808 1384 2857 erroris
1395 2843 1410 2867 ,
1443 2806 1667 2870 sortunoe

639 2886 849 2943 cladem
875 2887 1024 2938 illam
1054 2885 1280 2951 efficiat,
1299 2903 1421 2956 qua>
1445 2885 1666 2938 omnino

640 2967 954 3020 temeritatis
969 2978 1064 3018 est.

722 3054 774 3111 4.
810 3048 1032 3099 Part-am.
1078 3045 1187 3100 Alii
1211 3057 1440 3115 paratam
1453 3065 1474 3107 ,·
1507 3044 1663 3096 male-

641 3128 758 3180 Hoc
784 3127 904 3180 loco
928 3138 1125 3196 partam
1155 3123 1301 3178 idem
1329 3126 1471 3178 valet
1498 3144 1557 3176 ac
1584 3143 1670 3176 su·

640 3226 739 3280 pra
757 3243 775 3272 ‚
801 3225 848 3260 c.
879 3225 980 3276 70,
1008 3206 1295 3276 expeditam.
1326 3238 1410 3248 -—
1433 3205 1666 3276 Interpel-

642 3288 850 3340 lavisset.
893 3285 1080 3357 Scalig·
1109 3304 1122 3338 ε
1164 3286 1571 3356 interpellassent,
1606 3296 1669 3336 ut

639 3367 902 3421 referatur
929 3365 998 3419 ad
1023 3366 1204 3420 omnia
1231 3385 1390 3436 supra
1415 3363 1575 3418 dicta.

729 3448 780 3505 5.
803 3447 955 3517 Quod
973 3449 1020 3498 .ςί
1042 3459 1162 3498 esset
1170 3449 1386 3514 factum,
1417 3446 1671 3498 detrimen·-

645 3540 744 3580 tum
770 3532 819 3582 in
849 3527 1021 3580 bonam
1048 3537 1274 3578 verteret.
1295 3527 1376 3576 Ita
1394 3523 1514 3577 cod.
1542 3544 1668 3577 nos·

642 3620 724 3661 ter
753 3609 818 3660 R.
858 3607 1009 3679 5768
1029 3644 1046 3671 ‚
1084 3619 1138 3660 et
1173 3606 1262 3660 alii
1292 3605 1565 3676 permulti.
1600 3607 1672 3656 At

641 3689 774 3742 alter
803 3687 954 3758 5764
991 3705 1006 3740 :
1049 3687 1203 3756 Quod
1226 3689 1272 3738 si
1299 3698 1420 3737 esset
1443 3689 1664 3754 Jaemm,

639 3780 698 3824 ut
707 3769 1036 3820 detrimentum
1055 3771 1105 3818 in
1125 3767 1296 3820 bonum
1312 3778 1535 3819 verteret.
1552 3767 1691 3841 Un-¹

560 3852 567 3858 '
637 3847 708 3902 de
733 3847 955 3902 Vossius
1001 3845 1152 3900 addit
1186 3865 1200 3900 ε
1231 3849 1348 3914 fior-e
1389 3859 1445 3898 ut
1481 3848 1670 3899 dett-im.

639 3932 694 3980 in
727 3928 836 3980 bon.
868 3938 993 3980 vert.
1023 3927 1268 3982 Davisius
1295 3945 1308 3980 ε
1332 3929 1559 3996 ῥιίιινιιηι
1584 3940 1670 3990 ut;

639 4007 1024 4078 elegantissima
1036 4008 1255 4073 locutio,
1267 4010 1418 4079 cujus
1431 4008 1675 4079 exempla

639 4085 945 4157 suppeditat
965 4089 1051 4140 Jo.
1077 4085 1347 4152 ClericuS,
1367 4089 1426 4142 in
1453 4089 1669 4142 Cornel.

1752 2164 1934 2217 Severi
1960 2167 2121 2217 AEtna
2136 2203 2152 2229 ,
2175 2182 2312 2217 vers.
2338 2164 2471 2228 504.
2502 2166 2771 2219 Manutius

1752 2244 2067 2314 simpliciter
2096 2262 2111 2295 :
2146 2244 2297 2315 Quod
2317 2257 2440 2295 esset
2456 2248 2673 2311 sacuam,
2694 2245 2773 2295 de-

1756 2327 2025 2376 trimentum
2068 2328 2120 2375 in
2150 2324 2323 2375 bonum
2354 2337 2583 2378 verteret.
2628 2323 2772 2377 Leid.

1752 2402 1871 2457 cod.
1899 2417 2190 2466 verteretur,
2212 2403 2406 2458 eodem
2432 2424 2609 2457 sensu.
2636 2407 2774 2457 Inter

1752 2484 1849 2539 has
1877 2484 2133 2538 lectiones
2164 2485 2335 2538 forma
2362 2497 2575 2538 tantum
2605 2483 2771 2538 diver·

1754 2584 1835 2617 sas
1856 2565 2039 2636 seligat
2060 2566 2245 2619 lector.
2261 2589 2338 2600 --
2358 2567 2454 2619 Ad
2472 2565 2772 2636 Gergoviam.

1753 2645 1883 2697 Bell.
1909 2645 2050 2698 Gall.
2084 2646 2179 2698 lib.
2212 2663 2327 2710 vn,
2357 2665 2405 2699 c.
2452 2646 2516 2698 51
2550 2657 2609 2699 et
2635 2663 2769 2716 seqq.

1834 2725 1963 2780 Cn».
2004 2726 2258 2778 LXXIV.
2310 2743 2357 2778 1.
2404 2726 2679 2787 Nonnullos
2710 2728 2772 2776 si-

1748 2808 1965 2874 gnzfiros
1996 2809 2263 2874 ignominia
2294 2810 2495 2860 notavit.
2524 2806 2645 2858 Hoc
2678 2823 2771 2877 pro

1752 2885 2031 2938 clementia
2074 2885 2295 2937 Caesaris
2310 2924 2326 2952 ,
2360 2905 2473 2938 non
2501 2905 2605 2958 pro
2634 2901 2774 2937 more

1754 2966 1997 3017 Romano
2011 2983 2027 3030 ;
2042 2985 2169 3018 nam
2188 2965 2283 3036 qui
2304 2967 2453 3037 signa
2470 2967 2773 3028 amiserant,

1752 3045 2110 3116 ignominiosa
2134 3045 2384 3116 peribant
2409 3057 2603 3098 morte.
2623 3042 2773 3098 Unde

1755 3124 1899 3197 apud
1922 3126 2039 3178 Liv.
2068 3126 2105 3178 l.
2131 3142 2178 3178 11
2194 3143 2270 3190 ,c.
2294 3126 2323 3178 5
2332 3144 2396 3194 9:
2423 3127 2635 3178 Inermes
2652 3124 2772 3176 mili·

1756 3217 1825 3258 tes
1838 3245 1853 3268 ,
1886 3211 2031 3276 signo
2058 3209 2233 3257 amisso
2256 3208 2513 3275 signiferos
2527 3243 2545 3269 ,
2562 3205 2771 3276 duplica-

1755 3291 1943 3360 riosque
1962 3289 2049 3358 qui
2068 3287 2359 3358 reliquerant
2384 3287 2603 3347 ordines,
2626 3287 2772 3354 virgis

1756 3385 1902 3419 caesos
1946 3371 2103 3417 securi
2141 3369 2391 3436 percussit.
2443 3367 2620 3418 Obvia
2658 3375 2773 3417 sunt

1754 3447 2009 3518 exempla.
2045 3448 2111 3498 D.
2136 3445 2383 3499 Vmerus·

1843 3547 1893 3580 2.
1927 3527 2004 3578 Et
2020 3526 2118 3578 sibi
2145 3530 2341 3598 quisque
2364 3530 2511 3578 etiam
2535 3545 2691 3597 poenoe
2711 3524 2773 3574 Io·

1756 3627 1813 3658 eo
1826 3647 1842 3670 ,
1868 3618 1959 3659 ete.
1988 3607 2217 3678 Appian.
2252 3603 2403 3658 addit
2430 3606 2575 3678 ipsos
2604 3603 2771 3677 petiis-

1758 3706 1815 3740 se
1829 3726 1845 3754 ‚
1862 3706 2013 3741 more
2034 3687 2213 3758 patrio
2226 3703 2247 3752 ,‘
2257 3684 2518 3739 decimam
2542 3687 2773 3758 ipsorum

1756 3780 1963 3838 partem
1992 3786 2021 3819 a
2048 3767 2253 3822 Caesare
2274 3767 2525 3819 multari:
2546 3771 2671 3820 Θεοῦ
2697 3765 2774 3814 αὖ·

1759 3848 1871 3908 τοὺς
1916 3847 1997 3901 ἐπὶ
2039 3847 2303 3918 perditurae
2355 3835 2591 3918 ἄγοντός,
2638 3839 2775 3914 quod

1760 3945 1928 3999 quum
1971 3941 2239 3980 recusaret
2258 3967 2273 3996 ,
2299 3928 2484 3981 saltem
2526 3938 2589 3978 ut
2628 3921 2775 3994 signi·

1760 4009 1903 4061 feros
1934 4008 2198 4080 supplicio
2242 4007 2511 4061 afficeret:
2544 4003 2637 4059 sed
2660 4019 2773 4055 oon-

1762 4100 1941 4142 tentus
1976 4101 2057 4142 est
2084 4107 2173 4142 eos
2210 4089 2330 4142 loco
2364 4087 2607 4141 movisse.
2644 4083 2776 4136 Gon.
