3025 5025
684 463 837 552 430
1492 463 1630 532 DE
1684 460 2041 532 BELLO'

681 595 926 666 Incidit
950 619 1069 690 per
1095 594 1163 662 id
1193 607 1455 688 tempus
1476 646 1497 680 ,
1527 607 1605 662 ut
1629 605 2054 688 tempestates
2081 591 2166 660 ad
2194 589 2636 684 navigandum
2663 574 2791 660 ido-

684 727 842 770 neas
870 725 1009 770 non
1037 701 1353 786 haberet3
1384 699 1590 768 nihilo
1624 713 1849 768 tamen
1885 699 2105 766 minus
2133 697 2202 766 in
2231 697 2514 766 navibus
2543 699 2793 817 remiges

682 807 1053 901 militesque
1090 808 1469 892 nominem,
1496 821 1564 873 et
1591 803 1842 874 nullam
1870 805 2378 898 piaetermittere
2409 807 2793 872 occasionem

682 913 1159 1008 profectionis3
1204 937 1410 1018 quum
1454 913 1820 1008 praesertim
1869 910 1954 979 ab
2009 910 2242 981 incolis
2285 911 2426 1002 ejus
2468 911 2794 1004 provinciae

682 1022 1151 1088 nuntiarentur
1206 1009 1736 1090 adversariorum
1796 1019 2048 1110 copiae,
2097 1019 2430 1109 equitatus
2495 1015 2762 1085 infinitus
2775 1069 2792 1101 ‚
2869 1078 2887 1092 .

681 1126 972 1221 legiones
1017 1127 1211 1220 regiae
1255 1122 1393 1193 1V²
1400 1123 1615 1211 ‚levis
1659 1137 2012 1192 armaturae
2055 1146 2298 1216 magna
2340 1124 2440 1189 vis
2455 1123 2790 1216 ‚Scipionis

682 1233 973 1326 legiones
1016 1231 1082 1300 X
1102 1285 1121 1318 ‚
1149 1231 1484 1325 elephanti
1519 1232 1746 1313 CXX,
1787 1229 2178 1322 classesque·
2199 1253 2341 1310 esse
2385 1227 2741 1322 complures
2776 1254 2788 1295 ε

683 1335 906 1408 tamen
956 1363 1094 1406 non
1156 1337 1662 1424 deterrebatur3
1710 1338 2066 1431 animoque
2125 1349 2191 1402 et
2251 1361 2281 1403 s
2329 1360 2368 1402 e
2431 1334 2794 1403 confidebat.

681 1446 961 1514 Interim
1012 1446 1081 1511 in
1133 1443 1271 1511 dies
1319 1457 1387 1510 et
1438 1467 1642 1511 naves
1692 1442 1906 1537 longae
1954 1441 2269 1535 adaugeri
2311 1495 2331 1528 ‚
2385 1455 2452 1508 et
2511 1443 2800 1510 onerariae

683 1549 1061 1671 complures
1094 1549 1328 1620 eodem
1359 1573 1794 1636 concurrere,
1822 1561 1890 1616 et
1917 1546 2208 1642 legiones
2245 1549 2539 1616 tironum
2577 1573 2798 1616 conve-

685 1661 877 1744 nire,
920 1659 988 1725 in
1030 1643 1169 1724 his⁴
1199 1671 1513 1724 veterana
1552 1654 1723 1750 legio
1763 1658 1862 1741 V,
1899 1656 2196 1747 equitum
2233 1653 2318 1722 ad
2353 1653 2491 1722 duo
2527 1653 2734 1722 millia.

790 1766 879 1832 ΙΙ.
936 1757 1344 1856 Legionibus
1380 1758 1673 1844 collectis
1694 1763 1922 1848 V1‚et
1955 1761 2267 1856 equitum
2295 1763 2365 1829 II
2399 1759 2725 1847 millibus,
2743 1775 2804 1828 ut

685 1894 961 1964 quaeque
989 1871 1203 1962 prima
1226 1866 1397 1962 legio
1415 1881 1690 1936 venerat
1703 1921 1722 1952 ‚
1746 1869 1816 1936 in
1842 1889 2046 1936 naves
2074 1865 2304 1960 longas
2332 1868 2802 1961 imponebatur,

687 1977 939 2069 equites
976 1988 1200 2042 autem
1240 1973 1309 2040 in
1348 1974 1706 2046 onerarias
1750 1976 1856 2042 Ita
1897 1974 2218 2076 majorem
2262 1988 2548 2067 partem
2561 1975 2803 2042 navium

688 2079 1077 2150 antecedere
1123 2080 1355 2176 jussit,
1411 2093 1501 2147 et
1534 2079 1845 2148 insulam
1873 2094 2100 2175 petere
2147 2073 2619 2175 Aponianam¹
2625 2134 2644 2168 ‚
2683 2105 2804 2173 quae

689 2213 825 2256 non
882 2176 1191 2279 [longe]
1244 2185 1435 2254 abest
1496 2209 1540 2252 a
1588 2185 1900 2279 Lilybaeo.
1961 2189 2142 2280 Ipse
2163 2209 2399 2281 parum
2457 2209 2802 2256 commora-

680 2378 943 2460 ‘pallagem
972 2389 1043 2440 At
1081 2387 1138 2439 in
1167 2405 1231 2439 eo
1260 2405 1419 2440 sensu
1446 2405 1712 2458 reponen-

688 2467 821 2521 dum
854 2479 987 2521 esset
1008 2467 1086 2529 id,
1120 2480 1241 2520 ante
1266 2460 1638 2519 tabern'acqum.

774 2568 824 2601 2.
856 2550 1061 2618 Legion.
1093 2548 1261 2617 Regiae
1284 2546 1383 2601 IV.
1408 2548 1564 2599 Juboe
1597 2546 1713 2598 Nu-

688 2626 868 2681 midiae
894 2628 1049 2697 regis.

773 2710 824 2761 3.
856 2708 1057 2762 Interim
1092 2710 1143 2758 in
1172 2706 1275 2758 dies
1304 2718 1355 2759 et
1378 2726 1520 2759 naves
1555 2708 1714 2777 longoe

691 2789 954 2857 adaugeri,
986 2799 1075 2838 etc.
1101 2786 1367 2857 Enallage.
1392 2785 1593 2857 Supple
1609 2804 1714 2839 coe-

682 2880 903 2940 perum.

770 2955 824 3011 4.
854 2948 916 2999 In
934 2946 1023 2997 his.
1053 2944 1299 2998 Davisius
1328 2946 1587 3017 proponit
1611 2964 1716 2997 cum

690 3030 795 3089 his;
819 3030 1130 3098 perperam:
1155 3044 1281 3078 nam
1300 3028 1351 3076 in
1378 3026 1451 3077 lu‘s
1473 3023 1620 3076 idem
1644 3025 1716 3076 si-

688 3106 905 3179 gnificat
922 3117 1077 3175 atque
1100 3108 1226 3157 inter·
1245 3106 1440 3157 kas.-·--
1452 3105 1509 3156 V
1500 3116 1566 3157 et.
1591 3104 1717 3174 legio

693 3192 877 3260 quinta.
902 3184 1214 3255 Haec'legio,
1231 3182 1412 3255 judice
1433 3183 1718 3236 Guischar-

689 3264 792 3331 do,
806 3265 1026 3317 inMe'm.
1046 3268 1173 3324 crit„
1197 3282 1253 3335 p.
1279 3264 1407 3332 317,
1422 3264 1568 3315 exiis
1587 3264 1716 3327 fuit,

690 3364 821 3417 quas
854 3363 955 3397 suo
990 3354 1207 3413 sumptu
1240 3343 1415 3395 Caesar
1453 3344 1718 3415 conscrip-

691 3438 829 3479 serat
846 3424 905 3477 in
926 3423 1126 3489 Gallia,
1138 3433 1269 3477 teste
1290 3421 1550 3474 Suetonio
1565 3441 1714 3494 ,.cap

698 3513 803 3571 24,
822 3504 917 3575 qui
932 3522 1048 3555 eam
1070 3502 1259 3572 gallico
1274 3502 1537 3553 vocabulo
1551 3503 1608 3555 A
1609 3504 1716 3553 lau

692 3587 807 3638 dam
818 3583 1017 3635 dictam
1040 3582 1219 3634 refert.
1238 3573 1604 3634 Guischardus
1619 3600 1719 3653 per

692 3682 873 3736 Jocum
902 3661 987 3714 vel
1023 3660 1239 3715 invidio
1278 3660 1534 3713 faciendae
1563 3680 1718 3714 causa

696 3744 770 3797 sic
798 3743 1128 3797 nominatam
1156 3741 1419 3811 perhibet.
1444 3740 1604 3811 Apud
1627 3742 1718 3796 Ci-

692 3840 943 3876 ceronem
968 3819 1025 3875 id
1056 3820 1288 3873 nominis
1315 3822 1425 3892 jam
1452 3821 1718 3887 occurrit,

694 3903 861 3967 Phil„
894 3921 950 3966 ι,
978 3902 1045 3967 83
1068 3901 1133 3965 5,
1158 3900 1219 3966 ὃς
1246 3900 1313 3953 ad
1338 3903 1449 3954 Att.
1479 3920 1564 3971 ep.
1613 3904 1718 3966 16,

688 3980 895 4051 8.Vid.
920 3995 973 4035 et
994 3980 1210 4034 Gruter.
1233 4000 1288 4051 p.
1319 3980 1449 4049 559.
1476 3980 1580 4033 Οιι.

774 4061 911 4115 Car.
938 4060 1015 4113 11.
1055 4078 1103 4113 1.
1136 4058 1349 4112 Insulam
1386 4060 1714 4131 Aponianam.

692 4141 953 4195 Clau-erio
990 4135 1203 4202 (sicit,
1242 4146 1319 4204 ιι,
1356 4137 1465 4201 ι5)
1504 4138 1718 4197 videtur

1803 2387 2007 2456 AEgusa
2023 2405 2158 2453 esse,
2178 2405 2284 2440 una
2315 2406 2344 2440 e
2371 2389 2545 2440 tribus
2560 2426 2576 2454 ‚
2595 2408 2704 2462 quae
2722 2389 2800 2440 ob-

1797 2469 1975 2539 jacent
2005 2467 2262 2541 Lilyhaeo.
2285 2467 2393 2520 Alii
2414 2469 2678 2521 Paeoniam
2703 2469 2803 2522 Pto·

1799 2547 1972 2600 lemaei
1986 2560 2178 2619 putant
2191 2566 2302 2601 esse
2311 2586 2327 2612 ‚
2343 2567 2462 2620 quae
2474 2568 2604 2603 vero
2619 2550 2803 2621 longius

1803 2645 1832 2678 a
1847 2626 2086 2698 Lilybaeo
2105 2667 2120 2694 ,
2133 2624 2186 2681 et
2201 2640 2351 2681 extra
2371 2629 2516 2681 viam
2531 2630 2803 2682 Africanam

1802 2706 1900 2759 sita
1918 2718 2012 2760 est.
2034 2708 2199 2760 Ceu..
2225 2708 2297 2759 In·
2316 2706 2438 2761 cod.
2465 2708 2620 2762 Leid.
2651 2710 2801 2781 primo

1803 2787 2112 2857 Apononiam
2149 2787 2346 2859 legitur
2359 2826 2375 2853 ,
2407 2800 2542 2841 teste
2575 2784 2800 2841 Oudend.

1799 2866 2170 2920 Guischardus
2205 2861 2506 2935 (Im-‘moises
2551 2870 2799 2933 militam,

1803 2958 1842 2999 t.
1876 2964 1956 3011 11,
1983 2966 2038 3017 p.
2077 2943 2221 3017 247)
2249 2965 2362 2999 esse
2390 2960 2546 3019 putat
2569 2968 2682 3001 eam
2705 2966 2802 3019 quc

1803 3044 1948 3078 nunc
1974 3026 2305 3097 Flavagnana
2343 3025 2560 3081 dicitur.
2589 3030 2662 3082 M.
2689 3029 2802 3081 Nos·

1804 3106 1875 3158 tri
1901 3104 2059 3159 codd.
2078 3144 2094 3170 ‚
2123 3107 2450 3179 Aponianam.
2475 3140 2559 3151 ——-
2577 3110 2701 3177 Quoe
2726 3127 2803 3159 non

1805 3186 1940 3237 abest
1959 3206 1992 3236 a
2013 3187 2251 3257 Lilybaw.
2271 3186 2458 3239 Lectio
2481 3200 2742 3260 corrupta,
2761 3200 2803 3238 et

1803 3264 1918 3317 sine
1939 3284 2110 3319 sensu.
2136 3266 2202 3317 In
2228 3265 2555 3336 ‘quibusdam
2577 3266 2726 3321 codd.
2749 3285 2803 3318 ne

1805 3343 2022 3399 additur
2049 3344 2268 3416 quidem
2311 3364 2444 3408 nom·
2463 3348 2521 3399 in
2554 3349 2666 3401 aliis
2693 3364 2802 3399 vero

1803 3426 1961 3477 etiam
1987 3436 2062 3475 est
2085 3441 2186 3496 pro
2215 3426 2350 3477 abest
2366 3426 2581 3497 legitur.
2611 3426 2708 3481 Sed
2734 3426 2803 3479 ni·

1804 3504 1882 3556 hil
1926 3505 2123 3556 horum
2165 3506 2290 3557 ferri
2326 3518 2519 3576 potest.
2562 3510 2699 3579 Ergo
2735 3506 2805 3559 vel

1803 3602 1928 3637 cum
1947 3582 2222 3650 clave-rio,
2244 3597 2300 3637 >et
2327 3584 2562 3639 Cellario
2587 3588 2802 3657 legetur:

1804 3683 1912 3736 quoe
1942 3682 2038 3715 non
2073 3665 2216 3734 longe
2240 3664 2376 3715 abest
2401 3686 2434 3715 a
2459 3668 2678 3737 Lilybaeo
2689 3688 2708 3728 ‚·
2735 3665 2802 3717 vel

1805 3760 1927 3795 cum
1947 3744 2248 3810 Ciaceonio‚
2261 3757 2315 3796 et
2333 3747 2552 3799 Davisio
2565 3746 2801 3807 dicemus,

1805 3822 1862 3875 in
1908 3823 2000 3875 illo
2047 3842 2144 3875 non
2179 3825 2342 3877 latere
2370 3828 2584 3879 numeri
2609 3839 2774 3879 notam
2787 3861 2800 3886 ‚

1805 3920 1924 3973 quae
1957 3899 2261 3957 distantiam
2306 3905 2494 3958 insuloe
2525 3924 2552 3957 a
2591 3906 2799 3977 Lilybeo

1805 3981 2137 4037 indicaverit.
2172 3984 2248 4037 M.
2292 3984 2401 4037 Sub
2441 3986 2694 4057 particula
2720 4000 2798 4034 nm

1804 4062 1894 4117 hic
1931 4060 1988 4116 et'
2017 4062 2162 4135 apud
2200 4064 2448 4129 Celsum,
2477 4084 2534 4137 p.
2571 4069 2704 4127 216,
2731 4064 2792 4113 la·

1807 4154 1919 4195 tere
1944 4142 2128 4205 HM..
2153 4143 2190 4196 i.
2213 4162 2260 4197 e.
2289 4144 2386 4195 duo
2407 4144 2580 4207 millia,
2601 4145 2677 4197 vel
2700 4132 2795 4193 duo·
