3025 5025
920 476 1776 547 ALEXANDRINO.
2275 487 2421 573 401

258 610 488 683 Cassii
525 604 872 707 tegebat),
897 613 1091 706 quasi
1125 635 1522 707 responsum
1558 611 1651 679 ab
1684 636 1765 680 eo
1810 625 2065 707 peteret
2078 668 2098 703 ,
2132 614 2435 691 celeriter

259 717 427 789 dato
455 716 638 808 loeo,
663 744 872 813 quum
897 744 970 788 se
999 718 1416 807 insinuasset,
1443 718 1709 788 sinistra
1736 721 2014 816 corripit
2038 709 2232 791 eum³
2238 726 2434 808 ‚dex

253 840 510 921 traque
541 828 642 897 bis
679 826 833 897 ferit
859 828 1172 946 pugione.
1201 824 1514 895 Clamore
1558 824 1854 915 sublate,
1891 826 1970 899 fit
2006 852 2045 900 a
2070 830 2309 925 conjux
2310 838 2437 905 atis

259 934 566 1029 impetus
610 936 954 1005 universis.
1009 934 1356 1003 Munatius
1411 921 1729 1003 Flaccus⁴
1782 937 2166 1029 proximum
2216 938 2437 1033 gladio

257 1042 602 1136 transjicit
647 1040 996 1113 lictorem:
1046 1040 1179 1111 hoe
1223 1040 1613 1130 interfecto,
1655 1042 1741 1130 Q.
1793 1044 2101 1111 Cassium
2144 1043 2437 1139 legatum

257 1147 606 1217 vulnerat.
635 1148 743 1217 Ibi
769 1150 844 1217 Τ.
875 1150 1121 1218 Vasius
1147 1163 1220 1217 et
1246 1150 1323 1218 L.
1371 1096 1718 1243 Mergilio,
1762 1148 1958 1218 simili
2000 1148 2441 1244 confidentia,

258 1256 596 1327 Flaccum
646 1255 1053 1387 municipem
1091 1280 1286 1325 suum
1331 1254 1709 1350 adjuvant:
1754 1270 1949 1325 erant
1988 1259 2169 1327 enim
2208 1284 2442 1331 omnes

258 1347 725 1433 Italicenses⁵·
767 1363 908 1431 At
891 1386 1108 1458 ipsum
1148 1364 1533 1457 Longinum
1568 1364 1645 1431 L
1686 1364 1981 1437 Licinius
2010 1363 2298 1459 Squillus
2341 1370 2441 1435 in-

257 1470 504 1556 volat,
534 1470 1004 1565 jacentemque
1045 1467 1302 1539 levibus
1339 1471 1595 1538 sauciat
1630 1467 1863 1565 plagis.
2316 1494 2323 1501 ·

369 1578 576 1647 LIII.
623 1578 1070 1647 Concurritur
1121 1576 1206 1645 ad
1249 1562 1558 1647 Cassium
1598 1575 2143 1646 defendendum·
2185 1604 2447 1674 semper

251 1686 458 1754 enim
483 1682 804 1753 berones¹
839 1682 1350 1782 compluresque
1373 1697 1688 1752 evocatos
1702 1708 1861 1751 cum
1892 1682 2039 1753 telis
2068 1710 2296 1755 secum
2328 1686 2449 1755 ha-

247 1792 438 1861 bere
483 1806 968 1862 consueverat:
995 1814 1038 1859 a
1063 1790 1308 1885 quibus
1351 1792 1575 1859 caeteri
1608 1789 2147 1860 intercluduntur
2164 1779 2325 1886 ‚qui
2361 1794 2448 1863 ad

258 1898 537 1971 caedem
572 1897 944 1967 faciendam
975 1897 1819 1997 subsequebantur3quoin
1833 1916 2119 1966 numero
2132 1845 2259 1968 fiiit
2283 1900 2447 1970 Cal-

237 2007 566 2103 'purnius
605 2003 990 2094 Salvianus,
1025 2020 1094 2073 et
1141 2003 1462 2073 Manilius
1493 2003 1844 2073 Tusculus.
1892 2007 2233 2075 Minucius
2275 2009 2449 2077 inter

256 2137 477 2201 saxa,
526 2136 674 2206 quae
711 2109 1068 2206 jacebanti
1110 2113 1180 2179 in
1228 2112 1500 2199 itinere,
1548 2110 1811 2206 fugiens
1859 2114 2295 2208 opprimitur,
2348 2130 2450 2206 et,

257 2318 465 2373 dabat.
489 2347 574 2361 -··--
593 2316 749 2369 Latus
795 2312 1002 2383 tegebat.
1034 2310 1323 2367 Sinistrum
1413 2328 1627 2379 omnes,
1645 2322 1777 2365 teste
1800 2310 2085 2378 Oudend.;
2104 2312 2198 2367 sed
2223 2317 2455 2371 verbum

261 2395 650 2453 honoratioris
682 2396 890 2465 tegebat
919 2393 1159 2446 inferior.
1191 2390 1320 2445 Vid.
1413 2404 1492 2443 est
1537 2404 1871 2462 corruptum.
1921 2393 2073 2445 Alius
2122 2395 2296 2448 voluit
2343 2397 2448 2469 legi

261 2477 554 2542 Turneb„
574 2474 734 2540 Adv„
751 2492 877 2540 xlv,
903 2480 1004 2540 aen
1020 2470 1090 2527 ad
1113 2471 1323 2538 Horat,

263 2574 374 2616 sat.
413 2575 500 2623 11,
533 2557 588 2623 5,
627 2559 714 2614 18.

387 2641 508 2682 Um
485 2650 610 2694 enteg
612 2653 768 2694 ευριπ
717 2637 890 2681 :nacon
891 2636 1117 2678 uelatus?

245 2703 250 2713 η
363 2723 427 2776 3.
468 2717 689 2790 Corripit
711 2737 834 2769 eum.
872 2715 980 2768 Pro
1021 2733 1125 2766 elon
1163 2711 1326 2766 codd.

263 2805 494 2858 habent
537 2817 704 2851 versus
757 2809 849 2850 ant
888 2813 1080 2847 versum
1095 2831 1108 2852 ,
1144 2813 1174 2846 e
1216 2813 1325 2865 quo

267 2881 439 2938 Oud.
475 2881 614 2932 bene
655 2877 905 2932 efformat
935 2876 1328 2946 conjecturam,

269 2981 528 3020 aversum.
547 2960 626 3014 M.
651 2961 716 3012 In
731 2956 815 3011 ed.
835 2976 937 3010 sec.
951 2995 967 3022 ,
988 2955 1191 3026 recepit
1212 2974 1328 3008 ver·

267 3065 412 3100 sum.
447 3041 622 3099 Bentl.
659 3037 921 3112 probabat
946 3054 1187 3095 avet-sum„
1205 3036 1332 3088 Per-

271 3123 422 3180 inde
451 3132 548 3174 est.
584 3119 720 3174 Cod.
751 3119 902 3189 5764
933 3117 1095 3169 habet
1117 3135 1325 3168 versum.

370 3211 433 3269 4.
462 3202 686 3254 Flaccus.
703 3200 888 3270 ‘Vulgo
905 3199 1120 3250 Plancus
1142 3209 1331 3250 contra

271 3277 1082 3344 oodd.M.Oudend.1-estituit
1099 3279 1327 3330 Flaccus.

275 3371 370 3423 Ita
403 3368 516 3436 jam
556 3361 868 3418 Perizonius
913 3360 971 3411 in
1012 3378 1136 3430 epp.
1173 3357 1330 3412 editis

277 3470 313 3502 a
349 3449 576 3510 Burm.,
595 3454 634 3495 t.
659 3460 882 3512 1v,pag.
911 3441 1040 3510 788.
1063 3440 1134 3492 Et
1159 3438 1330 3492 nostri

277 3526 526 3584 codices.
677 3555 679 3562 ·

379 3605 439 3660 5
472 3605 765 3658 Italicenses.
794 3601 920 3654 Nati
939 3598 1146 3656 Italici·
1131 3618 1188 3652 ιιι
1210 3617 1333 3670 pro-

281 3686 478 3744 vincia
505 3683 725 3748 Baetica,
747 3681 806 3734 in
835 3699 940 3752 qua
961 3680 1140 3755 Scipio
1162 3680 1330 3732 Puni-

279 3789 356 3825 co
390 3765 538 3820 hello
561 3763 866 3816 debilitatos
897 3760 1090 3814 milites
1108 3800 1124 3828 ,
1141 3779 1206 3812 ex
1231 3761 1334 3812 Ita-

282 3852 364 3905 lia
399 3858 579 3909 ortos,
607 3842 942 3916 deposuerat.
977 3841 1143 3894 Cui..
1161 3840 1337 3894 —At

287 3937 454 4003 ipsm
481 3927 644 3995 Long.
673 3926 756 3976 Ita
773 3924 876 3993 leg.
909 3940 938 3974 e
967 3919 1089 3973 cod.
1126 3920 1330 3988 quan.

287 4005 517 4064 M.vid.
542 4005 726 4058 Heius.
745 4003 814 4056 ad
831 3999 1018 4070 Ovid„
1033 4001 1186 4065 Men,
1206 4017 1332 4066 1111,

295 4091 439 4144 560.
473 4080 705 4156 Vulgata
721 4085 885 4140 habet
913 4083 996 4136 ad.

381 4169 516 4222 Cn.
537 4167 688 4220 L111.
715 4183 737 4219 1
752 4206 766 4218 .
793 4163 1020 4218 Berones.
1053 4161 1142 4216 Sic
1169 4158 1333 4216 codd.

404 4280 506 4346 II.

1417 2472 1647 2524 Vettones
1661 2513 1676 2534 ,
1709 2471 1841 2524 alius
1870 2470 2135 2543 Bigerones
2161 2512 2178 2540 ,
2202 2474 2297 2546 qui
2325 2490 2452 2529 sunt

1412 2550 1685 2622 Hispania
1712 2551 1920 2623 populi.
1950 2553 2113 2606 Multi
2144 2553 2452 2620 maluerunt

1415 2632 1618 2684 barones
1633 2672 1649 2696 ‚
1668 2633 1795 2704 quia
1810 2632 2115 2688 scholiastes
2140 2635 2311 2690 Persii
2330 2631 2449 2697 (sat.

1413 2732 1481 2779 v,
1521 2710 1665 2778 138)
1694 2713 1896 2770 barones
1922 2712 2089 2782 dixit,
2119 2711 2301 2786 lingua
2329 2717 2454 2770 Gal-

1413 2793 1595 2846 lorum
1650 2791 1759 2847 dici
1812 2793 1993 2846 servos
2050 2794 2285 2848 militnm
2309 2815 2323 2849 ε
2358 2795 2453 2850 sed

1413 2871 1549 2927 fides
1572 2885 1685 2927 esto
1710 2891 1873 2946 penes
1901 2874 2080 2945 ipsum
2109 2876 2448 2932 scholiasten.

1416 2953 1707 3008 subscribo
1730 2954 2009 3010 sententias
2024 2955 2187 3010 Gesn.
2208 2956 2267 3014 in
2284 2959 2448 3020 Thes.

1416 3035 1480 3088 L.
1507 3035 1571 3088 L.
1606 3033 1673 3086 ad
1707 3054 1759 3088 v.
1792 3035 1937 3097 bae-0,
1964 3035 2085 3106 qui,
2112 3037 2335 3106 frustra,
2365 3039 2451 3092 in-

1417 3115 1536 3185 quit
1556 3155 1571 3182 ,
1600 3115 1706 3167 hoc
1737 3116 1965 3168 verbum
1991 3115 2306 3170 obtruditur
2329 3119 2453 3174 Hir-

1415 3195 1494 3247 tio
1520 3213 1535 3248 τ
1561 3205 1777 3267 praestat
1800 3195 1987 3261 fateri,
2015 3196 2197 3250 locum
2220 3212 2313 3250 aut
2337 3219 2453 3252 eor-

1415 3288 1642 3347 ruptum
1664 3295 1805 3340 esse,
1836 3289 1928 3330 aut
1956 3295 2069 3332 non
2098 3278 2345 3350 intellig-i.
2374 3280 2453 3334 si-

1417 3357 1689 3428 gnificatio
1719 3357 1872 3410 verbi
1904 3357 2053 3425 baro,
2081 3371 2209 3412 nota
2240 3359 2396 3420 nobis
2420 3379 2454 3414 e

1473 3436 1771 3508 riptoribus
1808 3439 2076 3508 antiquis,
2109 3452 2188 3492 est
2214 3439 2360 3507 haec,
2391 3452 2453 3492 ut
2562 3436 2565 3445 '

1417 3457 1503 3570 siu
1503 3515 1665 3588 pidus
1695 3531 1749 3570 et
1777 3518 1954 3571 fatuus
1983 3519 2151 3572 homo
2176 3537 2241 3571 eo
2274 3520 2453 3592 expri-

1417 3611 1628 3663 matur-3
1653 3597 1745 3650 illa
1760 3637 1775 3666 ,
1800 3617 1963 3670 quam
1986 3599 2293 3658 scholiastes
2324 3601 2453 3654 Per·

1419 3678 1484 3732 sii
1509 3675 1703 3742 tradit,
1722 3679 1765 3730 si
1788 3691 1869 3732 est
1889 3698 2016 3732 vera
2032 3717 2049 3744 ,
2072 3692 2152 3732 est
2181 3679 2353 3733 multo
2374 3699 2455 3733 re·

1418 3757 1672 3810 centioris
1694 3759 1877 3812 aetatis.
1906 3759 1983 3812 M.
2014 3758 2271 3814 Defendit
2298 3780 2455 3814 usum

1418 3839 1565 3893 vocis
1592 3839 1857 3904 Pithoeus,
1882 3837 2017 3892 Adv.
2037 3877 2054 3903 ‚
2086 3840 2255 3906 subs„
2295 3860 2317 3893 1
2336 3879 2352 3906 ,
2390 3845 2451 3907 83

1419 3933 1474 3972 et
1501 3920 1841 3990 Rutgersius,
1860 3919 2007 3972 Lect.
2030 3921 2233 3974 Venus.
2250 3960 2265 3986 ‚
2280 3939 2333 3974 c.
2358 3923 2450 3976 23.

1507 4020 1559 4053 τι.
1594 4001 1721 4067 Quoe
1742 3999 1992 4070 jacebant.
2022 3999 2108 4054 Sic
2134 4002 2272 4054 bene
2300 3999 2448 4056 Oud.

1422 4101 1452 4136 e
1487 4079 1646 4134 codd.
1666 4082 1845 4154 Vulgo
1860 4119 1877 4148 ,
1895 4081 2173 4153 jaciebant,
2210 4083 2341 4137 item
2363 4087 2453 4153 ja-

1423 4161 1685 4216 ciebanucr.

1981 4217 2078 4340 56
