<?xml version="1.0" encoding="UTF-8"?>
<!DOCTYPE html PUBLIC "-//W3C//DTD XHTML 1.0 Transitional//EN"
    "http://www.w3.org/TR/xhtml1/DTD/xhtml1-transitional.dtd">
<html xmlns="http://www.w3.org/1999/xhtml" xml:lang="en" lang="en">
 <head>
  <title>
</title>
<meta http-equiv="Content-Type" content="text/html;charset=utf-8" />
  <meta name='ocr-system' content='tesseract 3.04.00' />
  <meta name='ocr-capabilities' content='ocr_page ocr_carea ocr_par ocr_line ocrx_word'/>
</head>
<body>
  <div class='ocr_page' id='page_1' title='image "./caiusjuliuscsar00plutgoog_0020.png"; bbox 0 0 3025 5025; ppageno 0'>
   <div class='ocr_carea' id='block_1_1' title="bbox 707 466 2455 541">
    <p class='ocr_par' dir='ltr' id='par_1_1' title="bbox 707 466 2455 541">
     <span class='ocr_line' id='line_1_1' title="bbox 707 466 2455 541; baseline 0.003 -6"><span class='ocrx_word' id='word_1_1' title='bbox 707 466 850 535; x_wconf 89' lang='lat' dir='ltr'><strong>DE</strong></span> <span class='ocrx_word' id='word_1_2' title='bbox 901 466 1252 535; x_wconf 88' lang='lat' dir='ltr'><strong>BELLO</strong></span> <span class='ocrx_word' id='word_1_3' title='bbox 1305 466 1679 537; x_wconf 90' lang='lat' dir='ltr'><strong>CIVILI.</strong></span> <span class='ocrx_word' id='word_1_4' title='bbox 1736 469 1925 537; x_wconf 93' lang='lat' dir='ltr'><strong>LIB.</strong></span> <span class='ocrx_word' id='word_1_5' title='bbox 1989 468 2047 536; x_wconf 91' lang='grc' dir='ltr'><strong>Ι.</strong></span> <span class='ocrx_word' id='word_1_6' title='bbox 2413 468 2455 541; x_wconf 86' lang='grc'><em>5</em></span> 
     </span>
    </p>
   </div>
   <div class='ocr_carea' id='block_1_2' title="bbox 309 595 2459 1544">
    <p class='ocr_par' dir='ltr' id='par_1_2' title="bbox 309 595 2457 1013">
     <span class='ocr_line' id='line_1_2' title="bbox 309 595 2457 693; baseline 0.004 -29"><span class='ocrx_word' id='word_1_7' title='bbox 309 595 672 691; x_wconf 76' lang='lat' dir='ltr'>quidquam</span> <span class='ocrx_word' id='word_1_8' title='bbox 699 610 992 667; x_wconf 84' lang='lat' dir='ltr'><strong>statuere</strong></span> <span class='ocrx_word' id='word_1_9' title='bbox 1026 599 1414 693; x_wconf 88' lang='lat' dir='ltr'><strong>potuissent.</strong></span> <span class='ocrx_word' id='word_1_10' title='bbox 1445 598 1776 668; x_wconf 89' lang='lat' dir='ltr'><strong>Confecto</strong></span> <span class='ocrx_word' id='word_1_11' title='bbox 1802 602 2039 671; x_wconf 86' lang='lat' dir='ltr'><strong>itinere</strong></span> <span class='ocrx_word' id='word_1_12' title='bbox 2056 652 2075 689; x_wconf 88' lang='lat'>‚</span> <span class='ocrx_word' id='word_1_13' title='bbox 2107 600 2316 672; x_wconf 89' lang='lat' dir='ltr'><strong>Curio</strong></span> <span class='ocrx_word' id='word_1_14' title='bbox 2352 600 2457 672; x_wconf 91' lang='lat' dir='ltr'><strong>lit-</strong></span> 
     </span>
     <span class='ocr_line' id='line_1_3' title="bbox 314 704 2456 802; baseline 0.004 -31"><span class='ocrx_word' id='word_1_15' title='bbox 314 718 482 773; x_wconf 79' lang='lat' dir='ltr'><strong>teras</strong></span> <span class='ocrx_word' id='word_1_16' title='bbox 507 705 757 773; x_wconf 88' lang='lat' dir='ltr'><strong>retinet</strong></span> <span class='ocrx_word' id='word_1_17' title='bbox 771 758 792 791; x_wconf 92' lang='lat'>,</span> <span class='ocrx_word' id='word_1_18' title='bbox 818 728 944 774; x_wconf 89' lang='lat' dir='ltr'><strong>nee</strong></span> <span class='ocrx_word' id='word_1_19' title='bbox 971 706 1098 773; x_wconf 90' lang='lat' dir='ltr'><strong>nisi</strong></span> <span class='ocrx_word' id='word_1_20' title='bbox 1136 707 1206 773; x_wconf 91' lang='lat' dir='ltr'><strong>in</strong></span> <span class='ocrx_word' id='word_1_21' title='bbox 1235 704 1583 799; x_wconf 81' lang='lat' dir='ltr'><strong>frequente</strong></span> <span class='ocrx_word' id='word_1_22' title='bbox 1618 720 1852 775; x_wconf 87' lang='lat' dir='ltr'><strong>senatu</strong></span> <span class='ocrx_word' id='word_1_23' title='bbox 1868 760 1888 795; x_wconf 91' lang='lat'>,</span> <span class='ocrx_word' id='word_1_24' title='bbox 1923 721 1991 776; x_wconf 89' lang='lat' dir='ltr'><strong>et</strong></span> <span class='ocrx_word' id='word_1_25' title='bbox 2018 710 2456 802; x_wconf 60' lang='lat' dir='ltr'><strong>praesentibus</strong></span> 
     </span>
     <span class='ocr_line' id='line_1_4' title="bbox 315 797 2457 907; baseline 0.005 -32"><span class='ocrx_word' id='word_1_26' title='bbox 315 797 638 879; x_wconf 77' lang='lat' dir='ltr'><strong>Tribunis</strong></span> <span class='ocrx_word' id='word_1_27' title='bbox 665 809 880 905; x_wconf 89' lang='lat' dir='ltr'><strong>plebis</strong></span> <span class='ocrx_word' id='word_1_28' title='bbox 907 810 1152 881; x_wconf 85' lang='lat' dir='ltr'><strong>tradit:</strong></span> <span class='ocrx_word' id='word_1_29' title='bbox 1178 811 1519 881; x_wconf 82' lang='lat' dir='ltr'><strong>metuebat</strong></span> <span class='ocrx_word' id='word_1_30' title='bbox 1545 812 1753 900; x_wconf 85' lang='lat' dir='ltr'><strong>enim,</strong></span> <span class='ocrx_word' id='word_1_31' title='bbox 1776 811 1845 880; x_wconf 90' lang='lat' dir='ltr'><strong>id</strong></span> <span class='ocrx_word' id='word_1_32' title='bbox 1866 815 2050 907; x_wconf 82' lang='lat' dir='ltr'><strong>prius</strong></span> <span class='ocrx_word' id='word_1_33' title='bbox 2077 816 2134 885; x_wconf 89' lang='lat' dir='ltr'><strong>si</strong></span> <span class='ocrx_word' id='word_1_34' title='bbox 2164 814 2457 903; x_wconf 82' lang='lat' dir='ltr'><strong>fecisset,</strong></span> 
     </span>
     <span class='ocr_line' id='line_1_5' title="bbox 312 916 2039 1013; baseline 0.001 -28"><span class='ocrx_word' id='word_1_35' title='bbox 312 940 392 985; x_wconf 91' lang='lat' dir='ltr'><strong>ne</strong></span> <span class='ocrx_word' id='word_1_36' title='bbox 433 916 518 985; x_wconf 85' lang='lat' dir='ltr'><strong>ab</strong></span> <span class='ocrx_word' id='word_1_37' title='bbox 562 918 644 985; x_wconf 90' lang='lat' dir='ltr'><strong>iis</strong></span> <span class='ocrx_word' id='word_1_38' title='bbox 689 918 1283 1013; x_wconf 80' lang='lat' dir='ltr'><strong>supprimerentur.</strong></span> <span class='ocrx_word' id='word_1_39' title='bbox 1329 920 1693 987; x_wconf 82' lang='lat' dir='ltr'><strong>Hactenus</strong></span> <span class='ocrx_word' id='word_1_40' title='bbox 1730 921 2039 989; x_wconf 82' lang='lat' dir='ltr'><strong>Vossius.</strong></span> 
     </span>
    </p>

    <p class='ocr_par' dir='ltr' id='par_1_3' title="bbox 310 1022 2459 1544">
     <span class='ocr_line' id='line_1_6' title="bbox 410 1022 2457 1123; baseline 0.003 -32"><span class='ocrx_word' id='word_1_41' title='bbox 410 1024 464 1091; x_wconf 91' lang='grc' dir='ltr'><strong>Ι.</strong></span> <span class='ocrx_word' id='word_1_42' title='bbox 487 1023 762 1093; x_wconf 83' lang='lat' dir='ltr'><strong>Litteris</strong></span> <span class='ocrx_word' id='word_1_43' title='bbox 785 1048 828 1092; x_wconf 87' lang='lat' dir='ltr'><strong>a</strong></span> <span class='ocrx_word' id='word_1_44' title='bbox 849 1022 1055 1093; x_wconf 85' lang='lat' dir='ltr'><strong>Fabio</strong></span> <span class='ocrx_word' id='word_1_45' title='bbox 1080 1027 1158 1095; x_wconf 91' lang='lat' dir='ltr'><strong>C.</strong></span> <span class='ocrx_word' id='word_1_46' title='bbox 1181 1026 1462 1093; x_wconf 84' lang='lat' dir='ltr'><strong>Caesaris</strong></span> <span class='ocrx_word' id='word_1_47' title='bbox 1488 1022 1893 1095; x_wconf 89' lang='lat' dir='ltr'><strong>Consulibus</strong></span> <span class='ocrx_word' id='word_1_48' title='bbox 1926 1025 2197 1096; x_wconf 86' lang='lat' dir='ltr'><strong>redditis</strong></span> <span class='ocrx_word' id='word_1_49' title='bbox 2212 1025 2257 1116; x_wconf 78' lang='lat'><strong>²,</strong></span> <span class='ocrx_word' id='word_1_50' title='bbox 2280 1052 2457 1123; x_wconf 80' lang='lat' dir='ltr'><strong>aegre</strong></span> 
     </span>
     <span class='ocr_line' id='line_1_7' title="bbox 311 1120 2457 1225; baseline 0.004 -28"><span class='ocrx_word' id='word_1_51' title='bbox 311 1128 392 1197; x_wconf 84' lang='lat' dir='ltr'><strong>ab</strong></span> <span class='ocrx_word' id='word_1_52' title='bbox 419 1130 500 1199; x_wconf 91' lang='lat' dir='ltr'><strong>iis</strong></span> <span class='ocrx_word' id='word_1_53' title='bbox 535 1130 967 1224; x_wconf 84' lang='lat' dir='ltr'><strong>impetratum</strong></span> <span class='ocrx_word' id='word_1_54' title='bbox 1003 1145 1138 1219; x_wconf 88' lang='lat' dir='ltr'><strong>est,</strong></span> <span class='ocrx_word' id='word_1_55' title='bbox 1172 1154 1434 1200; x_wconf 90' lang='lat' dir='ltr'><strong>summa</strong></span> <span class='ocrx_word' id='word_1_56' title='bbox 1463 1131 1887 1200; x_wconf 85' lang='lat' dir='ltr'><strong>tribunorum</strong></span> <span class='ocrx_word' id='word_1_57' title='bbox 1917 1120 2131 1225; x_wconf 84' lang='lat' dir='ltr'><strong>plebis</strong></span> <span class='ocrx_word' id='word_1_58' title='bbox 2173 1148 2457 1205; x_wconf 88' lang='lat' dir='ltr'><strong>conten-</strong></span> 
     </span>
     <span class='ocr_line' id='line_1_8' title="bbox 311 1232 2459 1326; baseline 0.003 -23"><span class='ocrx_word' id='word_1_59' title='bbox 311 1235 484 1303; x_wconf 87' lang='lat' dir='ltr'><strong>tione</strong></span> <span class='ocrx_word' id='word_1_60' title='bbox 512 1232 560 1323; x_wconf 82' lang='lat'><strong>²,</strong></span> <span class='ocrx_word' id='word_1_61' title='bbox 595 1250 672 1305; x_wconf 91' lang='lat' dir='ltr'><strong>ut</strong></span> <span class='ocrx_word' id='word_1_62' title='bbox 706 1237 778 1305; x_wconf 88' lang='lat' dir='ltr'><strong>in</strong></span> <span class='ocrx_word' id='word_1_63' title='bbox 824 1250 1056 1307; x_wconf 86' lang='lat' dir='ltr'><strong>senatu</strong></span> <span class='ocrx_word' id='word_1_64' title='bbox 1110 1238 1583 1326; x_wconf 83' lang='lat' dir='ltr'><strong>recitarentur3</strong></span> <span class='ocrx_word' id='word_1_65' title='bbox 1624 1250 1702 1307; x_wconf 86' lang='lat' dir='ltr'><strong>ut</strong></span> <span class='ocrx_word' id='word_1_66' title='bbox 1760 1263 1922 1307; x_wconf 84' lang='lat' dir='ltr'><strong>vero</strong></span> <span class='ocrx_word' id='word_1_67' title='bbox 1964 1262 2045 1307; x_wconf 82' lang='lat' dir='ltr'><strong>ex</strong></span> <span class='ocrx_word' id='word_1_68' title='bbox 2088 1236 2320 1309; x_wconf 90' lang='lat' dir='ltr'><strong>litteris</strong></span> <span class='ocrx_word' id='word_1_69' title='bbox 2372 1240 2459 1309; x_wconf 87' lang='lat' dir='ltr'><strong>ad</strong></span> 
     </span>
     <span class='ocr_line' id='line_1_9' title="bbox 310 1343 2455 1439; baseline 0.003 -30"><span class='ocrx_word' id='word_1_70' title='bbox 310 1356 610 1410; x_wconf 84' lang='lat' dir='ltr'><strong>senatum</strong></span> <span class='ocrx_word' id='word_1_71' title='bbox 649 1343 1011 1412; x_wconf 85' lang='lat' dir='ltr'><strong>referretur</strong></span> <span class='ocrx_word' id='word_1_72' title='bbox 1027 1396 1046 1433; x_wconf 86' lang='lat'>‚</span> <span class='ocrx_word' id='word_1_73' title='bbox 1082 1346 1428 1438; x_wconf 84' lang='lat' dir='ltr'><strong>impetrari</strong></span> <span class='ocrx_word' id='word_1_74' title='bbox 1459 1370 1599 1412; x_wconf 89' lang='lat' dir='ltr'><strong>non</strong></span> <span class='ocrx_word' id='word_1_75' title='bbox 1630 1346 1871 1439; x_wconf 87' lang='lat' dir='ltr'><strong>potuit.</strong></span> <span class='ocrx_word' id='word_1_76' title='bbox 1902 1344 2234 1415; x_wconf 86' lang='lat' dir='ltr'><strong>Referunt</strong></span> <span class='ocrx_word' id='word_1_77' title='bbox 2267 1348 2455 1416; x_wconf 90' lang='lat' dir='ltr'><strong>Con-</strong></span> 
     </span>
     <span class='ocr_line' id='line_1_10' title="bbox 311 1435 2455 1544; baseline 0.003 -29"><span class='ocrx_word' id='word_1_78' title='bbox 311 1446 479 1518; x_wconf 86' lang='lat' dir='ltr'><strong>sules</strong></span> <span class='ocrx_word' id='word_1_79' title='bbox 513 1435 1010 1544; x_wconf 81' lang='lat' dir='ltr'><strong>de&#39;republica³</strong></span> <span class='ocrx_word' id='word_1_80' title='bbox 1029 1440 1142 1541; x_wconf 91' lang='lat' dir='ltr'><strong>[in</strong></span> <span class='ocrx_word' id='word_1_81' title='bbox 1169 1438 1474 1521; x_wconf 82' lang='lat' dir='ltr'><strong>civitate⁴</strong></span> <span class='ocrx_word' id='word_1_82' title='bbox 1495 1442 1541 1541; x_wconf 92' lang='lat'><strong>].</strong></span> <span class='ocrx_word' id='word_1_83' title='bbox 1570 1452 1646 1519; x_wconf 95' lang='lat' dir='ltr'><strong>L.</strong></span> <span class='ocrx_word' id='word_1_84' title='bbox 1678 1450 2003 1522; x_wconf 88' lang='lat' dir='ltr'><strong>Lentulus</strong></span> <span class='ocrx_word' id='word_1_85' title='bbox 2025 1450 2280 1522; x_wconf 88' lang='lat' dir='ltr'><strong>Consul</strong></span> <span class='ocrx_word' id='word_1_86' title='bbox 2300 1477 2455 1523; x_wconf 72' lang='lat' dir='ltr'><strong>‹cse-</strong></span> 
     </span>
    </p>
   </div>
   <div class='ocr_carea' id='block_1_3' title="bbox 307 1652 1350 4202">
    <p class='ocr_par' dir='ltr' id='par_1_4' title="bbox 307 1652 1346 4044">
     <span class='ocr_line' id='line_1_11' title="bbox 385 1652 1340 1707; baseline 0.001 -2"><span class='ocrx_word' id='word_1_87' title='bbox 385 1652 518 1705; x_wconf 69' lang='lat' dir='ltr'><strong>Cn».</strong></span> <span class='ocrx_word' id='word_1_88' title='bbox 532 1653 578 1705; x_wconf 93' lang='lat'><strong>1.</strong></span> <span class='ocrx_word' id='word_1_89' title='bbox 603 1670 626 1705; x_wconf 85' lang='lat'>1</span> <span class='ocrx_word' id='word_1_90' title='bbox 638 1693 651 1706; x_wconf 98' lang='lat'><strong>.</strong></span> <span class='ocrx_word' id='word_1_91' title='bbox 664 1654 862 1705; x_wconf 78' lang='lat' dir='ltr'><strong>Litteris</strong></span> <span class='ocrx_word' id='word_1_92' title='bbox 875 1674 906 1705; x_wconf 82' lang='lat' dir='ltr'><em>a</em></span> <span class='ocrx_word' id='word_1_93' title='bbox 919 1653 1082 1707; x_wconf 84' lang='lat' dir='ltr'><strong>Fabio</strong></span> <span class='ocrx_word' id='word_1_94' title='bbox 1100 1652 1159 1707; x_wconf 93' lang='lat' dir='ltr'><strong>C.</strong></span> <span class='ocrx_word' id='word_1_95' title='bbox 1175 1652 1340 1707; x_wconf 84' lang='lat' dir='ltr'><strong>Coesa·</strong></span> 
     </span>
     <span class='ocr_line' id='line_1_12' title="bbox 309 1732 1340 1805; baseline 0.002 -22"><span class='ocrx_word' id='word_1_96' title='bbox 309 1733 374 1783; x_wconf 83' lang='lat' dir='ltr'><strong>ris</strong></span> <span class='ocrx_word' id='word_1_97' title='bbox 413 1732 634 1785; x_wconf 74' lang='lat' dir='ltr'><strong>redditis.</strong></span> <span class='ocrx_word' id='word_1_98' title='bbox 671 1732 868 1805; x_wconf 80' lang='lat' dir='ltr'><strong>Magna</strong></span> <span class='ocrx_word' id='word_1_99' title='bbox 900 1734 1006 1788; x_wconf 91' lang='lat' dir='ltr'><strong>hoc</strong></span> <span class='ocrx_word' id='word_1_100' title='bbox 1038 1734 1160 1787; x_wconf 93' lang='lat' dir='ltr'><strong>loco</strong></span> <span class='ocrx_word' id='word_1_101' title='bbox 1197 1733 1340 1787; x_wconf 90' lang='lat' dir='ltr'><strong>inter</strong></span> 
     </span>
     <span class='ocr_line' id='line_1_13' title="bbox 309 1809 1341 1867; baseline 0.002 -3"><span class='ocrx_word' id='word_1_102' title='bbox 309 1809 492 1865; x_wconf 86' lang='lat' dir='ltr'><strong>doctos</strong></span> <span class='ocrx_word' id='word_1_103' title='bbox 545 1810 616 1864; x_wconf 88' lang='lat' dir='ltr'><strong>de</strong></span> <span class='ocrx_word' id='word_1_104' title='bbox 663 1831 726 1866; x_wconf 84' lang='lat' dir='ltr'><strong>ea</strong></span> <span class='ocrx_word' id='word_1_105' title='bbox 777 1814 1006 1867; x_wconf 88' lang='lat' dir='ltr'><strong>lectione</strong></span> <span class='ocrx_word' id='word_1_106' title='bbox 1053 1812 1341 1867; x_wconf 82' lang='lat' dir='ltr'><strong>difficultas</strong></span> 
     </span>
     <span class='ocr_line' id='line_1_14' title="bbox 310 1889 1346 1965; baseline 0.005 -21"><span class='ocrx_word' id='word_1_107' title='bbox 310 1890 457 1945; x_wconf 86' lang='lat' dir='ltr'><strong>inest.</strong></span> <span class='ocrx_word' id='word_1_108' title='bbox 469 1892 553 1945; x_wconf 87' lang='lat' dir='ltr'><strong>Ex</strong></span> <span class='ocrx_word' id='word_1_109' title='bbox 569 1892 748 1947; x_wconf 82' lang='lat' dir='ltr'><strong>Dione</strong></span> <span class='ocrx_word' id='word_1_110' title='bbox 758 1894 942 1949; x_wconf 82' lang='lat' dir='ltr'><strong>Cassio</strong></span> <span class='ocrx_word' id='word_1_111' title='bbox 957 1894 994 1947; x_wconf 91' lang='lat'><strong>1.</strong></span> <span class='ocrx_word' id='word_1_112' title='bbox 1017 1913 1135 1960; x_wconf 75' lang='lat' dir='ltr'><strong>xm,</strong></span> <span class='ocrx_word' id='word_1_113' title='bbox 1153 1912 1208 1965; x_wconf 90' lang='lat' dir='ltr'><strong>p.</strong></span> <span class='ocrx_word' id='word_1_114' title='bbox 1236 1898 1308 1963; x_wconf 85' lang='lat'><strong>98</strong></span> <span class='ocrx_word' id='word_1_115' title='bbox 1321 1889 1346 1959; x_wconf 75' lang='grc'><strong>,’</strong></span> 
     </span>
     <span class='ocr_line' id='line_1_15' title="bbox 312 1970 1340 2045; baseline 0.002 -22"><span class='ocrx_word' id='word_1_116' title='bbox 312 1970 408 2025; x_wconf 82' lang='lat' dir='ltr'><strong>Ed.</strong></span> <span class='ocrx_word' id='word_1_117' title='bbox 454 1972 670 2043; x_wconf 86' lang='lat' dir='ltr'><strong>Steph.;</strong></span> <span class='ocrx_word' id='word_1_118' title='bbox 695 1986 749 2025; x_wconf 86' lang='lat' dir='ltr'><strong>et</strong></span> <span class='ocrx_word' id='word_1_119' title='bbox 786 1974 1062 2045; x_wconf 83' lang='lat' dir='ltr'><strong>Appiano,</strong></span> <span class='ocrx_word' id='word_1_120' title='bbox 1090 1973 1208 2027; x_wconf 84' lang='lat' dir='ltr'><strong>Civ.</strong></span> <span class='ocrx_word' id='word_1_121' title='bbox 1247 1991 1270 2026; x_wconf 88' lang='lat'>1</span> <span class='ocrx_word' id='word_1_122' title='bbox 1289 1992 1340 2039; x_wconf 88' lang='lat'><strong>1,</strong></span> 
     </span>
     <span class='ocr_line' id='line_1_16' title="bbox 309 2050 1341 2123; baseline 0.005 -21"><span class='ocrx_word' id='word_1_123' title='bbox 309 2068 363 2122; x_wconf 87' lang='lat' dir='ltr'><strong>p.</strong></span> <span class='ocrx_word' id='word_1_124' title='bbox 381 2052 496 2123; x_wconf 82' lang='lat'><strong>737</strong></span> <span class='ocrx_word' id='word_1_125' title='bbox 508 2090 526 2118; x_wconf 90' lang='lat'><strong>,</strong></span> <span class='ocrx_word' id='word_1_126' title='bbox 540 2050 643 2105; x_wconf 84' lang='lat' dir='ltr'><strong>Ed.</strong></span> <span class='ocrx_word' id='word_1_127' title='bbox 657 2052 874 2107; x_wconf 68' lang='lat' dir='ltr'><strong>Verior.</strong></span> <span class='ocrx_word' id='word_1_128' title='bbox 887 2091 904 2118; x_wconf 87' lang='lat'>,</span> <span class='ocrx_word' id='word_1_129' title='bbox 923 2066 1130 2109; x_wconf 84' lang='lat' dir='ltr'><strong>constat</strong></span> <span class='ocrx_word' id='word_1_130' title='bbox 1140 2052 1236 2105; x_wconf 86' lang='lat' dir='ltr'><strong>has</strong></span> <span class='ocrx_word' id='word_1_131' title='bbox 1251 2053 1341 2107; x_wconf 82' lang='lat' dir='ltr'><strong>lit-</strong></span> 
     </span>
     <span class='ocr_line' id='line_1_17' title="bbox 310 2131 1342 2203; baseline 0 -18"><span class='ocrx_word' id='word_1_132' title='bbox 310 2144 444 2185; x_wconf 84' lang='lat' dir='ltr'><strong>teras</strong></span> <span class='ocrx_word' id='word_1_133' title='bbox 469 2151 586 2185; x_wconf 89' lang='lat' dir='ltr'><strong>non</strong></span> <span class='ocrx_word' id='word_1_134' title='bbox 616 2132 778 2187; x_wconf 84' lang='lat' dir='ltr'><strong>fuisse</strong></span> <span class='ocrx_word' id='word_1_135' title='bbox 801 2151 832 2185; x_wconf 84' lang='lat' dir='ltr'><strong>a</strong></span> <span class='ocrx_word' id='word_1_136' title='bbox 851 2132 1046 2203; x_wconf 80' lang='lat' dir='ltr'><strong>Fabio,</strong></span> <span class='ocrx_word' id='word_1_137' title='bbox 1070 2131 1164 2187; x_wconf 86' lang='lat' dir='ltr'><strong>sed</strong></span> <span class='ocrx_word' id='word_1_138' title='bbox 1185 2152 1214 2185; x_wconf 82' lang='lat' dir='ltr'><strong>a</strong></span> <span class='ocrx_word' id='word_1_139' title='bbox 1237 2134 1342 2187; x_wconf 90' lang='lat' dir='ltr'><strong>Cu-</strong></span> 
     </span>
     <span class='ocr_line' id='line_1_18' title="bbox 307 2210 1343 2267; baseline 0.004 -4"><span class='ocrx_word' id='word_1_140' title='bbox 307 2211 458 2265; x_wconf 88' lang='lat' dir='ltr'><strong>rione</strong></span> <span class='ocrx_word' id='word_1_141' title='bbox 471 2210 727 2267; x_wconf 76' lang='lat' dir='ltr'><strong>redditas.</strong></span> <span class='ocrx_word' id='word_1_142' title='bbox 739 2212 1032 2267; x_wconf 83' lang='lat' dir='ltr'><strong>Curionem</strong></span> <span class='ocrx_word' id='word_1_143' title='bbox 1045 2212 1192 2266; x_wconf 87' lang='lat' dir='ltr'><strong>enim</strong></span> <span class='ocrx_word' id='word_1_144' title='bbox 1201 2230 1343 2267; x_wconf 82' lang='lat' dir='ltr'><strong>acer-</strong></span> 
     </span>
     <span class='ocr_line' id='line_1_19' title="bbox 309 2290 1342 2365; baseline 0.004 -22"><span class='ocrx_word' id='word_1_145' title='bbox 309 2290 505 2344; x_wconf 86' lang='lat' dir='ltr'><strong>rimum</strong></span> <span class='ocrx_word' id='word_1_146' title='bbox 550 2290 883 2346; x_wconf 77' lang='lat' dir='ltr'><strong>defensorem</strong></span> <span class='ocrx_word' id='word_1_147' title='bbox 923 2292 1026 2347; x_wconf 82' lang='lat' dir='ltr'><strong>sibi</strong></span> <span class='ocrx_word' id='word_1_148' title='bbox 1063 2304 1342 2365; x_wconf 76' lang='lat' dir='ltr'><strong>paraverat</strong></span> 
     </span>
     <span class='ocr_line' id='line_1_20' title="bbox 314 2370 1342 2444; baseline 0.002 -19"><span class='ocrx_word' id='word_1_149' title='bbox 314 2370 510 2437; x_wconf 64' lang='lat' dir='ltr'><strong>Casu-3</strong></span> <span class='ocrx_word' id='word_1_150' title='bbox 527 2370 641 2426; x_wconf 82' lang='lat' dir='ltr'><strong>vid.</strong></span> <span class='ocrx_word' id='word_1_151' title='bbox 663 2391 780 2443; x_wconf 85' lang='lat' dir='ltr'><strong>sup.</strong></span> <span class='ocrx_word' id='word_1_152' title='bbox 802 2371 872 2427; x_wconf 88' lang='lat' dir='ltr'><strong>de</strong></span> <span class='ocrx_word' id='word_1_153' title='bbox 884 2373 1034 2426; x_wconf 88' lang='lat' dir='ltr'><strong>Bello</strong></span> <span class='ocrx_word' id='word_1_154' title='bbox 1049 2374 1170 2444; x_wconf 76' lang='lat' dir='ltr'><strong>gall.</strong></span> <span class='ocrx_word' id='word_1_155' title='bbox 1183 2373 1342 2438; x_wconf 83' lang='lat' dir='ltr'><strong>vm,</strong></span> 
     </span>
     <span class='ocr_line' id='line_1_21' title="bbox 319 2450 1340 2524; baseline 0.004 -21"><span class='ocrx_word' id='word_1_156' title='bbox 319 2450 419 2518; x_wconf 74' lang='lat'><strong>523</strong></span> <span class='ocrx_word' id='word_1_157' title='bbox 445 2464 501 2505; x_wconf 87' lang='lat' dir='ltr'><strong>et</strong></span> <span class='ocrx_word' id='word_1_158' title='bbox 537 2451 682 2505; x_wconf 88' lang='lat' dir='ltr'><strong>Suet.</strong></span> <span class='ocrx_word' id='word_1_159' title='bbox 709 2452 822 2505; x_wconf 87' lang='lat' dir='ltr'><strong>Jul.</strong></span> <span class='ocrx_word' id='word_1_160' title='bbox 861 2452 994 2506; x_wconf 72' lang='lat' dir='ltr'><strong>Caes.</strong></span> <span class='ocrx_word' id='word_1_161' title='bbox 1037 2471 1128 2522; x_wconf 80' lang='lat'><strong>²9·</strong></span> <span class='ocrx_word' id='word_1_162' title='bbox 1166 2453 1340 2524; x_wconf 70' lang='lat' dir='ltr'><strong>Erga,</strong></span> 
     </span>
     <span class='ocr_line' id='line_1_22' title="bbox 312 2532 1341 2604; baseline 0 -20"><span class='ocrx_word' id='word_1_163' title='bbox 312 2532 486 2603; x_wconf 87' lang='lat' dir='ltr'><strong>inquit</strong></span> <span class='ocrx_word' id='word_1_164' title='bbox 506 2533 698 2585; x_wconf 85' lang='lat' dir='ltr'><strong>Morus</strong></span> <span class='ocrx_word' id='word_1_165' title='bbox 711 2569 728 2598; x_wconf 92' lang='lat'><strong>‚</strong></span> <span class='ocrx_word' id='word_1_166' title='bbox 753 2544 847 2592; x_wconf 80' lang='lat' dir='ltr'><strong>aut</strong></span> <span class='ocrx_word' id='word_1_167' title='bbox 869 2552 904 2583; x_wconf 84' lang='lat' dir='ltr'><em>a</em></span> <span class='ocrx_word' id='word_1_168' title='bbox 928 2532 1138 2586; x_wconf 78' lang='lat' dir='ltr'><strong>Curione</strong></span> <span class='ocrx_word' id='word_1_169' title='bbox 1160 2532 1341 2604; x_wconf 84' lang='lat' dir='ltr'><strong>legen-</strong></span> 
     </span>
     <span class='ocr_line' id='line_1_23' title="bbox 313 2610 1342 2680; baseline 0.002 -16"><span class='ocrx_word' id='word_1_170' title='bbox 313 2610 476 2679; x_wconf 85' lang='lat' dir='ltr'><strong>dum;</strong></span> <span class='ocrx_word' id='word_1_171' title='bbox 501 2625 622 2680; x_wconf 82' lang='lat' dir='ltr'><strong>aut,</strong></span> <span class='ocrx_word' id='word_1_172' title='bbox 647 2623 709 2666; x_wconf 84' lang='lat' dir='ltr'><strong>ut</strong></span> <span class='ocrx_word' id='word_1_173' title='bbox 735 2611 872 2672; x_wconf 82' lang='lat' dir='ltr'><strong>mihi</strong></span> <span class='ocrx_word' id='word_1_174' title='bbox 906 2610 1148 2678; x_wconf 74' lang='lat' dir='ltr'><strong>videtur,</strong></span> <span class='ocrx_word' id='word_1_175' title='bbox 1178 2614 1342 2668; x_wconf 77' lang='lat' dir='ltr'><strong>verba</strong></span> 
     </span>
     <span class='ocr_line' id='line_1_24' title="bbox 309 2690 1345 2763; baseline 0.004 -21"><span class='ocrx_word' id='word_1_176' title='bbox 309 2711 343 2742; x_wconf 77' lang='lat' dir='ltr'><em>a</em></span> <span class='ocrx_word' id='word_1_177' title='bbox 353 2691 516 2746; x_wconf 80' lang='lat' dir='ltr'><strong>Fabio</strong></span> <span class='ocrx_word' id='word_1_178' title='bbox 532 2704 662 2746; x_wconf 81' lang='lat' dir='ltr'><strong>sunt</strong></span> <span class='ocrx_word' id='word_1_179' title='bbox 677 2692 836 2763; x_wconf 83' lang='lat' dir='ltr'><strong>plane</strong></span> <span class='ocrx_word' id='word_1_180' title='bbox 855 2691 1104 2746; x_wconf 84' lang='lat' dir='ltr'><strong>tollenda.</strong></span> <span class='ocrx_word' id='word_1_181' title='bbox 1126 2690 1345 2746; x_wconf 65' lang='lat' dir='ltr'><strong>Oudens·</strong></span> 
     </span>
     <span class='ocr_line' id='line_1_25' title="bbox 314 2769 1338 2844; baseline 0 -20"><span class='ocrx_word' id='word_1_182' title='bbox 314 2770 534 2844; x_wconf 72' lang='lat' dir='ltr'><strong>dol-pius</strong></span> <span class='ocrx_word' id='word_1_183' title='bbox 560 2772 687 2844; x_wconf 80' lang='lat' dir='ltr'><strong>legit</strong></span> <span class='ocrx_word' id='word_1_184' title='bbox 712 2771 885 2831; x_wconf 78' lang='lat' dir='ltr'><strong>litteris</strong></span> <span class='ocrx_word' id='word_1_185' title='bbox 907 2793 941 2824; x_wconf 83' lang='lat' dir='ltr'><strong><em>a</em></strong></span> <span class='ocrx_word' id='word_1_186' title='bbox 969 2769 1030 2826; x_wconf 89' lang='lat' dir='ltr'><strong>C.</strong></span> <span class='ocrx_word' id='word_1_187' title='bbox 1060 2771 1270 2825; x_wconf 77' lang='lat' dir='ltr'><strong>Coesare.</strong></span> <span class='ocrx_word' id='word_1_188' title='bbox 1293 2811 1306 2824; x_wconf 94' lang='lat'><strong>.</strong></span> <span class='ocrx_word' id='word_1_189' title='bbox 1324 2812 1338 2830; x_wconf 86' lang='lat'><strong>.</strong></span> 
     </span>
     <span class='ocr_line' id='line_1_26' title="bbox 316 2851 1341 2912; baseline 0 -6"><span class='ocrx_word' id='word_1_190' title='bbox 316 2851 472 2912; x_wconf 80' lang='lat' dir='ltr'><strong>codd.</strong></span> <span class='ocrx_word' id='word_1_191' title='bbox 509 2871 642 2906; x_wconf 82' lang='lat' dir='ltr'><strong>vero</strong></span> <span class='ocrx_word' id='word_1_192' title='bbox 674 2852 848 2906; x_wconf 81' lang='lat' dir='ltr'><strong>nostri</strong></span> <span class='ocrx_word' id='word_1_193' title='bbox 883 2853 995 2906; x_wconf 88' lang='lat' dir='ltr'><strong>fere</strong></span> <span class='ocrx_word' id='word_1_194' title='bbox 1024 2869 1209 2906; x_wconf 86' lang='lat' dir='ltr'><strong>omnes</strong></span> <span class='ocrx_word' id='word_1_195' title='bbox 1243 2852 1341 2906; x_wconf 86' lang='lat' dir='ltr'><strong>ha·</strong></span> 
     </span>
     <span class='ocr_line' id='line_1_27' title="bbox 316 2932 1340 2998; baseline -0.001 -14"><span class='ocrx_word' id='word_1_196' title='bbox 316 2932 468 2998; x_wconf 75' lang='lat' dir='ltr'><strong>beat,</strong></span> <span class='ocrx_word' id='word_1_197' title='bbox 489 2933 710 2990; x_wconf 77' lang='lat' dir='ltr'><strong>litter-isa</strong></span> <span class='ocrx_word' id='word_1_198' title='bbox 728 2933 892 2986; x_wconf 83' lang='lat' dir='ltr'><strong>Fabio</strong></span> <span class='ocrx_word' id='word_1_199' title='bbox 912 2933 974 2986; x_wconf 90' lang='lat' dir='ltr'><strong>C.</strong></span> <span class='ocrx_word' id='word_1_200' title='bbox 996 2933 1208 2987; x_wconf 73' lang='lat' dir='ltr'><strong>Coesaris</strong></span> <span class='ocrx_word' id='word_1_201' title='bbox 1225 2951 1340 2984; x_wconf 82' lang='lat' dir='ltr'><strong>oon-</strong></span> 
     </span>
     <span class='ocr_line' id='line_1_28' title="bbox 317 3012 1345 3084; baseline -0.001 -22"><span class='ocrx_word' id='word_1_202' title='bbox 317 3013 496 3072; x_wconf 75' lang='lat' dir='ltr'><strong>sulibus</strong></span> <span class='ocrx_word' id='word_1_203' title='bbox 509 3013 731 3075; x_wconf 43' lang='lat' dir='ltr'><strong>redditi&amp;</strong></span> <span class='ocrx_word' id='word_1_204' title='bbox 741 3026 1069 3084; x_wconf 85' lang='lat' dir='ltr'><strong>quapropter</strong></span> <span class='ocrx_word' id='word_1_205' title='bbox 1080 3012 1218 3069; x_wconf 84' lang='lat' dir='ltr'><strong>nihil</strong></span> <span class='ocrx_word' id='word_1_206' title='bbox 1229 3031 1345 3072; x_wconf 81' lang='lat' dir='ltr'><strong>mu·-</strong></span> 
     </span>
     <span class='ocr_line' id='line_1_29' title="bbox 320 3091 1342 3155; baseline 0 -10"><span class='ocrx_word' id='word_1_207' title='bbox 320 3091 540 3154; x_wconf 80' lang='lat' dir='ltr'><strong>tandum</strong></span> <span class='ocrx_word' id='word_1_208' title='bbox 589 3092 851 3148; x_wconf 80' lang='lat' dir='ltr'><strong>existimo.</strong></span> <span class='ocrx_word' id='word_1_209' title='bbox 897 3091 1170 3155; x_wconf 78' lang='lat' dir='ltr'><strong>Summam</strong></span> <span class='ocrx_word' id='word_1_210' title='bbox 1213 3109 1342 3146; x_wconf 82' lang='lat' dir='ltr'><strong>vero</strong></span> 
     </span>
     <span class='ocr_line' id='line_1_30' title="bbox 317 3171 1343 3244; baseline -0.001 -19"><span class='ocrx_word' id='word_1_211' title='bbox 317 3172 658 3244; x_wconf 83' lang='lat' dir='ltr'><strong>epistolarum</strong></span> <span class='ocrx_word' id='word_1_212' title='bbox 701 3172 858 3227; x_wconf 83' lang='lat' dir='ltr'><strong>nobis</strong></span> <span class='ocrx_word' id='word_1_213' title='bbox 899 3171 1166 3232; x_wconf 81' lang='lat' dir='ltr'><strong>dederunt</strong></span> <span class='ocrx_word' id='word_1_214' title='bbox 1204 3172 1310 3225; x_wconf 93' lang='lat' dir='ltr'><strong>Dio</strong></span> <span class='ocrx_word' id='word_1_215' title='bbox 1324 3208 1343 3237; x_wconf 88' lang='lat'>,</span> 
     </span>
     <span class='ocr_line' id='line_1_31' title="bbox 315 3247 1342 3325; baseline 0.001 -20"><span class='ocrx_word' id='word_1_216' title='bbox 315 3252 351 3304; x_wconf 92' lang='lat' dir='ltr'><strong>l.</strong></span> <span class='ocrx_word' id='word_1_217' title='bbox 381 3271 502 3318; x_wconf 68' lang='grc' dir='ltr'><strong>ιιι,</strong></span> <span class='ocrx_word' id='word_1_218' title='bbox 527 3272 583 3325; x_wconf 90' lang='lat' dir='ltr'><strong>p.</strong></span> <span class='ocrx_word' id='word_1_219' title='bbox 622 3255 724 3322; x_wconf 86' lang='lat'><strong>98,</strong></span> <span class='ocrx_word' id='word_1_220' title='bbox 745 3252 832 3306; x_wconf 85' lang='lat' dir='ltr'><strong>his</strong></span> <span class='ocrx_word' id='word_1_221' title='bbox 853 3252 1032 3307; x_wconf 80' lang='lat' dir='ltr'><strong>verbis</strong></span> <span class='ocrx_word' id='word_1_222' title='bbox 1062 3271 1077 3306; x_wconf 75' lang='grc' dir='ltr'><strong><em>ε</em></strong></span> <span class='ocrx_word' id='word_1_223' title='bbox 1107 3253 1154 3306; x_wconf 67' lang='grc' dir='ltr'><strong>ἐν</strong></span> <span class='ocrx_word' id='word_1_224' title='bbox 1183 3247 1244 3306; x_wconf 65' lang='grc' dir='ltr'><strong>δὲ</strong></span> <span class='ocrx_word' id='word_1_225' title='bbox 1276 3257 1342 3322; x_wconf 75' lang='grc' dir='ltr'><strong>τῇ</strong></span> 
     </span>
     <span class='ocr_line' id='line_1_32' title="bbox 317 3331 1343 3402; baseline 0 -18"><span class='ocrx_word' id='word_1_226' title='bbox 317 3334 548 3402; x_wconf 68' lang='grc' dir='ltr'><strong>ἐπιστολῇ</strong></span> <span class='ocrx_word' id='word_1_227' title='bbox 573 3331 644 3385; x_wconf 72' lang='grc' dir='ltr'><strong>τὰ</strong></span> <span class='ocrx_word' id='word_1_228' title='bbox 669 3351 726 3385; x_wconf 75' lang='grc' dir='ltr'><strong>τι</strong></span> <span class='ocrx_word' id='word_1_229' title='bbox 751 3333 878 3386; x_wconf 74' lang='grc' dir='ltr'><strong>ἄλλα.</strong></span> <span class='ocrx_word' id='word_1_230' title='bbox 905 3333 1000 3395; x_wconf 70' lang='grc' dir='ltr'><strong>ὅσοι</strong></span> <span class='ocrx_word' id='word_1_231' title='bbox 1027 3332 1152 3393; x_wconf 75' lang='grc' dir='ltr'><strong>ποτὶ,</strong></span> <span class='ocrx_word' id='word_1_232' title='bbox 1180 3338 1343 3392; x_wconf 61' lang='grc' dir='ltr'>καλῶς</span> 
     </span>
     <span class='ocr_line' id='line_1_33' title="bbox 317 3413 1345 3484; baseline 0.001 -21"><span class='ocrx_word' id='word_1_233' title='bbox 317 3413 369 3466; x_wconf 80' lang='grc' dir='ltr'><strong>τὸ</strong></span> <span class='ocrx_word' id='word_1_234' title='bbox 391 3413 544 3466; x_wconf 73' lang='grc' dir='ltr'><strong>κοινὸν</strong></span> <span class='ocrx_word' id='word_1_235' title='bbox 569 3415 592 3466; x_wconf 83' lang='grc' dir='ltr'><strong><em>ὃ</em></strong></span> <span class='ocrx_word' id='word_1_236' title='bbox 615 3414 814 3484; x_wconf 73' lang='grc' dir='ltr'>Καῖσαρ</span> <span class='ocrx_word' id='word_1_237' title='bbox 846 3413 1157 3477; x_wconf 59' lang='lat' dir='ltr'><strong>imminui,</strong></span> <span class='ocrx_word' id='word_1_238' title='bbox 1189 3414 1345 3483; x_wconf 72' lang='grc' dir='ltr'><strong>ἐνεγί-</strong></span> 
     </span>
     <span class='ocr_line' id='line_1_34' title="bbox 316 3487 1346 3563; baseline 0 -19"><span class='ocrx_word' id='word_1_239' title='bbox 316 3511 526 3563; x_wconf 60' lang='lat' dir='ltr'><strong>’span-eo,</strong></span> <span class='ocrx_word' id='word_1_240' title='bbox 541 3491 627 3546; x_wconf 71' lang='grc' dir='ltr'><strong>καὶ</strong></span> <span class='ocrx_word' id='word_1_241' title='bbox 643 3492 976 3563; x_wconf 78' lang='grc' dir='ltr'><strong>ἀπολογισμὸς</strong></span> <span class='ocrx_word' id='word_1_242' title='bbox 989 3492 1110 3563; x_wconf 75' lang='grc' dir='ltr'><strong>ὑπὲρ</strong></span> <span class='ocrx_word' id='word_1_243' title='bbox 1125 3487 1190 3544; x_wconf 71' lang='grc' dir='ltr'><strong>ὧν</strong></span> <span class='ocrx_word' id='word_1_244' title='bbox 1204 3493 1346 3562; x_wconf 73' lang='grc' dir='ltr'><strong>’ᾐτιά-</strong></span> 
     </span>
     <span class='ocr_line' id='line_1_35' title="bbox 318 3568 1342 3643; baseline -0.002 -17"><span class='ocrx_word' id='word_1_245' title='bbox 318 3573 450 3638; x_wconf 76' lang='grc' dir='ltr'><strong>ζιτο,</strong></span> <span class='ocrx_word' id='word_1_246' title='bbox 471 3573 766 3626; x_wconf 71' lang='grc' dir='ltr'><strong>καταλύσειν</strong></span> <span class='ocrx_word' id='word_1_247' title='bbox 803 3573 860 3626; x_wconf 72' lang='grc' dir='ltr'><strong>τὶ</strong></span> <span class='ocrx_word' id='word_1_248' title='bbox 894 3571 960 3626; x_wconf 81' lang='grc' dir='ltr'><strong>τὰ</strong></span> <span class='ocrx_word' id='word_1_249' title='bbox 993 3568 1342 3643; x_wconf 68' lang='grc' dir='ltr'><strong>στρατόπιδα,</strong></span> 
     </span>
     <span class='ocr_line' id='line_1_36' title="bbox 317 3651 1346 3724; baseline -0.002 -18"><span class='ocrx_word' id='word_1_250' title='bbox 317 3652 398 3706; x_wconf 71' lang='grc' dir='ltr'><strong>καὶ</strong></span> <span class='ocrx_word' id='word_1_251' title='bbox 414 3659 502 3714; x_wconf 74' lang='grc' dir='ltr'><strong>τῆς</strong></span> <span class='ocrx_word' id='word_1_252' title='bbox 518 3654 670 3724; x_wconf 72' lang='grc' dir='ltr'>ἀρχῆς</span> <span class='ocrx_word' id='word_1_253' title='bbox 690 3651 1014 3709; x_wconf 73' lang='grc' dir='ltr'><strong>ἰκσττῖσισθαι</strong></span> <span class='ocrx_word' id='word_1_254' title='bbox 1031 3653 1316 3720; x_wconf 77' lang='grc' dir='ltr'><strong>ὑπισχνέιτο</strong></span> <span class='ocrx_word' id='word_1_255' title='bbox 1331 3691 1346 3716; x_wconf 82' lang='grc'><em>,</em></span> 
     </span>
     <span class='ocr_line' id='line_1_37' title="bbox 322 3731 1344 3804; baseline 0.002 -20"><span class='ocrx_word' id='word_1_256' title='bbox 322 3731 376 3784; x_wconf 73' lang='grc' dir='ltr'><strong>ἂν</strong></span> <span class='ocrx_word' id='word_1_257' title='bbox 390 3733 474 3788; x_wconf 74' lang='grc' dir='ltr'><strong>καὶ</strong></span> <span class='ocrx_word' id='word_1_258' title='bbox 487 3735 512 3786; x_wconf 83' lang='grc' dir='ltr'><strong>ὅ</strong></span> <span class='ocrx_word' id='word_1_259' title='bbox 525 3732 786 3804; x_wconf 67' lang='grc' dir='ltr'>Πομπήϊος</span> <span class='ocrx_word' id='word_1_260' title='bbox 801 3731 870 3785; x_wconf 80' lang='grc' dir='ltr'><strong>τὰ</strong></span> <span class='ocrx_word' id='word_1_261' title='bbox 881 3731 1014 3784; x_wconf 81' lang='grc' dir='ltr'>ἀυτὰ</span> <span class='ocrx_word' id='word_1_262' title='bbox 1030 3734 1072 3785; x_wconf 73' lang='grc' dir='ltr'><strong>οἱ</strong></span> <span class='ocrx_word' id='word_1_263' title='bbox 1087 3731 1285 3790; x_wconf 71' lang='grc' dir='ltr'><strong>ποιήσῃ.</strong></span> <span class='ocrx_word' id='word_1_264' title='bbox 1300 3773 1314 3786; x_wconf 89' lang='grc'><strong>.</strong></span> <span class='ocrx_word' id='word_1_265' title='bbox 1329 3773 1344 3786; x_wconf 95' lang='grc'><strong>.</strong></span> 
     </span>
     <span class='ocr_line' id='line_1_38' title="bbox 322 3808 1344 3885; baseline 0 -21"><span class='ocrx_word' id='word_1_266' title='bbox 322 3823 374 3864; x_wconf 88' lang='lat' dir='ltr'><strong>et</strong></span> <span class='ocrx_word' id='word_1_267' title='bbox 403 3811 634 3885; x_wconf 66' lang='lat' dir='ltr'><strong>Appiam.</strong></span> <span class='ocrx_word' id='word_1_268' title='bbox 657 3812 697 3865; x_wconf 89' lang='lat' dir='ltr'><strong>l.</strong></span> <span class='ocrx_word' id='word_1_269' title='bbox 721 3831 793 3878; x_wconf 85' lang='lat' dir='ltr'><strong>c.;</strong></span> <span class='ocrx_word' id='word_1_270' title='bbox 813 3815 1026 3884; x_wconf 69' lang='grc' dir='ltr'><strong>περιεῖχε</strong></span> <span class='ocrx_word' id='word_1_271' title='bbox 1045 3808 1106 3865; x_wconf 67' lang='grc' dir='ltr'><strong>δὲ</strong></span> <span class='ocrx_word' id='word_1_272' title='bbox 1125 3813 1158 3870; x_wconf 72' lang='grc' dir='ltr'><strong>ἡ</strong></span> <span class='ocrx_word' id='word_1_273' title='bbox 1182 3813 1344 3883; x_wconf 68' lang='grc' dir='ltr'><strong>γραφὴ</strong></span> 
     </span>
     <span class='ocr_line' id='line_1_39' title="bbox 323 3887 1345 3965; baseline 0.001 -21"><span class='ocrx_word' id='word_1_274' title='bbox 323 3893 587 3965; x_wconf 73' lang='grc' dir='ltr'>κατάλογόν</span> <span class='ocrx_word' id='word_1_275' title='bbox 624 3912 682 3945; x_wconf 76' lang='grc' dir='ltr'><strong>τε</strong></span> <span class='ocrx_word' id='word_1_276' title='bbox 721 3893 897 3963; x_wconf 74' lang='grc' dir='ltr'><strong>σέμνον</strong></span> <span class='ocrx_word' id='word_1_277' title='bbox 915 3929 932 3952; x_wconf 87' lang='grc'><em>,</em></span> <span class='ocrx_word' id='word_1_278' title='bbox 963 3887 1026 3944; x_wconf 75' lang='grc' dir='ltr'><strong>ὧν</strong></span> <span class='ocrx_word' id='word_1_279' title='bbox 1056 3893 1108 3958; x_wconf 69' lang='grc' dir='ltr'><strong>ἐξ</strong></span> <span class='ocrx_word' id='word_1_280' title='bbox 1139 3893 1292 3962; x_wconf 72' lang='grc' dir='ltr'>ἀρχῆς</span> <span class='ocrx_word' id='word_1_281' title='bbox 1320 3895 1345 3945; x_wconf 78' lang='grc' dir='ltr'><strong>ὁ</strong></span> 
     </span>
     <span class='ocr_line' id='line_1_40' title="bbox 321 3972 1083 4044; baseline -0.003 -19"><span class='ocrx_word' id='word_1_282' title='bbox 321 3975 512 4044; x_wconf 73' lang='grc' dir='ltr'>Καῖσαρ</span> <span class='ocrx_word' id='word_1_283' title='bbox 543 3972 849 4044; x_wconf 48' lang='lat' dir='ltr'><strong>insufflet,</strong></span> <span class='ocrx_word' id='word_1_284' title='bbox 877 3993 930 4031; x_wconf 74' lang='lat' dir='ltr'><strong>x..</strong></span> <span class='ocrx_word' id='word_1_285' title='bbox 957 3993 1007 4025; x_wconf 79' lang='grc' dir='ltr'><strong>τ.</strong></span> <span class='ocrx_word' id='word_1_286' title='bbox 1036 3979 1083 4024; x_wconf 86' lang='grc' dir='ltr'><strong>λ.</strong></span> 
     </span>
    </p>

    <p class='ocr_par' dir='ltr' id='par_1_5' title="bbox 325 4052 1350 4202">
     <span class='ocr_line' id='line_1_41' title="bbox 402 4052 1350 4124; baseline -0.002 -18"><span class='ocrx_word' id='word_1_287' title='bbox 402 4072 450 4106; x_wconf 75' lang='lat'><strong>2.</strong></span> <span class='ocrx_word' id='word_1_288' title='bbox 498 4053 820 4109; x_wconf 79' lang='lat' dir='ltr'><strong>Tribunorum</strong></span> <span class='ocrx_word' id='word_1_289' title='bbox 843 4052 1000 4124; x_wconf 81' lang='lat' dir='ltr'><strong>plebis</strong></span> <span class='ocrx_word' id='word_1_290' title='bbox 1021 4056 1350 4116; x_wconf 78' lang='lat' dir='ltr'><strong>contentione,-</strong></span> 
     </span>
     <span class='ocr_line' id='line_1_42' title="bbox 325 4129 1350 4202; baseline 0.004 -18"><span class='ocrx_word' id='word_1_291' title='bbox 325 4129 481 4187; x_wconf 80' lang='lat' dir='ltr'><strong>Cassii</strong></span> <span class='ocrx_word' id='word_1_292' title='bbox 538 4145 596 4188; x_wconf 86' lang='lat' dir='ltr'><strong>et</strong></span> <span class='ocrx_word' id='word_1_293' title='bbox 632 4133 894 4202; x_wconf 82' lang='lat' dir='ltr'><strong>Antonii,&#39;</strong></span> <span class='ocrx_word' id='word_1_294' title='bbox 914 4131 1024 4188; x_wconf 79' lang='lat' dir='ltr'><strong>vid.</strong></span> <span class='ocrx_word' id='word_1_295' title='bbox 1068 4133 1166 4188; x_wconf 84' lang='lat' dir='ltr'><strong>inf.</strong></span> <span class='ocrx_word' id='word_1_296' title='bbox 1193 4151 1242 4188; x_wconf 86' lang='lat' dir='ltr'><strong>c.</strong></span> <span class='ocrx_word' id='word_1_297' title='bbox 1289 4153 1316 4188; x_wconf 75' lang='lat'>2</span> <span class='ocrx_word' id='word_1_298' title='bbox 1329 4151 1350 4202; x_wconf 76' lang='lat'>3</span> 
     </span>
    </p>
   </div>
   <div class='ocr_carea' id='block_1_4' title="bbox 1426 1654 2503 3240">
    <p class='ocr_par' dir='ltr' id='par_1_6' title="bbox 1426 1654 2465 2027">
     <span class='ocr_line' id='line_1_43' title="bbox 1426 1654 2456 1726; baseline 0.003 -19"><span class='ocrx_word' id='word_1_299' title='bbox 1426 1654 1720 1725; x_wconf 78' lang='lat' dir='ltr'><strong>etAppian.</strong></span> <span class='ocrx_word' id='word_1_300' title='bbox 1740 1654 1857 1710; x_wconf 75' lang='lat' dir='ltr'><strong>Civ.</strong></span> <span class='ocrx_word' id='word_1_301' title='bbox 1872 1655 1910 1709; x_wconf 90' lang='lat'><strong>1.</strong></span> <span class='ocrx_word' id='word_1_302' title='bbox 1938 1674 1960 1708; x_wconf 81' lang='grc' dir='ltr'><strong>ι</strong></span> <span class='ocrx_word' id='word_1_303' title='bbox 1978 1674 2001 1708; x_wconf 90' lang='lat'>1</span> <span class='ocrx_word' id='word_1_304' title='bbox 2022 1693 2039 1720; x_wconf 87' lang='lat'>,</span> <span class='ocrx_word' id='word_1_305' title='bbox 2055 1673 2110 1726; x_wconf 87' lang='lat' dir='ltr'><strong>p.</strong></span> <span class='ocrx_word' id='word_1_306' title='bbox 2134 1656 2247 1726; x_wconf 81' lang='lat'><strong>738</strong></span> <span class='ocrx_word' id='word_1_307' title='bbox 2260 1673 2277 1721; x_wconf 88' lang='lat'>;</span> <span class='ocrx_word' id='word_1_308' title='bbox 2293 1655 2456 1710; x_wconf 88' lang='lat' dir='ltr'><strong>Dion.</strong></span> 
     </span>
     <span class='ocr_line' id='line_1_44' title="bbox 1428 1732 2460 1807; baseline 0.003 -21"><span class='ocrx_word' id='word_1_309' title='bbox 1428 1733 1572 1786; x_wconf 82' lang='lat' dir='ltr'><strong>Cass.</strong></span> <span class='ocrx_word' id='word_1_310' title='bbox 1584 1732 1621 1788; x_wconf 96' lang='lat' dir='ltr'><strong>l.</strong></span> <span class='ocrx_word' id='word_1_311' title='bbox 1634 1734 1723 1787; x_wconf 90' lang='lat' dir='ltr'><strong>cit.</strong></span> <span class='ocrx_word' id='word_1_312' title='bbox 1736 1735 1873 1787; x_wconf 83' lang='lat' dir='ltr'><strong>male</strong></span> <span class='ocrx_word' id='word_1_313' title='bbox 1886 1734 2186 1789; x_wconf 82' lang='lat' dir='ltr'><strong>Rellicanus</strong></span> <span class='ocrx_word' id='word_1_314' title='bbox 2199 1736 2460 1807; x_wconf 77' lang='lat' dir='ltr'><strong>interpre-</strong></span> 
     </span>
     <span class='ocr_line' id='line_1_45' title="bbox 1427 1813 2465 1869; baseline 0.002 -4"><span class='ocrx_word' id='word_1_315' title='bbox 1427 1824 1572 1865; x_wconf 83' lang='lat' dir='ltr'><strong>tatur</strong></span> <span class='ocrx_word' id='word_1_316' title='bbox 1603 1813 1827 1867; x_wconf 79' lang='lat' dir='ltr'><strong>Curionis</strong></span> <span class='ocrx_word' id='word_1_317' title='bbox 1850 1826 1901 1867; x_wconf 89' lang='lat' dir='ltr'><strong>et</strong></span> <span class='ocrx_word' id='word_1_318' title='bbox 1930 1814 2154 1869; x_wconf 81' lang='lat' dir='ltr'><strong>Antonii.</strong></span> <span class='ocrx_word' id='word_1_319' title='bbox 2188 1816 2362 1868; x_wconf 87' lang='lat' dir='ltr'><strong>Locus</strong></span> <span class='ocrx_word' id='word_1_320' title='bbox 2392 1832 2465 1867; x_wconf 67' lang='lat' dir='ltr'><strong>ex</strong></span> 
     </span>
     <span class='ocr_line' id='line_1_46' title="bbox 1426 1888 2459 1961; baseline 0.002 -16"><span class='ocrx_word' id='word_1_321' title='bbox 1426 1890 1717 1947; x_wconf 73' lang='lat' dir='ltr'><strong>Plutarcho</strong></span> <span class='ocrx_word' id='word_1_322' title='bbox 1745 1895 1933 1948; x_wconf 81' lang='lat' dir='ltr'><strong>allatus</strong></span> <span class='ocrx_word' id='word_1_323' title='bbox 1962 1896 2029 1949; x_wconf 80' lang='lat' dir='ltr'><strong>ab</strong></span> <span class='ocrx_word' id='word_1_324' title='bbox 2055 1914 2151 1961; x_wconf 89' lang='lat' dir='ltr'><strong>eo,</strong></span> <span class='ocrx_word' id='word_1_325' title='bbox 2174 1894 2311 1947; x_wconf 86' lang='lat' dir='ltr'><strong>nihil</strong></span> <span class='ocrx_word' id='word_1_326' title='bbox 2330 1888 2459 1949; x_wconf 75' lang='lat' dir='ltr'><strong>facit</strong></span> 
     </span>
     <span class='ocr_line' id='line_1_47' title="bbox 1428 1971 1647 2027; baseline 0.009 -2"><span class='ocrx_word' id='word_1_327' title='bbox 1428 1971 1496 2025; x_wconf 83' lang='lat' dir='ltr'><strong>ad</strong></span> <span class='ocrx_word' id='word_1_328' title='bbox 1513 1992 1647 2027; x_wconf 89' lang='lat' dir='ltr'><strong>rem.</strong></span> 
     </span>
    </p>

    <p class='ocr_par' dir='ltr' id='par_1_7' title="bbox 1427 2053 2503 3240">
     <span class='ocr_line' id='line_1_48' title="bbox 1513 2053 2455 2125; baseline 0 -18"><span class='ocrx_word' id='word_1_329' title='bbox 1513 2054 1567 2107; x_wconf 83' lang='lat'><strong>3.</strong></span> <span class='ocrx_word' id='word_1_330' title='bbox 1598 2056 1836 2122; x_wconf 70' lang='lat' dir='ltr'><strong>Referunt</strong></span> <span class='ocrx_word' id='word_1_331' title='bbox 1857 2053 2089 2107; x_wconf 76' lang='lat' dir='ltr'><strong>Consules</strong></span> <span class='ocrx_word' id='word_1_332' title='bbox 2108 2054 2171 2107; x_wconf 81' lang='lat' dir='ltr'><strong>de</strong></span> <span class='ocrx_word' id='word_1_333' title='bbox 2194 2054 2455 2125; x_wconf 72' lang='lat' dir='ltr'><strong>republica.</strong></span> 
     </span>
     <span class='ocr_line' id='line_1_49' title="bbox 1427 2134 2457 2206; baseline 0 -19"><span class='ocrx_word' id='word_1_334' title='bbox 1427 2134 1711 2187; x_wconf 83' lang='lat' dir='ltr'><strong>Referebat</strong></span> <span class='ocrx_word' id='word_1_335' title='bbox 1746 2134 1962 2200; x_wconf 87' lang='lat' dir='ltr'><strong>consul,</strong></span> <span class='ocrx_word' id='word_1_336' title='bbox 1990 2136 2083 2206; x_wconf 87' lang='lat' dir='ltr'><strong>qui</strong></span> <span class='ocrx_word' id='word_1_337' title='bbox 2117 2134 2299 2206; x_wconf 83' lang='lat' dir='ltr'><strong>priore</strong></span> <span class='ocrx_word' id='word_1_338' title='bbox 2334 2134 2457 2187; x_wconf 88' lang='lat' dir='ltr'><strong>loco</strong></span> 
     </span>
     <span class='ocr_line' id='line_1_50' title="bbox 1427 2212 2459 2280; baseline 0 -13"><span class='ocrx_word' id='word_1_339' title='bbox 1427 2226 1635 2267; x_wconf 76' lang='lat' dir='ltr'><strong>creatus</strong></span> <span class='ocrx_word' id='word_1_340' title='bbox 1653 2226 1793 2280; x_wconf 82' lang='lat' dir='ltr'><strong>erat;</strong></span> <span class='ocrx_word' id='word_1_341' title='bbox 1820 2212 1947 2267; x_wconf 86' lang='lat' dir='ltr'><strong>vid.</strong></span> <span class='ocrx_word' id='word_1_342' title='bbox 1974 2215 2124 2269; x_wconf 78' lang='lat' dir='ltr'><strong>Paul.</strong></span> <span class='ocrx_word' id='word_1_343' title='bbox 2153 2214 2363 2267; x_wconf 75' lang='lat' dir='ltr'><strong>Manat.</strong></span> <span class='ocrx_word' id='word_1_344' title='bbox 2388 2212 2459 2267; x_wconf 79' lang='lat' dir='ltr'><strong>de</strong></span> 
     </span>
     <span class='ocr_line' id='line_1_51' title="bbox 1428 2293 2455 2360; baseline -0.001 -13"><span class='ocrx_word' id='word_1_345' title='bbox 1428 2311 1540 2348; x_wconf 80' lang='lat' dir='ltr'><strong>sen.</strong></span> <span class='ocrx_word' id='word_1_346' title='bbox 1580 2295 1737 2347; x_wconf 89' lang='lat' dir='ltr'><strong>Rom.</strong></span> <span class='ocrx_word' id='word_1_347' title='bbox 1768 2312 1819 2347; x_wconf 85' lang='lat' dir='ltr'><strong>c.</strong></span> <span class='ocrx_word' id='word_1_348' title='bbox 1857 2312 1969 2360; x_wconf 77' lang='lat' dir='ltr'>v113</span> <span class='ocrx_word' id='word_1_349' title='bbox 1989 2295 2102 2349; x_wconf 87' lang='lat' dir='ltr'><strong>Cic.</strong></span> <span class='ocrx_word' id='word_1_350' title='bbox 2132 2293 2288 2349; x_wconf 85' lang='lat' dir='ltr'><strong>Catil.</strong></span> <span class='ocrx_word' id='word_1_351' title='bbox 2315 2312 2338 2347; x_wconf 87' lang='lat'>1</span> <span class='ocrx_word' id='word_1_352' title='bbox 2366 2297 2455 2358; x_wconf 85' lang='grc'><strong>,8.</strong></span> 
     </span>
     <span class='ocr_line' id='line_1_52' title="bbox 1427 2373 2457 2441; baseline -0.002 -16"><span class='ocrx_word' id='word_1_353' title='bbox 1427 2373 1578 2441; x_wconf 74' lang='lat' dir='ltr'><strong>Reser-</strong></span> <span class='ocrx_word' id='word_1_354' title='bbox 1610 2374 1684 2427; x_wconf 82' lang='lat' dir='ltr'><strong>ad</strong></span> <span class='ocrx_word' id='word_1_355' title='bbox 1714 2373 1961 2427; x_wconf 82' lang='lat' dir='ltr'><strong>Senatum.</strong></span> <span class='ocrx_word' id='word_1_356' title='bbox 1994 2414 2007 2427; x_wconf 93' lang='lat'><strong>.</strong></span> <span class='ocrx_word' id='word_1_357' title='bbox 2042 2415 2057 2427; x_wconf 92' lang='lat'><strong>.</strong></span> <span class='ocrx_word' id='word_1_358' title='bbox 2086 2413 2101 2427; x_wconf 91' lang='lat'><strong>.</strong></span> <span class='ocrx_word' id='word_1_359' title='bbox 2128 2392 2224 2426; x_wconf 80' lang='lat' dir='ltr'><strong>non</strong></span> <span class='ocrx_word' id='word_1_360' title='bbox 2253 2375 2457 2441; x_wconf 60' lang='lat' dir='ltr'><strong>reseram</strong></span> 
     </span>
     <span class='ocr_line' id='line_1_53' title="bbox 1429 2452 2453 2526; baseline 0.002 -23"><span class='ocrx_word' id='word_1_361' title='bbox 1429 2452 1485 2503; x_wconf 81' lang='lat' dir='ltr'><strong>id</strong></span> <span class='ocrx_word' id='word_1_362' title='bbox 1532 2454 1665 2526; x_wconf 73' lang='lat' dir='ltr'><strong>quod</strong></span> <span class='ocrx_word' id='word_1_363' title='bbox 1708 2453 1933 2512; x_wconf 72' lang='lat' dir='ltr'><strong>abhorret</strong></span> <span class='ocrx_word' id='word_1_364' title='bbox 1982 2473 2015 2503; x_wconf 82' lang='lat' dir='ltr'><strong><em>a</em></strong></span> <span class='ocrx_word' id='word_1_365' title='bbox 2066 2456 2179 2505; x_wconf 82' lang='lat' dir='ltr'><strong>meis</strong></span> <span class='ocrx_word' id='word_1_366' title='bbox 2226 2452 2453 2507; x_wconf 79' lang='lat' dir='ltr'><strong>moribus.</strong></span> 
     </span>
     <span class='ocr_line' id='line_1_54' title="bbox 1427 2531 2457 2599; baseline -0.003 -13"><span class='ocrx_word' id='word_1_367' title='bbox 1427 2532 1683 2586; x_wconf 83' lang='lat' dir='ltr'><strong>Poterant</strong></span> <span class='ocrx_word' id='word_1_368' title='bbox 1724 2545 1780 2586; x_wconf 84' lang='lat' dir='ltr'><strong>et</strong></span> <span class='ocrx_word' id='word_1_369' title='bbox 1821 2533 1893 2584; x_wconf 82' lang='lat' dir='ltr'><strong>ad</strong></span> <span class='ocrx_word' id='word_1_370' title='bbox 1927 2544 2143 2586; x_wconf 73' lang='lat' dir='ltr'><strong>senatum</strong></span> <span class='ocrx_word' id='word_1_371' title='bbox 2180 2534 2356 2599; x_wconf 79' lang='lat' dir='ltr'><strong>referre</strong></span> <span class='ocrx_word' id='word_1_372' title='bbox 2369 2569 2386 2596; x_wconf 88' lang='lat'><strong><em>‚</em></strong></span> <span class='ocrx_word' id='word_1_373' title='bbox 2414 2531 2457 2583; x_wconf 88' lang='lat' dir='ltr'><strong>ii</strong></span> 
     </span>
     <span class='ocr_line' id='line_1_55' title="bbox 1428 2611 2453 2683; baseline 0.002 -19"><span class='ocrx_word' id='word_1_374' title='bbox 1428 2612 1625 2683; x_wconf 83' lang='lat' dir='ltr'><strong>quibus</strong></span> <span class='ocrx_word' id='word_1_375' title='bbox 1672 2623 1913 2665; x_wconf 74' lang='lat' dir='ltr'><strong>senatum</strong></span> <span class='ocrx_word' id='word_1_376' title='bbox 1968 2630 2183 2682; x_wconf 80' lang='lat' dir='ltr'><strong>cogere..</strong></span> <span class='ocrx_word' id='word_1_377' title='bbox 2209 2611 2403 2664; x_wconf 76' lang='lat' dir='ltr'><strong>licebat</strong></span> <span class='ocrx_word' id='word_1_378' title='bbox 2436 2627 2453 2666; x_wconf 75' lang='lat' dir='ltr'><strong><em>z</em></strong></span> 
     </span>
     <span class='ocr_line' id='line_1_56' title="bbox 1428 2687 2452 2762; baseline -0.002 -18"><span class='ocrx_word' id='word_1_379' title='bbox 1428 2691 1581 2762; x_wconf 81' lang='lat' dir='ltr'><strong>Spero</strong></span> <span class='ocrx_word' id='word_1_380' title='bbox 1600 2729 1619 2758; x_wconf 84' lang='lat'><strong>,</strong></span> <span class='ocrx_word' id='word_1_381' title='bbox 1650 2687 1869 2762; x_wconf 84' lang='lat' dir='ltr'><strong>(inquit</strong></span> <span class='ocrx_word' id='word_1_382' title='bbox 1889 2691 2002 2744; x_wconf 92' lang='lat' dir='ltr'><strong>Cic.</strong></span> <span class='ocrx_word' id='word_1_383' title='bbox 2030 2709 2132 2762; x_wconf 88' lang='lat' dir='ltr'><strong>pro</strong></span> <span class='ocrx_word' id='word_1_384' title='bbox 2160 2692 2275 2762; x_wconf 71' lang='lat' dir='ltr'><strong>lege</strong></span> <span class='ocrx_word' id='word_1_385' title='bbox 2303 2691 2452 2748; x_wconf 80' lang='lat' dir='ltr'><strong>Man.</strong></span> 
     </span>
     <span class='ocr_line' id='line_1_57' title="bbox 1436 2768 2455 2843; baseline -0.002 -19"><span class='ocrx_word' id='word_1_386' title='bbox 1436 2789 1459 2824; x_wconf 87' lang='lat'>1</span> <span class='ocrx_word' id='word_1_387' title='bbox 1473 2791 1528 2842; x_wconf 87' lang='lat'><strong>9.</strong></span> <span class='ocrx_word' id='word_1_388' title='bbox 1546 2768 1567 2834; x_wconf 96' lang='lat'><em>)</em></span> <span class='ocrx_word' id='word_1_389' title='bbox 1583 2809 1600 2836; x_wconf 88' lang='lat'><strong><em>‚</em></strong></span> <span class='ocrx_word' id='word_1_390' title='bbox 1646 2771 1860 2824; x_wconf 80' lang='lat' dir='ltr'><strong>consules</strong></span> <span class='ocrx_word' id='word_1_391' title='bbox 1884 2769 1977 2843; x_wconf 57' lang='lat' dir='ltr'><strong>&#39;ad</strong></span> <span class='ocrx_word' id='word_1_392' title='bbox 2018 2782 2234 2824; x_wconf 79' lang='lat' dir='ltr'><strong>senatum</strong></span> <span class='ocrx_word' id='word_1_393' title='bbox 2272 2772 2455 2822; x_wconf 73' lang='lat' dir='ltr'><strong>relatu·-</strong></span> 
     </span>
     <span class='ocr_line' id='line_1_58' title="bbox 1429 2851 2458 2924; baseline -0.002 -20"><span class='ocrx_word' id='word_1_394' title='bbox 1429 2871 1508 2904; x_wconf 81' lang='lat' dir='ltr'><strong>ros</strong></span> <span class='ocrx_word' id='word_1_395' title='bbox 1538 2869 1553 2904; x_wconf 91' lang='lat'><strong>:</strong></span> <span class='ocrx_word' id='word_1_396' title='bbox 1582 2855 1667 2924; x_wconf 82' lang='lat' dir='ltr'><strong>qui</strong></span> <span class='ocrx_word' id='word_1_397' title='bbox 1706 2854 1751 2912; x_wconf 76' lang='lat' dir='ltr'><strong>si</strong></span> <span class='ocrx_word' id='word_1_398' title='bbox 1792 2851 2107 2914; x_wconf 77' lang='lat' dir='ltr'><strong>dubitabunt,</strong></span> <span class='ocrx_word' id='word_1_399' title='bbox 2147 2863 2237 2902; x_wconf 83' lang='lat' dir='ltr'><strong>aut</strong></span> <span class='ocrx_word' id='word_1_400' title='bbox 2273 2870 2458 2921; x_wconf 67' lang='lat' dir='ltr'><strong>grava-2</strong></span> 
     </span>
     <span class='ocr_line' id='line_1_59' title="bbox 1429 2929 2456 3003; baseline 0.001 -20"><span class='ocrx_word' id='word_1_401' title='bbox 1429 2931 1608 2983; x_wconf 77' lang='lat' dir='ltr'><strong>btmtur</strong></span> <span class='ocrx_word' id='word_1_402' title='bbox 1622 2971 1637 2993; x_wconf 86' lang='lat'><em>,</em></span> <span class='ocrx_word' id='word_1_403' title='bbox 1670 2951 1762 3002; x_wconf 73' lang='lat' dir='ltr'><strong>ego</strong></span> <span class='ocrx_word' id='word_1_404' title='bbox 1806 2951 1879 2983; x_wconf 81' lang='lat' dir='ltr'><strong>me</strong></span> <span class='ocrx_word' id='word_1_405' title='bbox 1910 2929 2143 3003; x_wconf 77' lang='lat' dir='ltr'><strong>profiteor</strong></span> <span class='ocrx_word' id='word_1_406' title='bbox 2176 2931 2456 2994; x_wconf 67' lang='lat' dir='ltr'><strong>relaturum.</strong></span> 
     </span>
     <span class='ocr_line' id='line_1_60' title="bbox 1427 3008 2459 3084; baseline 0 -20"><span class='ocrx_word' id='word_1_407' title='bbox 1427 3011 1498 3064; x_wconf 84' lang='lat' dir='ltr'><strong>Et</strong></span> <span class='ocrx_word' id='word_1_408' title='bbox 1556 3012 1670 3082; x_wconf 87' lang='lat' dir='ltr'><strong>ipse</strong></span> <span class='ocrx_word' id='word_1_409' title='bbox 1734 3024 1863 3064; x_wconf 88' lang='lat' dir='ltr'><strong>tunc</strong></span> <span class='ocrx_word' id='word_1_410' title='bbox 1912 3023 2111 3084; x_wconf 75' lang='lat' dir='ltr'><strong>praetor</strong></span> <span class='ocrx_word' id='word_1_411' title='bbox 2157 3023 2288 3065; x_wconf 82' lang='lat' dir='ltr'><strong>erat.</strong></span> <span class='ocrx_word' id='word_1_412' title='bbox 2352 3008 2459 3064; x_wconf 77' lang='lat' dir='ltr'><strong>Sed</strong></span> 
     </span>
     <span class='ocr_line' id='line_1_61' title="bbox 1427 3091 2459 3164; baseline -0.002 -20"><span class='ocrx_word' id='word_1_413' title='bbox 1427 3103 1695 3146; x_wconf 72' lang='lat' dir='ltr'><strong>senatores</strong></span> <span class='ocrx_word' id='word_1_414' title='bbox 1712 3109 1929 3164; x_wconf 85' lang='lat' dir='ltr'><strong>quoque</strong></span> <span class='ocrx_word' id='word_1_415' title='bbox 1947 3094 2033 3163; x_wconf 81' lang='lat' dir='ltr'><strong>jus</strong></span> <span class='ocrx_word' id='word_1_416' title='bbox 2049 3091 2318 3144; x_wconf 79' lang='lat' dir='ltr'><strong>habebant</strong></span> <span class='ocrx_word' id='word_1_417' title='bbox 2344 3108 2459 3144; x_wconf 85' lang='lat' dir='ltr'><strong>non</strong></span> 
     </span>
     <span class='ocr_line' id='line_1_62' title="bbox 1428 3169 2503 3240; baseline 0.002 -16"><span class='ocrx_word' id='word_1_418' title='bbox 1428 3172 1603 3224; x_wconf 86' lang='lat' dir='ltr'><strong>solum</strong></span> <span class='ocrx_word' id='word_1_419' title='bbox 1644 3171 1960 3225; x_wconf 78' lang='lat' dir='ltr'><strong>sententiam</strong></span> <span class='ocrx_word' id='word_1_420' title='bbox 1988 3169 2205 3224; x_wconf 81' lang='lat' dir='ltr'><strong>dicendi</strong></span> <span class='ocrx_word' id='word_1_421' title='bbox 2242 3169 2311 3224; x_wconf 84' lang='lat' dir='ltr'><strong>de</strong></span> <span class='ocrx_word' id='word_1_422' title='bbox 2358 3189 2425 3226; x_wconf 78' lang='lat' dir='ltr'><strong>eo</strong></span> <span class='ocrx_word' id='word_1_423' title='bbox 2440 3207 2459 3236; x_wconf 84' lang='lat'><strong>,</strong></span> <span class='ocrx_word' id='word_1_424' title='bbox 2498 3233 2503 3240; x_wconf 34' lang='lat'>¹</span> 
     </span>
    </p>
   </div>
   <div class='ocr_carea' id='block_1_5' title="bbox 1429 3249 2549 3323">
    <p class='ocr_par' dir='ltr' id='par_1_8' title="bbox 1429 3249 2549 3323">
     <span class='ocr_line' id='line_1_63' title="bbox 1429 3249 2549 3323; baseline -0.003 -19"><span class='ocrx_word' id='word_1_425' title='bbox 1429 3249 1498 3304; x_wconf 91' lang='lat' dir='ltr'><strong>de</strong></span> <span class='ocrx_word' id='word_1_426' title='bbox 1515 3270 1626 3323; x_wconf 86' lang='lat' dir='ltr'><strong>quo</strong></span> <span class='ocrx_word' id='word_1_427' title='bbox 1642 3251 1955 3322; x_wconf 75' lang='lat' dir='ltr'><strong>interrogati</strong></span> <span class='ocrx_word' id='word_1_428' title='bbox 1970 3263 2166 3316; x_wconf 82' lang='lat' dir='ltr'><strong>essent,</strong></span> <span class='ocrx_word' id='word_1_429' title='bbox 2185 3249 2279 3305; x_wconf 86' lang='lat' dir='ltr'><strong>sed</strong></span> <span class='ocrx_word' id='word_1_430' title='bbox 2298 3251 2460 3304; x_wconf 81' lang='lat' dir='ltr'><strong>etiam</strong></span> <span class='ocrx_word' id='word_1_431' title='bbox 2542 3254 2549 3260; x_wconf 87' lang='lat'>&#39;</span> 
     </span>
    </p>
   </div>
   <div class='ocr_carea' id='block_1_6' title="bbox 1429 3329 2463 4204">
    <p class='ocr_par' dir='ltr' id='par_1_9' title="bbox 1429 3329 2458 3472">
     <span class='ocr_line' id='line_1_64' title="bbox 1431 3329 2456 3403; baseline -0.002 -19"><span class='ocrx_word' id='word_1_432' title='bbox 1431 3329 1498 3384; x_wconf 92' lang='lat' dir='ltr'><strong>de</strong></span> <span class='ocrx_word' id='word_1_433' title='bbox 1527 3331 1628 3385; x_wconf 76' lang='lat' dir='ltr'><strong>alia</strong></span> <span class='ocrx_word' id='word_1_434' title='bbox 1650 3350 1710 3385; x_wconf 89' lang='lat' dir='ltr'><strong>re</strong></span> <span class='ocrx_word' id='word_1_435' title='bbox 1724 3369 1741 3397; x_wconf 92' lang='lat'>‚</span> <span class='ocrx_word' id='word_1_436' title='bbox 1772 3329 1841 3384; x_wconf 86' lang='lat' dir='ltr'><strong>de</strong></span> <span class='ocrx_word' id='word_1_437' title='bbox 1864 3349 1969 3403; x_wconf 79' lang='lat' dir='ltr'><strong>qua</strong></span> <span class='ocrx_word' id='word_1_438' title='bbox 1997 3331 2225 3384; x_wconf 81' lang='lat' dir='ltr'><strong>relatum</strong></span> <span class='ocrx_word' id='word_1_439' title='bbox 2249 3350 2279 3384; x_wconf 83' lang='lat' dir='ltr'><strong>a</strong></span> <span class='ocrx_word' id='word_1_440' title='bbox 2308 3330 2456 3383; x_wconf 87' lang='lat' dir='ltr'><strong>Coss.</strong></span> 
     </span>
     <span class='ocr_line' id='line_1_65' title="bbox 1429 3408 2458 3472; baseline -0.001 -8"><span class='ocrx_word' id='word_1_441' title='bbox 1429 3430 1542 3464; x_wconf 88' lang='lat' dir='ltr'><strong>non</strong></span> <span class='ocrx_word' id='word_1_442' title='bbox 1566 3423 1729 3466; x_wconf 84' lang='lat' dir='ltr'><strong>esset:</strong></span> <span class='ocrx_word' id='word_1_443' title='bbox 1751 3423 1811 3465; x_wconf 85' lang='lat' dir='ltr'><strong>ut</strong></span> <span class='ocrx_word' id='word_1_444' title='bbox 1831 3409 1969 3470; x_wconf 76' lang='lat' dir='ltr'><strong>vidit</strong></span> <span class='ocrx_word' id='word_1_445' title='bbox 1992 3410 2237 3472; x_wconf 61' lang='lat' dir='ltr'><strong>Graevius</strong></span> <span class='ocrx_word' id='word_1_446' title='bbox 2256 3408 2323 3462; x_wconf 83' lang='lat' dir='ltr'><strong>ad</strong></span> <span class='ocrx_word' id='word_1_447' title='bbox 2338 3408 2396 3460; x_wconf 85' lang='lat' dir='ltr'><strong>h.</strong></span> <span class='ocrx_word' id='word_1_448' title='bbox 2417 3409 2458 3463; x_wconf 92' lang='lat' dir='ltr'><strong>l.</strong></span> 
     </span>
    </p>

    <p class='ocr_par' dir='ltr' id='par_1_10' title="bbox 1430 3492 2463 4204">
     <span class='ocr_line' id='line_1_66' title="bbox 1514 3492 2460 3555; baseline -0.004 -11"><span class='ocrx_word' id='word_1_449' title='bbox 1514 3499 1570 3555; x_wconf 75' lang='grc'><strong>4.</strong></span> <span class='ocrx_word' id='word_1_450' title='bbox 1598 3492 1663 3544; x_wconf 86' lang='lat' dir='ltr'><strong>In</strong></span> <span class='ocrx_word' id='word_1_451' title='bbox 1687 3494 1897 3546; x_wconf 74' lang='lat' dir='ltr'><strong>civitate.</strong></span> <span class='ocrx_word' id='word_1_452' title='bbox 1919 3492 2043 3544; x_wconf 84' lang='lat' dir='ltr'><strong>Vox</strong></span> <span class='ocrx_word' id='word_1_453' title='bbox 2066 3494 2119 3542; x_wconf 83' lang='lat' dir='ltr'><strong>in</strong></span> <span class='ocrx_word' id='word_1_454' title='bbox 2136 3494 2327 3544; x_wconf 72' lang='lat' dir='ltr'><strong>civitate</strong></span> <span class='ocrx_word' id='word_1_455' title='bbox 2350 3507 2460 3542; x_wconf 79' lang='lat' dir='ltr'><strong>sus-</strong></span> 
     </span>
     <span class='ocr_line' id='line_1_67' title="bbox 1430 3565 2460 3643; baseline -0.004 -19"><span class='ocrx_word' id='word_1_456' title='bbox 1430 3585 1585 3643; x_wconf 83' lang='lat' dir='ltr'><strong>pecta</strong></span> <span class='ocrx_word' id='word_1_457' title='bbox 1632 3571 1805 3626; x_wconf 87' lang='lat' dir='ltr'><strong>doctis</strong></span> <span class='ocrx_word' id='word_1_458' title='bbox 1849 3568 2098 3636; x_wconf 82' lang='lat' dir='ltr'><strong>videtur;</strong></span> <span class='ocrx_word' id='word_1_459' title='bbox 2132 3587 2294 3640; x_wconf 81' lang='lat' dir='ltr'><strong>quam</strong></span> <span class='ocrx_word' id='word_1_460' title='bbox 2335 3565 2460 3620; x_wconf 89' lang='lat' dir='ltr'><strong>ideo</strong></span> 
     </span>
     <span class='ocr_line' id='line_1_68' title="bbox 1431 3647 2463 3714; baseline -0.002 -10"><span class='ocrx_word' id='word_1_461' title='bbox 1431 3651 1643 3706; x_wconf 86' lang='lat' dir='ltr'><strong>uncinis</strong></span> <span class='ocrx_word' id='word_1_462' title='bbox 1684 3647 2061 3704; x_wconf 86' lang='lat' dir='ltr'><strong>includendam</strong></span> <span class='ocrx_word' id='word_1_463' title='bbox 2108 3661 2463 3714; x_wconf 82' lang='lat' dir='ltr'><strong>curaverunt,</strong></span> 
     </span>
     <span class='ocr_line' id='line_1_69' title="bbox 1430 3729 2459 3803; baseline -0.002 -19"><span class='ocrx_word' id='word_1_464' title='bbox 1430 3743 1618 3803; x_wconf 85' lang='lat' dir='ltr'><strong>utpote</strong></span> <span class='ocrx_word' id='word_1_465' title='bbox 1653 3732 2182 3802; x_wconf 79' lang='lat' dir='ltr'><strong>interpretamentum</strong></span> <span class='ocrx_word' id='word_1_466' title='bbox 2218 3729 2357 3782; x_wconf 86' lang='lat' dir='ltr'><strong>inter</strong></span> <span class='ocrx_word' id='word_1_467' title='bbox 2392 3729 2459 3782; x_wconf 88' lang='lat' dir='ltr'><strong>li·</strong></span> 
     </span>
     <span class='ocr_line' id='line_1_70' title="bbox 1431 3809 2462 3881; baseline -0.002 -17"><span class='ocrx_word' id='word_1_468' title='bbox 1431 3831 1559 3865; x_wconf 88' lang='lat' dir='ltr'><strong>neas</strong></span> <span class='ocrx_word' id='word_1_469' title='bbox 1594 3810 1920 3881; x_wconf 77' lang='lat' dir='ltr'><strong>adscriptum</strong></span> <span class='ocrx_word' id='word_1_470' title='bbox 1933 3847 1951 3875; x_wconf 91' lang='lat'>‚</span> <span class='ocrx_word' id='word_1_471' title='bbox 1976 3822 2038 3863; x_wconf 88' lang='lat' dir='ltr'><strong>ut</strong></span> <span class='ocrx_word' id='word_1_472' title='bbox 2066 3809 2166 3862; x_wconf 77' lang='lat' dir='ltr'><strong>ista</strong></span> <span class='ocrx_word' id='word_1_473' title='bbox 2196 3809 2357 3864; x_wconf 79' lang='lat' dir='ltr'><strong>sessio</strong></span> <span class='ocrx_word' id='word_1_474' title='bbox 2384 3829 2462 3862; x_wconf 87' lang='lat' dir='ltr'><strong>se-</strong></span> 
     </span>
     <span class='ocr_line' id='line_1_71' title="bbox 1431 3889 2461 3962; baseline -0.001 -19"><span class='ocrx_word' id='word_1_475' title='bbox 1431 3903 1589 3944; x_wconf 80' lang='lat' dir='ltr'><strong>natus</strong></span> <span class='ocrx_word' id='word_1_476' title='bbox 1620 3901 1983 3962; x_wconf 85' lang='lat' dir='ltr'><strong>opponeretur</strong></span> <span class='ocrx_word' id='word_1_477' title='bbox 2018 3889 2239 3944; x_wconf 86' lang='lat' dir='ltr'><strong>sessioni</strong></span> <span class='ocrx_word' id='word_1_478' title='bbox 2265 3890 2461 3944; x_wconf 67' lang='lat' dir='ltr'><strong>habito</strong></span> 
     </span>
     <span class='ocr_line' id='line_1_72' title="bbox 1433 3967 2459 4043; baseline -0.005 -18"><span class='ocrx_word' id='word_1_479' title='bbox 1433 3984 1583 4025; x_wconf 84' lang='lat' dir='ltr'><strong>extra</strong></span> <span class='ocrx_word' id='word_1_480' title='bbox 1608 3971 1822 4036; x_wconf 43' lang='lat' dir='ltr'><strong>urbem.-</strong></span> <span class='ocrx_word' id='word_1_481' title='bbox 1837 3967 1981 4024; x_wconf 80' lang='lat' dir='ltr'><strong>Vide</strong></span> <span class='ocrx_word' id='word_1_482' title='bbox 2003 3971 2099 4024; x_wconf 86' lang='lat' dir='ltr'><strong>inf.</strong></span> <span class='ocrx_word' id='word_1_483' title='bbox 2128 3989 2284 4043; x_wconf 83' lang='lat' dir='ltr'><strong>capp.</strong></span> <span class='ocrx_word' id='word_1_484' title='bbox 2303 3970 2334 4024; x_wconf 89' lang='lat'><strong>3</strong></span> <span class='ocrx_word' id='word_1_485' title='bbox 2348 4007 2367 4035; x_wconf 88' lang='lat'>,</span> <span class='ocrx_word' id='word_1_486' title='bbox 2404 3972 2459 4022; x_wconf 88' lang='lat'><strong>6.</strong></span> 
     </span>
     <span class='ocr_line' id='line_1_73' title="bbox 1433 4049 2461 4106; baseline -0.005 -2"><span class='ocrx_word' id='word_1_487' title='bbox 1433 4049 1683 4106; x_wconf 79' lang='lat' dir='ltr'><strong>Attamen</strong></span> <span class='ocrx_word' id='word_1_488' title='bbox 1708 4051 1767 4104; x_wconf 90' lang='lat' dir='ltr'><strong>in</strong></span> <span class='ocrx_word' id='word_1_489' title='bbox 1795 4051 1993 4106; x_wconf 88' lang='lat' dir='ltr'><strong>nostris</strong></span> <span class='ocrx_word' id='word_1_490' title='bbox 2017 4049 2177 4104; x_wconf 87' lang='lat' dir='ltr'><strong>codd.</strong></span> <span class='ocrx_word' id='word_1_491' title='bbox 2210 4067 2315 4105; x_wconf 81' lang='lat' dir='ltr'><strong>vox</strong></span> <span class='ocrx_word' id='word_1_492' title='bbox 2342 4051 2461 4100; x_wconf 74' lang='lat' dir='ltr'><strong>civi-</strong></span> 
     </span>
     <span class='ocr_line' id='line_1_74' title="bbox 1438 4127 2460 4204; baseline -0.002 -22"><span class='ocrx_word' id='word_1_493' title='bbox 1438 4144 1539 4184; x_wconf 79' lang='lat' dir='ltr'><strong>tate</strong></span> <span class='ocrx_word' id='word_1_494' title='bbox 1562 4144 1809 4204; x_wconf 75' lang='lat' dir='ltr'><strong>apparet3</strong></span> <span class='ocrx_word' id='word_1_495' title='bbox 1828 4135 1927 4186; x_wconf 84' lang='lat' dir='ltr'><strong>nec</strong></span> <span class='ocrx_word' id='word_1_496' title='bbox 1951 4149 2056 4186; x_wconf 74' lang='lat' dir='ltr'><strong>vox</strong></span> <span class='ocrx_word' id='word_1_497' title='bbox 2070 4134 2238 4186; x_wconf 63' lang='lat' dir='ltr'><strong>cimas</strong></span> <span class='ocrx_word' id='word_1_498' title='bbox 2259 4147 2362 4202; x_wconf 84' lang='lat' dir='ltr'><strong>pro</strong></span> <span class='ocrx_word' id='word_1_499' title='bbox 2382 4127 2460 4181; x_wconf 70' lang='lat' dir='ltr'><strong>ur‘·</strong></span> 
     </span>
    </p>
   </div>
   <div class='ocr_carea' id='block_1_7' title="bbox 2006 4222 2088 4308">
    <p class='ocr_par' dir='ltr' id='par_1_11' title="bbox 2006 4222 2088 4308">
     <span class='ocr_line' id='line_1_75' title="bbox 2006 4222 2088 4308; baseline 0 -46"><span class='ocrx_word' id='word_1_500' title='bbox 2006 4222 2088 4308; x_wconf 77' lang='grc' dir='ltr'><strong>Ι3</strong></span> 
     </span>
    </p>
   </div>
  </div>
 </body>
</html>
