3025 5025
654 494 807 578 440
866 456 871 461 ’
1454 494 1594 561 DE
1649 486 1998 561 ’BELLO
2031 438 2042 451 ’

760 634 958 703 XIII.
1016 636 1259 704 Hostes
1286 618 1556 707 interim
1578 687 1599 721 ,
1637 646 1924 729 quorum
1965 618 2102 701 dux
2141 645 2286 700 erat
2321 630 2647 701 Labienus
2672 685 2689 719 ,
2717 645 2786 700 et

657 740 792 810 duo
804 739 1087 809 Pacidii¹
1094 742 1335 831 ,aciem
1358 740 1682 809 dirimunt
1703 737 1986 809 mirabili
2002 737 2450 833 longitudine
2467 737 2790 837 nonpedi-

656 860 837 934 tum,
866 846 981 915 sed
1012 848 1349 941 equitum,
1372 846 1785 932 confertam3
1821 860 1888 947 et
1913 846 2087 915 inter
2113 869 2226 914 eos
2256 844 2419 914 levis
2447 858 2792 943 armaturae

658 953 985 1023 Numidas
1020 967 1088 1021 et
1124 954 1495 1047 sagittarios
1531 940 1786 1049 pedites
1827 940 2400 1047 interposuerant,
2427 966 2493 1019 et
2525 953 2616 1019 ita
2641 975 2793 1019 con·

658 1058 1135 1147 densaverant,
1182 1074 1260 1127 ut
1294 1058 1532 1155 procul
1575 1059 1932 1128 Caesariani
1974 1058 2314 1152 pedestres
2353 1059 2582 1176 copias
2617 1057 2794 1125 arbi-

656 1179 1025 1254 trarentur3
1043 1180 1111 1235 et
1140 1166 1447 1235 dextrum
1477 1189 1557 1233 ac
1583 1166 1918 1234 sinistrum
1961 1188 2171 1234 cornu
2203 1166 2462 1257 magnis
2505 1165 2795 1257 equitum

659 1272 867 1366 copiis
918 1271 1366 1341 firmaverant.
1424 1273 1700 1340 Interim
1757 1274 1982 1341 Caesar
2037 1272 2247 1339 aciem
2291 1270 2517 1364 dirigit
2559 1268 2798 1364 simpli·

660 1402 807 1447 cem
830 1375 880 1466 ²,
918 1391 992 1447 ut
1034 1392 1299 1472 poterat
1322 1431 1343 1465 ,
1391 1391 1672 1474 propter
1713 1378 2116 1472 paucitatem
2155 1402 2171 1444 ε
2227 1378 2604 1470 sagittarios
2627 1388 2800 1444 'ante

662 1485 872 1552 aciem
916 1485 1259 1553 constituit
1287 1508 1302 1551 ε
1340 1486 1594 1578 equites
1639 1483 1874 1553 dextro
1919 1485 2314 1576 sinistroque
2353 1508 2568 1551 cornu
2608 1508 2802 1577 oppo-

662 1590 790 1677 nit,
825 1604 893 1658 et
928 1592 1021 1659 ita
1054 1592 1390 1685 praecipit,
1426 1605 1502 1659 ut
1537 1578 1999 1687 providerent,
2035 1614 2120 1657 ne
2152 1588 2580 1658 multitudine
2623 1589 2800 1684 equi-

660 1710 836 1787 tatus
885 1695 1181 1767 hostium
1242 1698 1885 1767 circumvenirentur
1922 1722 1938 1764 :
1985 1696 2400 1766 existimabat
2451 1697 2636 1764 enim
2661 1749 2683 1782 ,
2738 1718 2802 1763 se

661 1828 815 1892 cum
844 1802 1258 1899 pedestribus
1292 1805 1497 1899 copiis
1525 1804 1664 1873 acie
1692 1804 2018 1872 instructa
2051 1802 2540 1872 dimicaturum.

766 1911 956 1977 XIV.
1014 1910 1245 1997 Quum
1278 1912 1610 2004 utrimque
1645 1909 2054 2005 exspectatio
2089 1908 2310 1996 fieret,
2335 1932 2554 2003 neque
2584 1911 2806 1979 Caesar

665 2038 735 2083 se
759 2014 1197 2095 removeret&
1218 2027 1285 2083 et
1317 2039 1525 2109 quum
1559 2040 1832 2090 suorum
1860 2017 2194 2110 paucitate
2229 2029 2462 2084 contra
2489 2038 2804 2110 magnam

663 2120 801 2188 vim
837 2115 1129 2191 hostium
1162 2120 1442 2191 artificio
1472 2123 1683 2216 magis
1703 2176 1723 2211 ,
1755 2147 1957 2216 quam
1993 2122 2279 2210 viribuS,
2310 2120 2806 2191 decernendum

661 2226 961 2316 videret3
1005 2227 1225 2297 subito
1285 2228 1818 2297 adversariorum
1859 2229 2190 2322 equitatus
2233 2252 2374 2297 sese
2407 2228 2772 2297 extendere
2787 2280 2805 2314 ,

662 2348 729 2401 et
772 2335 841 2401 in
871 2332 1289 2403 latitudinem
1331 2359 1730 2431 promovere.
1747 2389 1767 2422 ,
1791 2333 2123 2429 collesque
2155 2333 2537 2430 complecti,
2567 2349 2641 2403 et
2665 2336 2804 2404 Cae·

664 2441 826 2509 saris
869 2441 1237 2535 equitatum
1276 2456 1635 2512 extenuare
1657 2495 1682 2530 ,
1738 2439 2063 2537 simulque
2113 2441 2198 2511 ad
2255 2440 2806 2512 circumeundum

664 2572 1053 2643 comparare
1094 2573 1162 2618 se
1204 2563 1569 2644 coeperunt.
1615 2551 1971 2619 Caesariani
2010 2551 2264 2642 equites
2303 2573 2537 2617 eorum
2585 2546 2808 2616 multi·

663 2653 960 2722 tudinem
984 2679 1159 2749 aegre
1190 2655 1615 2724 sustinebant.
1647 2655 1838 2724 Acies
1867 2655 2132 2724 interim
2160 2654 2390 2723 mediae
2419 2679 2635 2748 quum
2655 2679 2809 2724 con-

663 2785 933 2831 currere
974 2776 1414 2851 conarentur,
1454 2761 1677 2831 subito
1714 2785 1796 2831 ex
1822 2759 2184 2830 condensis
2237 2757 2508 2830 turmis²
2549 2761 2809 2856 pedites

662 2866 978 2938 Numidae
1036 2866 1198 2938 levis
1257 2883 1612 2938 armaturae
1657 2892 1810 2937 cum
1855 2868 2184 2962 equitibus
2233 2883 2650 2964 procurrunt
2681 2921 2704 2956 ,
2747 2881 2808 2935 et

661 2973 837 3040 inter
877 2970 1269 3068 legionarios
1304 2973 1546 3044 milites
1581 2973 1801 3068 jacula
1843 2974 2226 3068 conjiciunt.
2257 2975 2384 3043 Hic
2420 2997 2636 3068 quum
2665 2975 2808 3044 Cae-

668 3192 817 3264 pius,
846 3192 971 3264 quia
1000 3193 1060 3249 in
1090 3191 1249 3246 codd.
1268 3193 1409 3246 inter
1436 3195 1601 3257 verba
1619 3213 1696 3246 sa-

661 3274 882 3339 gittariis
911 3285 964 3326 et
999 3273 1155 3326 hostes
1175 3273 1372 3343 legitur
1400 3287 1471 3334 et,
1506 3291 1600 3326 seu
1629 3276 1690 3326 ei.

663 3351 741 3404 M.
768 3351 911 3405 Vide
934 3365 1119 3404 notam
1142 3351 1549 3423 praecedentem.

747 3432 880 3484 Car.
908 3432 1063 3484 XIII.
1101 3451 1148 3484 1.
1185 3433 1401 3484 Pacida.
1438 3432 1545 3484 Alii
1586 3433 1692 3484 Pa-

668 3511 805 3564 cidei.
833 3511 1017 3566 Nostri
1033 3529 1245 3582 quoque
1264 3510 1425 3564 codd.
1452 3512 1659 3564 Pacidei
1672 3529 1692 3562 .·

1780 3193 1932 3266 liger.
1953 3194 2136 3265 'Vulgo
2165 3205 2394 3255 monna·
2425 3204 2480 3246 et
2509 3205 2810 3264 utrumque

1778 3273 1935 3328 bene.
1961 3305 2041 3316 --
2068 3272 2230 3326 Colles
2273 3274 2534 3344 complecti.
2580 3275 2681 3326 Ita
2713 3273 2810 3326 cir·

1779 3353 1959 3418 cuire,
1984 3366 2046 3405 ut
2075 3367 2248 3408 essent
2278 3353 2436 3406 simul
2461 3353 2626 3405 colles
2659 3354 2723 3406 in
2751 3372 2810 3406 eo

1779 3433 1951 3504 spatio
1961 3469 1978 3496 ‚
1996 3432 2145 3503 quod
2162 3433 2252 3486 ille
2269 3446 2512 3487 extensus
2539 3433 2813 3504 equitatus

1779 3512 2088 3583 occupabat.
2119 3512 2198 3566 Μ.
2229 3545 2312 3556 -
2339 3514 2635 3585 Equitum
2681 3525 2812 3564 este-

665 3603 879 3661 praestat
934 3592 1144 3644 Pacidei.
1196 3589 1443 3644 Pacidius
1492 3610 1692 3646 nomen

666 3689 950 3724 romanum
973 3689 1085 3727 non
1108 3669 1327 3724 aliunde
1342 3685 1552 3726 notum.

750 3771 801 3804 ι.
822 3751 995 3812 Coesar
1016 3771 1091 3804 ac.
1122 3751 1217 3802 dir.
1251 3752 1409 3821 simpl.
1436 3753 1488 3804 ΙΙ
1510 3769 1692 3820 magen

666 3849 738 3882 ses
770 3842 960 3900 troupes
990 3851 1077 3884 sur
1106 3851 1196 3882 une
1223 3831 1350 3882 seule
1376 3832 1523 3900 ligne.
1555 3829 1691 3884 Gui-

666 3909 921 3967 oehardus
936 3949 953 3976 ,
972 3924 1009 3964 t.
1032 3929 1111 3974 xv,
1132 3931 1189 3982 p.
1212 3912 1455 3979 191„vel
1484 3909 1592 3962 vol.
1617 3928 1692 3976 ιι,

666 4008 721 4060 p.
759 3989 1047 4058 198.Vide
1083 3990 1145 4043 B.
1172 3991 1345 4057 Alex„
1368 4009 1415 4044 c.
1452 3992 1548 4060 37.
1579 3989 1656 4042 M.

710 4119 717 4126 ,
748 4069 879 4126 (3η.-
899 4071 1051 4124 XIV.
1080 4087 1130 4123 1.
1156 4069 1221 4130 Se
1248 4083 1519 4124 removeret.
1547 4069 1632 4124 Sic
1657 4088 1690 4122 e

662 4146 821 4204 codd.
853 4162 905 4203 et
936 4147 1059 4202 edd.
1080 4161 1209 4204 vett.
1234 4148 1542 4204 emendavit
1569 4149 1690 4204 Sea·

1778 3611 1944 3645 auam.
1975 3591 2189 3663 Cogunt
2211 3609 2338 3644 eum
2361 3610 2418 3645 se
2437 3589 2738 3646 extendere
2759 3594 2812 3644 in

1777 3669 2134 3737 latitudinem,
2141 3691 2212 3726 ne
2229 3683 2332 3724 stet
2345 3671 2570 3744 amplius
2585 3670 2806 3726 densus.

1864 3769 1892 3804 α
1901 3791 1916 3804 .
1927 3752 1981 3804 E
1979 3771 2015 3804 τι
2027 3752 2274 3804 condensa:
2288 3755 2470 3804 tumis.
2479 3749 2810 3805 Guischard.

1775 3831 1884 3886 hoc
1907 3831 2028 3884 loco
2055 3830 2304 3902 intelligit
2334 3843 2499 3885 totam
2527 3831 2706 3884 aciem
2725 3849 2811 3903 pe-

1776 3908 1954 3964 ditum
1981 3911 2348 3982 equitiunque.
2381 3910 2532 3965 Man.
2563 3912 2739 3972 milit„
2769 3923 2806 3962 t.

1777 4008 1853 4055 11,
1867 4009 1922 4061 p.
1955 4009 2080 4045 που.
2095 3991 2386 4044 —Pedites
2415 3989 2664 4043 Numidae.
2681 3991 2812 4044 For·

1779 4089 1872 4122 san
1892 4069 2078 4140 pedites
2101 4089 2130 4123 e
2153 4071 2359 4141 glossa3
2387 4086 2513 4123 nam
2543 4069 2602 4122 in
2641 4067 2806 4122 codd.

1777 4148 2098 4222 quibusdam
2121 4148 2288 4208 deest.
2314 4151 2482 4206 Vacat
2509 4165 2734 4221 quoque
2751 4149 2809 4204 in
