3025 5025
618 435 765 509 538
1415 440 1556 507 DE
1614 440 1966 509 BELLO

611 570 832 665 gitivis
883 570 1232 641 auxiliares
1289 571 1737 641 consistebant
1777 597 1791 638 :
1843 594 1999 639 nam
2026 625 2046 659 ‚
2097 570 2181 640 de
2237 568 2368 640 levi
2426 586 2749 641 armatura

607 691 677 745 et
725 679 1028 771 equitatu
1041 730 1062 761 ‚
1106 676 1304 773 longe
1343 692 1414 749 et
1449 679 1695 749 virtute
1736 692 1807 747 ct
1846 702 2128 747 numero
2164 679 2377 747 nostri
2416 693 2608 748 erant
2648 704 2749 747 su-

606 808 922 878 pei-iores.

718 894 910 961 VIII.
951 891 1333 963 Accedebat
1367 892 1502 961 huc
1519 944 1539 978 ‚
1574 904 1651 959 ut
1677 888 1937 985 longius
1967 889 2220 959 bellum
2260 892 2539 961 duceret
2568 893 2759 960 Pom-

612 998 800 1090 peius
812 1050 832 1084 ‚
851 997 1034 1092 quod
1057 997 1204 1067 loca
1225 1012 1380 1067 sunt
1397 986 1606 1084 edita,
1626 1011 1693 1065 et
1710 996 1795 1065 ad
1819 1012 2191 1066 castrorum
2210 999 2616 1067 munitiones
2630 1023 2765 1066 non

611 1128 850 1197 parum
877 1104 1134 1177 idonea.
1173 1107 1350 1175 Nam
1383 1104 1525 1175 fere
1562 1104 1767 1173 totius
1794 1102 2518 1198 ulterioris-Hispaniae
2542 1106 2727 1199 regio
2746 1158 2766 1192 ‚

613 1225 890 1305 propter
935 1226 1128 1283 terrae
1167 1210 1643 1282 fecunditatem
1670 1208 1715 1297 ¹,
1740 1211 2008 1307 inopem
2050 1208 2523 1305 difficilemque
2567 1211 2772 1280 habet

614 1320 1184 1412 oppugnationem
1201 1372 1221 1404 ‚
1242 1331 1310 1387 et
1349 1342 1487 1387 non
1528 1319 1749 1387 minus
1776 1319 2116 1412 copiosam
2158 1319 2609 1412 aquationem.
2642 1320 2769 1387 Hic

613 1425 814 1493 etiam
845 1439 1122 1520 propter
1141 1425 1583 1496 barbarorum
1608 1424 1875 1493 crebras
1902 1425 2325 1521 excursiones
2348 1425 2575 1493 omnia
2592 1422 2771 1511 loca,

615 1554 762 1622 quae
825 1546 980 1601 sunt
1023 1531 1110 1601 ab
1153 1532 1414 1626 oppidis
1475 1545 1735 1601 remota
1756 1584 1777 1619 ‚
1824 1531 2123 1599 turribus
2164 1546 2233 1600 et
2286 1530 2773 1613 munitionibus

619 1634 1046 1727 retinentur-²,
1064 1653 1166 1724 et,
1197 1641 1368 1709 sicut
1387 1640 1456 1707 in
1479 1637 1741 1724 Africa,
1770 1637 2046 1724 rudere,
2070 1650 2207 1711 non
2231 1635 2503 1731 tegulis,
2532 1652 2771 1732 tegun-

617 1756 762 1831 tur3
793 1744 1118 1838 simulque
1147 1747 1220 1813 in
1247 1744 1352 1813 his
1383 1744 1643 1816 habent
1683 1744 2020 1838 speculas,
2050 1758 2119 1813 et
2155 1759 2435 1839 propter
2470 1742 2773 1813 altitudi-

616 1874 770 1921 nem
827 1850 1024 1945 longe
1075 1850 1338 1944 lateque
1385 1852 1821 1945 prospiciunt.
1873 1854 2046 1919 Item
2066 1851 2486 1946 oppidorum
2528 1874 2772 1945 magna

615 1980 772 2049 pars
801 1960 942 2050 ejus
980 1959 1342 2051 provinciae
1383 1958 1725 2027 montibus
1763 1957 1902 2027 fere
1944 1960 2203 2025 munita
2222 2009 2240 2045 ‚
2276 1972 2353 2025 et
2386 1971 2633 2025 natura
2662 1981 2773 2035 ex-

616 2059 1006 2133 cellentibus
1037 2063 1198 2134 locis
1225 2078 1328 2135 est
1351 2066 1719 2133 constituta
1736 2118 1756 2150 ‚
1783 2078 1861 2133 ut
1888 2063 2093 2133 simul
2104 2064 2331 2133 aditus
2371 2063 2773 2136 adscensus-

615 2194 745 2263 que
787 2170 1036 2241 habeat
1077 2170 1402 2241 difficiles.
1442 2175 1549 2240 Ita
1567 2172 1671 2239 -ab
1710 2171 2321 2266 oppugnationibus
2354 2185 2599 2239 natura
2642 2168 2773 2238 loci

613 2275 1012 2353 distineatur
1033 2262 1082 2367 ³,
1141 2292 1218 2347 ut
1269 2280 1569 2349 civitates
1630 2280 1967 2373 Hispaniae
2021 2302 2160 2346 non·
2201 2275 2391 2345 facile
2436 2276 2525 2345 ab
2576 2276 2773 2348 hoste

613 2384 1001 2477 capiantur:
1035 2384 1108 2456 id
1146 2385 1328 2479 quod
1357 2386 1424 2453 in
1467 2386 1601 2455 hoc
1638 2387 1921 2479 contigit
1962 2382 2155 2454 bello,
2194 2386 2407 2472 Nam,
2436 2383 2553 2451 uhi
2596 2384 2773 2451 inter

616 2490 944 2586 Ateguam
993 2506 1060 2562 et
1098 2492 1394 2564 Ucubim
1415 2546 1434 2579 ‚
1497 2517 1647 2587 quae
1704 2492 1950 2587 oppida
1993 2514 2197 2587 supra
2257 2503 2413 2560 sunt
2478 2490 2725 2585 scripta
2750 2545 2769 2578 ,

616 2599 972 2693 Pompeius
1014 2599 1254 2670 habuit
1296 2615 1515 2669 castra
1556 2601 1929 2669 constituta
1964 2601 2043 2667 in·
2076 2612 2445 2692 conspectu
2478 2597 2769 2666 duorum

1744 2825 2023 2898 aggeribus
2058 2821 2325 2878 struendis
2350 2823 2530 2876 minus
2560 2821 2771 2877 idonea.

1742 2907 1891 2959 Ouo.
1934 2906 2060 2958 Non
2096 2905 2233 2958 male
2268 2903 2657 2972 infecunditatem
2670 2944 2687 2966 ,
2728 2901 2773 2956 si

629 2845 695 2879 η
716 2864 733 2893 ,
758 2847 848 2880 20.
882 2827 1161 2879 Ver-nacula
1192 2828 1342 2897 legio,
1371 2845 1496 2900 quse
1526 2845 1654 2880 con·

625 2919 726 2959 stat
757 2905 1023 2978 indigenis
1038 2945 1055 2972 ,
1075 2921 1138 2960 ut
1159 2925 1320 2978 supra
1347 2903 1651 2960 docuimus,

623 3019 704 3030 -—
731 2989 819 3039 Ex
863 2990 1095 3057 figitiva}
1141 2987 1400 3038 auxilians
1460 2992 1654 3040 consulit.

627 3067 858 3120 Barbara
889 3068 1092 3120 locutio
1110 3105 1126 3130 ‚
1148 3063 1334 3138 judice
1347 3065 1654 3120 'Dodtvella

625 3147 803 3200 Bovis,
829 3147 980 3199 malit
1003 3152 1068 3200 in.
1087 3146 1192 3200 Sed
1209 3147 1528 3219 praepositio
1538 3165 1659 3219 pos-

627 3239 706 3280 set
729 3227 928 3280 ahesse.
949 3227 985 3279 J
987 3227 1130 3279 urin.
1155 3225 1252 3280 dat
1273 3247 1336 3280 ea:
1349 3230 1580 3299 fugitivis
1611 3225 1661 3278 ἐι

625 3307 944 3359 auxiliaribus
960 3307 1258 3360 constabant.
1269 3309 1446 3360 -De
1461 3307 1555 3360 levi
1582 3327 1661 3358 ar*-

626 3397 834 3438 matum.
863 3384 1029 3451 Quod
1061 3387 1250 3439 attinet
1275 3386 1343 3439 ad
1374 3389 1547 3440 levem
1572 3405 1657 3439 ar·

624 3479 921 3530 maturam,
947 3468 1150 3539 inquit,
1174 3467 1389 3520 Montis.

705 3547 838 3600 Car.
858 3548 1013 3599 VIII.
1042 3567 1064 3600 1
1078 3588 1090 3600 .
1108 3549 1321 3619 Propter
1339 3543 1661 3616 terr-cefecun-

625 3626 842 3680 dieatem.
866 3627 1082 3680 Monuit
1100 3627 1371 3693 Davisius,
1385 3639 1661 3699 praeunte

624 3705 810 3778 Lipsio
825 3745 840 3774 ,
857 3708 1246 3775 infecunditatem
1263 3750 1277 3774 ,
1291 3719 1349 3760 et·
1358 3707 1524 3780 paulo
1538 3718 1661 3778 post

625 3806 725 3837 uon
760 3791 902 3840 nimis
940 3783 1200 3859 copiosam'
1215 3807 1328 3857 aqu.
1374 3786 1661 3859 legendum

622 3865 799 3919 videri
819 3906 835 3931 ‚
863 3881 920 3921 et
955 3869 1164 3922 confert
1197 3867 1467 3935 strabon„
1491 3869 1527 3921 1.
1558 3885 1631 3920 111
1650 3908 1665 3936 ,

624 3946 775 4000 Mon.
817 3947 871 4000 si
895 3949 1244 4016 secunditatem
1277 3949 1512 4001 retinere
1548 3963 1661 4000 ma-

625 4027 692 4079 lis
708 4065 724 4092 ,
741 4024 968 4099 intelligi
986 4041 1162 4100 potest
1181 4027 1255 4082 de
1273 4040 1414 4083 terra
1431 4027 1662 4100 glebosa,

629 4106 928 4172 frumento,
962 4109 1207 4180 frugibus
1237 4107 1472 4164 ferendis
1502 4119 1626 4182 apta
1646 4145 1663 4175 ,

1742 2984 1953 3039 codices
1996 2982 2322 3038 addicerent.

1829 3086 1881 3118 α.
1909 3067 2209 3118 Retinentw‘.
2246 3065 2330 3116 'Ab
2361 3063 2551 3116 incolis
2584 3063 2643 3114 in
2672 3081 2772 3134 po·

1746 3159 1963 3211 testate,
1996 3142 2379 3198 defenduntur.
2412 3141 2627 3196 Montis.

1832 3227 1881 3280 3.
1909 3227 2235 3278 Distinentur.
2260 3225 2470 3276 Hostes.
2495 3223 2572 3276 M.
2603 3221 2775 3274 -Ah

1746 3308 1893 3358 hoste.
1906 3305 2040 3370 Alii,
2054 3305 2119 3356 ab
2146 3305 2373 3356 hostibus.
2389 3336 2469 3346 —
2485 3303 2553 3355 Id
2571 3303 2707 3374 quod
2726 3306 2777 3354 in

1746 3387 1837 3438 hoc
1855 3387 2063 3456 contigit
2085 3377 2229 3438 bello'.
2254 3383 2339 3437 Sic
2361 3383 2607 3437 Clarkius
2633 3401 2665 3434 e
2690 3401 2779 3435 co-

1746 3465 1972 3520 dicibus.
1995 3463 2130 3518 vid.
2153 3478 2272 3518 not.
2298 3461 2367 3516 ad
2387 3463 2447 3516 Β.
2468 3463 2532 3516 C.
2555 3479 2659 3527 111,
2679 3463 2775 3525 43.

1746 3547 1926 3620 Vulgo
1947 3545 2079 3616 quod
2094 3543 2287 3597 accidit.
2298 3576 2379 3586 -
2398 3541 2628 3598 Grmnus.
2648 3543 2779 3614 Ety-

1744 3639 1873 3679 mon
1892 3627 2111 3679 =Nonius
2126 3625 2294 3679 Marc.
2315 3621 2466 3676 ducit
2482 3641 2511 3675 a
2529 3626 2773 3691 congerie,

1747 3719 1801 3759 et
1814 3723 2053 3780 aggerem
2062 3705 2461 3777 interpretatur.
2480 3701 2771 3758 Grumum

1750 3789 1953 3839 tinnulos
1969 3785 2101 3839 dicit
2116 3785 2335 3838 VitruV.
2354 3801 2462 3836 vtu
2476 3823 2493 3850 ‚
2510 3779 2705 3838 &vide
2722 3795 2779 3836 et

1746 3867 1919 3933 infra,
1946 3886 2061 3938 cap.
2090 3873 2180 3930 ²4·
2212 3865 2454 3926 Grumus,
2477 3861 2778 3921 collis-‚Co-

1749 3965 1834 4000 sar
1852 3959 2088 4014 terreum
2114 3945 2384 4000 tumulum
2407 3943 2670 4017 appellare
2691 3961 2779 3995 so-

1747 4028 1838 4081 Iet.
1872 4027 2062 4082 Festus
2084 4045 2097 4080 τ
2115 4045 2337 4098 gnanus,
2365 4037 2505 4077 ειη-ω
2528 4023 2741 4076 collectio
2754 4066 2773 4088 ,

1756 4113 1912 4161 minor
1938 4107 2135 4162 tumulo.
2168 4105 2313 4161 Vide
2339 4105 2506 4173 infra,
2533 4123 2647 4177 cap.
2684 4109 2777 4167 ²4·
