3025 5025
732 487 868 554 DE
923 486 1277 554 BELLO
1333 475 2075 559 CIV1L1.L113.1.
2343 497 2439 589 47

288 617 547 713 incipit.
575 632 674 705 et,
706 615 842 712 quo
877 617 1134 688 facilius
1163 613 1488 713 impetum
1520 621 1801 690 Caesaris
1833 621 2165 711 tardaret,
2190 649 2275 694 ne
2314 627 2441 696 sub

285 726 414 819 ipsa
444 725 869 819 profectione
905 724 1148 796 milites
1175 723 1500 821 oppidum
1536 728 2018 832 irrumperent,
2045 745 2281 828 portas
2317 733 2438 805 ob·

283 833 499 916 struit,
530 833 722 902 vicos
763 831 1150 926 plateasque
1183 831 1572 902 inaedificat²
1578 833 1837 922 ‚fossas
1874 845 2287 908 transversas
2312 841 2437 910 viis'

283 886 630 1030 praeducit,
693 951 893 1033 atque
930 938 1024 1006 ibi
1063 937 1262 1008 sudes
1303 941 1691 1034 stipitesque
1744 958 2117 1036 praeacutos
2176 933 2432 1041 defigit.

285 1046 429 1112 Haec
451 1043 714 1114 levibus
740 1046 1036 1114 cratibus
1062 1060 1376 1140 terraque
1396 1047 1720 1141 inaequat:
1742 1047 1961 1118 aditus
1984 1063 2210 1118 autem
2234 1066 2436 1146 atque

279 1151 504 1220 itinera
532 1151 676 1222 duo
696 1205 716 1236 ‚
743 1175 892 1246 quae
914 1166 1106 1221 extra
1139 1177 1409 1222 murum
1437 1153 1525 1222 ad
1559 1151 1834 1249 portum
1864 1154 2199 1245 ferebant,
2226 1161 2434 1228 maxi-

279 1258 392 1326 mis
427 1257 670 1328 defixis
724 1258 1060 1344 trabibus,
1107 1273 1308 1354 atque
1352 1263 1446 1329 eis
1491 1263 1879 1355 praeacutis,
1927 1265 2257 1357 praesepit.
2313 1268 2435 1336 His

279 1368 515 1459 paratis
561 1366 799 1453 rebuS,
835 1364 1077 1436 milites
1124 1365 1386 1436 silentio
1426 1391 1634 1437 naves
1690 1368 2141 1439 conscendere
2175 1357 2432 1462 jubet³z

276 1471 619 1565 expeditos
664 1486 889 1541 autem
930 1497 1013 1542 ex
1047 1475 1342 1542 evocatis
1361 1526 1382 1560 ,
1419 1477 1773 1569 sagittariis
1793 1530 1813 1564 ‚
1851 1475 2432 1572 funditoribusque

191 1667 200 1676 ⁸
277 1603 455 1648 raros
487 1581 564 1646 in
591 1602 790 1648 muro
819 1579 1247 1673 turribusque
1272 1579 1581 1675 disponit.
1615 1580 1758 1652 Hos
1794 1595 1981 1652 certo
2012 1583 2202 1678 signo
2238 1607 2432 1655 revo-

274 1711 416 1754 care
444 1687 798 1755 constituit
812 1710 1066 1780 ‚quum
1091 1709 1322 1755 omnes
1353 1685 1594 1756 milites
1622 1711 1827 1758 naves
1854 1689 2432 1780 conscendissent;

273 1807 463 1886 atque
499 1794 581 1862 iis
619 1739 928 1888 expedito
965 1779 1162 1862 loco¹¹
1211 1795 1506 1863 actuaria
1545 1795 1812 1890 navigia
1850 1794 2183 1924 relinquit.

272 1968 516 2024 advolare
548 1974 877 2044 gestiebant:
895 1993 994 2028 nec
1015 1975 1153 2029 forte
1176 1996 1302 2049 pru-

273 2048 442 2104 dentis
471 2067 591 2124 erat
613 2054 719 2106 viri
747 2053 807 2106 in
835 2055 927 2106 tali
953 2073 1132 2109 rerum
1159 2069 1300 2110 statu

271 2130 525 2185 victorem
550 2146 870 2204 exspectare.
892 2136 1063 2189 Aliter
1089 2147 1266 2190 tamen
1281 2175 1298 2204 ,

270 2210 309 2262 si
335 2211 608 2266 affirmare
642 2214 812 2266 ausim
832 2253 849 2279 ,
880 2216 1070 2286 egisset
1097 2215 1301 2286 Caesar,

270 2303 318 2342 et
351 2293 512 2363 plura
543 2292 778 2346 audaciae
811 2295 1154 2366 permisisset.
1194 2295 1300 2351 Hic

270 2371 322 2422 in
380 2375 703 2427 memoriam
759 2376 995 2429 occurrit
1037 2375 1126 2429 illa
1171 2396 1298 2430 vere

269 2451 526 2506 mirabilis
555 2467 611 2507 et
637 2454 1009 2527 antiquitatem
1048 2455 1296 2513 redolens

269 2533 404 2603 apud
428 2547 682 2588 nostrum
705 2536 942 2607 Mezeray
970 2538 1144 2591 oratio
1159 2576 1176 2605 ,
1190 2558 1296 2610 qua

269 2614 345 2666 vir
357 2610 712 2678 fortissimus(
722 2618 767 2668 le
785 2618 1031 2669 mare'chal
1040 2618 1100 2669 de
1108 2616 1294 2683 Bit-on)

267 2706 318 2745 et
361 2695 576 2766 optimo
615 2697 732 2767 regi
762 2708 879 2749 tum
919 2695 1259 2752 fidelissimus
1277 2739 1294 2767 ,

267 2772 559 2827 Hem-icum
610 2789 864 2847 quartum
887 2817 904 2840 ,
947 2779 1014 2831 ab
1050 2777 1295 2833 hostibus

266 2855 566 2921 obsessum,
591 2868 645 2909 et
660 2855 730 2909 de
748 2858 1100 2929 relinquenda
1120 2859 1294 2913 Gallia

267 2931 650 2989 deliberantem
661 2975 677 3002 ,
695 2938 976 2991 confirmat
993 2951 1048 2992 et
1064 2938 1258 2993 retinet
1277 2958 1291 2993 :

273 3040 294 3061 ι
322 3016 457 3085 Quoi
470 3024 492 3068 !
530 3017 642 3069 Sir-e
652 3056 670 3080 ,
709 3038 774 3069 on
816 3038 941 3073 vous
981 3021 1200 3072 conseille
1233 3020 1295 3071 de

267 3108 446 3148 monter-
465 3118 554 3149 sur
571 3118 693 3159 mer,
726 3118 902 3151 comme
930 3101 1022 3152 s'il
1047 3101 1140 3171 η’]
1163 3104 1300 3153 avait

259 3194 347 3244 pas
376 3178 578 3230 d'autre
601 3198 773 3249 moyen
796 3180 857 3231 de
881 3200 1127 3234 conserver
1153 3193 1295 3233 votre

265 3274 513 3327 myaume,
548 3278 640 3331 que
671 3260 731 3310 de
755 3260 801 3311 le
832 3264 1122 3333 ᾳιιὶηενωὴ
1147 3260 1287 3324 Sir-e,

265 3354 380 3389 nous
403 3358 609 3391 sommes
621 3358 682 3391 en
703 3340 757 3393 F
753 3359 896 3395 rauce
907 3381 922 3404 ,
942 3342 986 3393 il
1005 3343 1298 3413 nousyfaut

264 3430 473 3471 enter-rer
503 3441 524 3473 .·
558 3422 601 3472 il
620 3422 780 3490 s'agit
808 3421 931 3473 d'un
958 3440 1217 3491 royaume;
1256 3422 1299 3474 il

253 3500 370 3565 faut
385 3502 689 3572 l'emporter‚
711 3520 777 3552 oa·
788 3521 830 3571 y
838 3502 1016 3572 perdre
1039 3502 1088 3552 la
1117 3506 1200 3555 vie
1208 3522 1230 3565 ,⁸
1245 3514 1296 3553 et

265 3582 432 3650 quand
454 3591 602 3633 meme
627 3582 668 3632 il
687 3581 779 3651 n'y
797 3586 965 3633 aur-ait
978 3600 1073 3653 pas
1098 3582 1294 3634 d'autre

263 3666 421 3713 stit-ete*
435 3681 568 3732 pour
595 3673 736 3713 votre
750 3680 985 3731 personne
1019 3668 1180 3714 sacre'e
1203 3683 1293 3735 que

267 3739 314 3791 la
331 3744 486 3809 suite,
503 3745 564 3812 je
598 3746 698 3793 sais
729 3740 837 3793 bien
867 3760 958 3815 que
986 3762 1112 3794 ‘vous
1141 3747 1290 3794 alme-

267 3839 362 3873 nez
395 3827 558 3875 mieuae
592 3822 722 3873 mille
736 3824 842 3889 sois
884 3826 1066 3875 mour-ir
1096 3822 1157 3874 de
1173 3823 1297 3893 pied

257 3908 444 3972 ferme,
487 3924 582 3979 que
621 3905 683 3956 de
722 3924 845 3955 vous
897 3923 1066 3955 sauver
1097 3922 1196 3973 par
1240 3921 1292 3954 ce

269 4006 494 4057 moyen.
469 3985 648 4038 -Haec
669 3984 714 4037 si
743 3985 864 4055 quis
884 3982 1143 4054 Pompeio
1167 4000 1294 4054 per-

269 4066 483 4120 suadere
514 4066 816 4137 potuisset,
849 4078 1113 4136 superstes
1154 4062 1292 4116 forte

263 4146 442 4203 fuisset
474 4164 703 4199 romana
746 4145 982 4197 libertas.

342 4248 392 4282 a.
415 4225 924 4299 Inaedfieareplateas
937 4236 986 4277 et
995 4228 1146 4277 vaesscos
1167 4221 1290 4276 Gal-

1388 1973 1519 2028 lice:
1540 1975 1746 2028 boucher-
1758 1995 1851 2026 une
1871 1993 2060 2046 noepar
2080 1975 2164 2027 des
2184 1987 2425 2028 construc-

1390 2057 1539 2117 tion-e,
1578 2056 1663 2107 des
1696 2055 1857 2108 abaris
1872 2092 1889 2121 ,
1916 2073 1987 2108 ne
2018 2053 2195 2108 aditus
2224 2069 2420 2127 pateat.

1386 2133 1496 2187 Has
1527 2136 1737 2188 viarum
1768 2132 2205 2188 inaedificationes
2244 2135 2421 2189 Fron-

1387 2215 1533 2268 tinus
1552 2217 1693 2268 libro
1712 2234 1734 2267 1
1747 2253 1764 2282 ,
1782 2234 1829 2268 c.
1852 2215 1883 2268 5
1900 2227 2112 2287 stratag.
2138 2229 2421 2270 memorat.

1387 2294 1654 2348 Caeterum
1684 2295 1928 2367 apposite
1956 2294 2419 2366 hiedistinguun-
2485 2314 2492 2320 ·

1385 2386 1476 2426 tur
1518 2379 1621 2428 vici
1649 2388 1704 2429 et
1726 2375 1927 2446 plateoe.
1966 2375 2111 2430 Urbs
2143 2375 2201 2426 in
2240 2379 2378 2428 vicos
2395 2415 2415 2438 ,

1385 2455 1536 2526 quasi
1554 2455 1612 2508 in
1632 2456 1872 2508 membra
1897 2455 2108 2508 minora
2131 2453 2416 2527 distingui·

1385 2548 1500 2600 tur,
1534 2548 1595 2589 ut
1624 2538 1798 2589 Roma
1840 2535 1971 2588 olim
2007 2536 2067 2588 in
2107 2535 2374 2589 Saburram
2394 2576 2411 2599 ‚

1388 2614 1622 2677 Carinas,
1658 2629 1711 2668 et
1741 2616 1992 2687 Esquilias
2021 2610 2123 2679 (les
2144 2619 2381 2689 quar-tien
2395 2656 2410 2679 ,

1383 2695 1451 2745 les
1481 2716 1589 2747 rues
1608 2694 1630 2759 )
1644 2718 1667 2759 ,·
1681 2696 1855 2767 platea
1877 2713 2036 2760 vero,
2064 2695 2106 2749 si
2136 2694 2204 2748 ad
2234 2697 2410 2765 ἔτυμον

1325 2788 1328 2795 ’
1381 2788 1612 2845 spectes,
1638 2778 1740 2829 ἀπὸ
1772 2781 1859 2829 τοῦ
1890 2774 2146 2841 πλάτους,
2169 2775 2275 2828 hoc
2306 2789 2411 2843 est,

1383 2874 1414 2906 a
1442 2854 1728 2909 latitudine
1756 2854 1897 2911 dicta
1942 2868 2021 2909 est
2038 2894 2054 2921 ,
2085 2869 2140 2909 et
2168 2856 2416 2909 latiorem

1380 2935 1440 2988 in
1465 2936 1673 3009 oppido
1703 2938 1845 2990 viam
1870 2935 2228 3007 significat,in
2250 2955 2414 3008 quam

1380 3019 1671 3072 convenire
1699 3016 1933 3090 populus
1963 3017 2097 3070 solet
2122 3012 2226 3079 (les
2242 3017 2410 3087 places

1373 3098 1627 3171 publiques
1656 3096 1701 3163 ).

1465 3179 1497 3232 3
1505 3219 1519 3230 .
1536 3178 1722 3232 Milites
1734 3180 1924 3231 silentio
1936 3177 2246 3231 conscendere
2248 3177 2419 3249 jubet„

1378 3256 1498 3311 Hoc
1540 3259 1749 3313 facilius
1790 3256 1939 3331 quod
1978 3272 2143 3313 noctu
2182 3272 2235 3311 et
2270 3258 2409 3311 clam

1379 3334 1710 3407 discesserit,
1757 3340 2024 3413 pauloque
2064 3350 2187 3393 ante
2230 3339 2409 3409 ipsum

1379 3420 1763 3490 aequinoctium
1790 3458 1807 3486 ‚
1850 3433 1912 3472 ut
1952 3420 2117 3472 refert
2160 3420 2408 3471 Lucanus

1378 3498 1473 3553 lib.
1509 3520 1557 3554 11
1587 3501 1904 3566 Pharsalia,
1933 3519 1985 3552 v.
2023 3494 2141 3569 691'
2175 3511 2229 3551 et
2257 3516 2405 3570 seqq.

1373 3652 1378 3657 ι
1395 3654 1404 3659 -
1576 3596 1667 3636 Jnm
1686 3606 1855 3649 «πμ-ιιι
1871 3594 2010 3634 ultim
2030 3596 2144 3646 vix-go

1433 3668 1628 3708 Phoebum
1641 3668 1789 3707 latum
1812 3676 1903 3705 ortu
1920 3666 2141 3719 procedere
2159 3662 2288 3703 cheb·
2303 3691 2317 3711 ,

1434 3738 1573 3790 Quum
1587 3740 1699 3779 taciti
1720 3737 1873 3777 oolven
1896 3746 2089 3775 ntum...

1380 3853 1462 3864 —
1503 3822 1757 3874 Evocatis.
1802 3813 1952 3881 Quid
2005 3815 2113 3868 sint
2156 3816 2409 3885 evocati,

1381 3899 1489 3953 vid.
1534 3902 1596 3952 B.
1638 3900 1706 3952 G.
1735 3898 1774 3950 l.
1801 3896 1945 3961 VII,
1985 3914 2031 3949 c.
2062 3894 2179 3960 65‚'
2202 3908 2315 3949 not.
2350 3916 2407 3966 7.

1464 3988 1517 4045 4.
1561 3978 1812 4049 Expedite
1849 3976 1972 4029 loco.
1998 3976 2045 4029 E
2075 3994 2185 4048 quo
2219 3977 2409 4030 facilli-

1381 4080 1498 4126 me,
1536 4060 1650 4112 sine
1678 4056 1996 4111 difficultate
2039 4070 2095 4109 et
2130 4056 2410 4130 pugnandi

1380 4100 1622 4213 periculo
1644 4130 1917 4192 discedere
1938 4138 2161 4209 possint.
2194 4169 2275 4180 -—·
2302 4138 2410 4189 Ac·
2429 4176 2442 4185 .

1383 4227 1547 4274 maria
1568 4224 1765 4291 navigia
1788 4219 2029 4292 relinquit.
2053 4219 2135 4271 De
2162 4212 2411 4273 actuariis
