3025 5025
619 496 769 585 2268
1316 527 1320 534 ·
1426 485 1566 554 DE
1620 484 1740 551 BE
1754 483 1812 550 L
1827 481 1964 550 Lo

612 625 863 726 oppido
892 621 1053 691 texit
1068 637 1097 724 J:
1130 618 1445 686 dextrum
1484 615 1954 706 sinistrumque
1987 632 2233 696 cornu,
2267 608 2386 678 ubi
2431 606 2741 702 elephanti

614 747 805 806 erant
820 787 839 819 ‚
862 727 953 798 'in
988 734 1361 820 conspectu
1402 723 1658 817 patenti
1701 718 2236 789 adversariorum
2282 716 2641 786 constituit.

718 839 934 908 XLIL
972 835 1201 922 Quum
1232 832 1371 926 jam
1416 852 1629 924 prope
1654 825 1826 896 ‘solis
1868 845 2183 894 occasum
2227 825 2455 892 Caesar
2497 843 2748 916 exspec-

612 949 882 1019 tavisset
904 997 923 1030 ‚
970 963 1185 1034 neque
1238 963 1320 1006 ex
1342 965 1349 978 ’
1369 962 1450 1005 eo
1494 934 1644 1003 loco
1669 983 1687 1018 ,
1733 955 1868 1026 quo
1925 931 2349 1016 constiterat,
2385 929 2750 1024 Scipionem

610 1049 926 1152 progredi
976 1048 1253 1143 propius
1305 1069 1375 1113 se
1425 1039 1999 1110 animadvertisset
2020 1090 2041 1125 ,
2090 1036 2372 1130 locoque
2429 1059 2504 1104 se
2555 1035 2768 1127 magis·

610 1159 1003 1244 defendere,
1034 1156 1087 1224 si
1118 1177 1233 1221 res·
1254 1150 1615 1245 coegisset,
1641 1169 1843 1242 quam
1887 1146 1958 1212 in
1991 1168 2230 1237 campo
2265 1143 2571 1212 cominus
2609 1165 2755 1210 con-

613 1271 843 1340 sistere
898 1261 1179 1346 audere3
1224 1283 1362 1327 non
1405 1270 1507 1324 est
1551 1254 1694 1323 visa
1735 1253 1905 1321 ratio
1956 1251 2237 1345 propius
2287 1248 2650 1318 accedendi
2687 1271 2760 1315 eo

612 1375 721 1446 die
758 1373 845 1441 ad
888 1367 1210 1464 oppidum
1226 1419 1244 1450 ‚
1294 1363 1613 1458 quoniam
1659 1360 1752 1427 ibi
1804 1358 2186 1454 praesidium
2233 1355 2484 1452 grande
2514 1356 2759 1425 Numi-

614 1482 854 1551 darum
908 1500 1051 1545 esse
1092 1467 1505 1567 cognoverat
1526 1520 1545 1555 ‚
1585 1468 1943 1559 hostesque
1991 1462 2278 1534 mediam
2319 1463 2534 1532 aciem
2585 1485 2785 1530 suam·

618 1587 867 1684 oppido
905 1583 1178 1667 texisse3
1206 1576 1461 1670 sibique
1494 1571 1767 1643 difficile
1805 1571 1986 1640 factu
2023 1595 2166 1640 esse
2201 1566 2557 1657 intellexit,
2581 1565 2784 1636 simul·

616 1711 687 1765 et
710 1691 1035 1789 oppidum
1070 1709 1209 1755 uno
1246 1698 1552 1778 tempore
1589 1663 1982 1775 oppugnare
1999 1731 2019 1764 ‚
2046 1690 2114 1745 et
2143 1677 2215 1744 in
2243 1677 2388 1744 acie
2417 1675 2488 1742 in
2524 1671 2760 1744 cornu¹

618 1802 859 1872 dextro
900 1821 979 1866 ac
1032 1794 1295 1863 sinistro
1336 1814 1421 1856 ex
1458 1789 1784 1881 iniquiore
1830 1783 1982 1854 loco
2021 1805 2324 1878 pugnare
2343 1835 2362 1869 ,
2405 1782 2761 1876 praesertim

624 1933 835 2004 quum
871 1901 1110 1972 milites
1132 1923 1173 1966 a
1199 1920 1395 1966 mane
1430 1893 1560 1962 diei
1577 1893 1788 1987 jejuni
1821 1890 1948 1960 sub
1985 1890 2188 1958 armis
2215 1890 2554 1958 stetissent
2597 1886 2760 1957 defa-

623 2015 835 2109 tigati.
887 2013 1123 2102 Itaque
1175 2003 1464 2072 reductis
1509 2001 1644 2069 suis
1697 1999 1908 2092 copiis
1958 1998 2026 2064 in
2069 2009 2286 2066 eastra
2306 2047 2327 2082 ,
2361 2009 2636 2090 postero
2669 1993 2766 2062 die

631 2121 906 2218 propius
946 2137 1180 2183 eorum
1224 2111 1438 2179 aciem
1475 2107 1762 2175 instituit
1799 2104 2226 2198 exporrigere
2260 2103 2679 2172 munitiones.

737 2225 993 2295 XLIII.
1050 2218 1329 2287 Interim
1370 2209 1782 2299 Considius¹,
1808 2211 1924 2304 qui
1962 2207 2293 2278 Achillam
2313 2245 2318 2248 ·
2335 2222 2496 2277 octo
2539 2208 2770 2277 cohor·

631 2335 811 2405 tibus
830 2325 1287 2426 'stipendiariis
1319 2318 1630 2393 Numidis
1674 2315 2086 2410 Gaetulisque
2121 2315 2503 2404 obsidebat,
2545 2315 2658 2384 ubi
2693 2315 2772 2383 C.

637 2441 925 2513 Messius
978 2430 1369 2504 cohortibus
1419 2439 1706 2523 praeerat
1727 2477 1750 2514 ‚
1809 2423 1924 2492 diu
1966 2421 2384 2517 multumque
2433 2436 2732 2518 expertus
2758 2471 2778 2508 ,

650 2659 765 2701 not.
783 2662 909 2697 mox
929 2639 999 2695 ad
1016 2658 1063 2693 c.
1083 2641 1177 2708 96.
1190 2636 1268 2689 M.
1286 2632 1513 2686 —Ante
1535 2633 1674 2703 oppi-
1755 2626 2038 2699 pendiariis.
2084 2624 2268 2679 Nostri
2311 2623 2470 2678 codd.
2505 2625 2782 2696 Vulgatam

647 2728 765 2781 dum
794 2726 1035 2785 constitit,
1064 2737 1175 2771 non
1214 2716 1418 2779 Caesar,
1442 2710 1536 2765 sed
1565 2710 1676 2763 Sci·
1763 2708 2032 2761 exhibent.
2062 2705 2176 2759 Nec
2203 2703 2363 2759 video
2393 2724 2500 2776 qua
2537 2703 2606 2758 de
2637 2725 2786 2759 causa

654 2800 1291 2881 piozvid.c.42.Estergo
1306 2792 1578 2865 scriptoris
1592 2809 1681 2841 ne·
1764 2788 1879 2840 haec
1920 2787 2078 2839 lectio
2135 2797 2430 2837 mutaretur
2469 2803 2484 2837 ε
2530 2803 2655 2837 nam
2695 2788 2786 2839 etsi

652 2884 902 2960 gligentia
921 2922 937 2949 ‚
958 2877 1107 2953 quod
1125 2896 1235 2929 non
1257 2874 1379 2928 satis
1406 2870 1650 2924 distinxit
1663 2906 1682 2933 ,
1767 2868 1991 2938 cap-33,
2004 2863 2291 2919 Considius
2311 2862 2521 2918 dicatur
2531 2866 2786 2919 Achillam

657 2964 967 3021 nominibus
988 2956 1247 3013 addendis
1264 2996 1280 3023 ‚
1302 2953 1370 3007 de
1396 2971 1504 3024 quo
1523 2948 1684 3021 quid·
1770 2966 1893 3025 cum
1935 2958 2056 2999 octo
2102 2945 2412 2999 cohortibus
2447 2946 2527 2997 ire
2575 2959 2788 3000 conten..

660 3066 765 3119 que
797 3043 1078 3096 diceretur.
1099 3036 1203 3090 Sed
1232 3036 1356 3088 talia
1386 3034 1543 3105 plura
1563 3040 1688 3083 sunt
1772 3022 1912 3079 disse
1927 3066 1942 3094 ,
1961 3026 2098 3078 nihil
2122 3024 2348 3097 impedit
2368 3026 2500 3097 quin
2523 3026 2581 3080 h.
2598 3028 2638 3080 l.
2656 3028 2790 3080 Mes..

664 3139 719 3180 et
748 3126 807 3177 in
835 3124 939 3176 hoc
970 3122 1111 3173 libro
1148 3130 1201 3170 et
1236 3114 1383 3168 alibi.
1416 3114 1688 3164 Lacunam
1773 3107 1880 3160 sius
1901 3106 2121 3177 'pariter
2151 3118 2260 3157 octo
2290 3106 2504 3157 cohortes
2521 3107 2790 3177 'stipendia-

666 3204 902 3279 suppleri
930 3202 1081 3272 jubet
1109 3196 1357 3252 Clarkius
1384 3194 1458 3245 sic
1489 3210 1503 3244 ε
1531 3190 1691 3242 atille
1777 3190 1876 3239 rias
1906 3205 2086 3239 secum
2115 3186 2365 3259 habuerit
2387 3184 2456 3238 ad
2485 3187 2678 3239 urbem
2703 3186 2794 3239 de·

670 3294 723 3341 in
752 3306 807 3337 eo
843 3284 963 3335 loco.
1004 3278 1219 3333 Rectius
1240 3315 1255 3342 ,
1292 3273 1528 3327 litterula
1571 3290 1692 3322 mu·
1779 3264 2117 3321 fendendam.
2161 3266 2282 3331 Qua
2309 3278 2534 3337 propter
2568 3267 2650 3319 nil
2685 3285 2794 3319 mu-

668 3379 779 3422 tata
794 3404 808 3430 ,
833 3358 1083 3415 Oudend.
1106 3363 1217 3409 iseo
1245 3357 1367 3407 loco.
1390 3352 1476 3404 Sic
1500 3350 1696 3403 vitium
1780 3360 1964 3400 tarem.
1985 3377 2067 3389 —
2089 3345 2188 3397 Ubi
2213 3346 2276 3399 C.
2306 3345 2513 3397 Messius
2537 3347 2796 3399 cohortibus

672 3466 786 3501 non
804 3437 1105 3506 Hirtii,sed
1124 3435 1469 3490 librariorum
1486 3448 1598 3483 esse
1613 3429 1696 3481 vi·
1775 3438 2005 3499 proeerat.
2040 3426 2168 3496 Leg.
2200 3426 2284 3477 ubi
2324 3424 2384 3478 C.
2420 3426 2626 3477 Messius
2650 3447 2800 3497 μνα-

674 3527 860 3587 detur‚
894 3522 949 3575 et'
972 3522 1123 3571 locus
1146 3517 1249 3569 erit
1278 3524 1506 3566 sanatus.
1539 3510 1646 3563 ΟΒ.
1785 3519 1878 3559 rat.
1943 3503 2224 3577 Quidquid
2285 3504 2386 3557 his·
2417 3506 2476 3557 in
2537 3504 2802 3559 codicibus

758 3607 888 3659 Car.
934 3599 1107 3653 XLII.
1167 3614 1212 3648 1.
1272 3596 1332 3647 In
1385 3611 1549 3643 cornu.
1596 3590 1702 3642 Alii
1785 3585 2024 3649 additur,
2065 3599 2145 3639 est
2169 3586 2510 3655 interpolatio
2541 3604 2556 3637 ε
2597 3584 2804 3639 additur

682 3706 845 3741 cornu.
877 3684 1009 3735 Mox
1036 3698 1139 3751 pro
1179 3697 1240 3728 ex
1270 3676 1501 3745 iniquiore
1537 3671 1626 3723 alii
1653 3681 1705 3721 et
1758 3738 1761 3741 Ι
1787 3680 1964 3720 autem
1987 3667 2062 3719 s'ic
2075 3705 2092 3732 ,
2109 3666 2282 3719 u't'vel
2313 3666 2399 3717 ubi
2427 3666 2488 3720 C.
2509 3667 2716 3719 Messius
2731 3685 2806 3717 co·

686 3773 800 3840 fniq.
828 3765 916 3817 vel
941 3774 990 3813 et
1006 3780 1073 3811 ex
1094 3759 1341 3833 iniquiore.
1627 3760 1634 3767 ’
1789 3748 2002 3799 hortibus
2018 3766 2096 3817 pr.
2113 3784 2130 3811 ,
2150 3746 2238 3798 vel
2263 3745 2347 3797 ubi
2366 3745 2426 3799 C.
2447 3746 2656 3799 Messius
2675 3758 2806 3816 paru

764 3848 893 3899 Cn’.
924 3840 1125 3895 XLIII.
1170 3855 1219 3889 1.
1256 3832 1529 3889 Considius.
1562 3828 1704 3883 Vide
1794 3826 1920 3879 Caes.
1941 3828 2122 3881 cohor-t.
2149 3838 2366 3895 proeemt
2381 3827 2611 3897 proesidio
2635 3830 2804 3885 adesis,

686 3947 801 3999 cap.
828 3924 897 3977 33
912 3962 930 3987 ‚
955 3918 1099 3973 unde
1128 3916 1357 3990 patebit,
1382 3912 1545 3983 vulgo
1569 3910 1706 3963 male
1790 3908 1878 3961 vel
1905 3907 1988 3959 ubi
2021 3906 2082 3959 C.
2110 3906 2316 3958 Messius
2339 3910 2424 3976 qui
2449 3908 2554 3959 coh.
2585 3917 2812 3976 precem,

685 4008 792 4079 legi
807 4046 822 4074 ,
840 4002 1087 4057 Achillam
1110 4010 1161 4048 et
1177 4008 1285 4049 octo
1302 3996 1518 4046 cohortes
1535 3994 1710 4062 stipen-
1791 3988 2014 4057 legatur.
2035 3988 2396 4058 Compar-etur
2415 3985 2580 4039 modo
2589 4004 2707 4056 cap.
2725 3986 2809 4049 33,

692 4089 891 4139 diarias.
912 4084 990 4135 M.
1012 4077 1259 4134 Correxit
1286 4075 1463 4128 Davis.
1489 4092 1520 4124 e
1550 4068 1708 4125 codd.
1798 4079 1852 4121 et
1893 4066 2168 4139 apparebit
2181 4103 2198 4130 ,
2235 4067 2327 4119 illa
2365 4085 2476 4119 esse
2513 4065 2810 4119 adsument,

685 4168 724 4221 »J
728 4166 871 4220 urin.
895 4172 1067 4235 putat.
1097 4161 1196 4229 leg.
1240 4154 1507 4209 cohortibus
1541 4164 1591 4203 et
1623 4154 1711 4202 sti·
1799 4146 2270 4221 interpretantium
2308 4147 2628 4217 marginalia.
2671 4146 2808 4197 Mon.
