3025 5025
723 467 866 534 DE
929 467 1270 536 BELLO
1335 468 2445 544 C1V1L1.LIB.1.83

311 597 583 730 praemiis
618 596 1331 693 pollicitationibusque
1372 599 1669 669 incitant.
1710 603 1943 672 Certas
1986 603 2109 673 sibi
2150 603 2453 698 deposcit

310 727 505 774 naves
517 689 947 791 ³Domitius,
987 719 1187 799 atque
1230 706 1350 776 has
1393 704 1647 776 colonis
1689 709 2201 829 pastoribusque
2218 764 2238 799 ,
2280 737 2449 806 quos

309 837 524 882 secum
565 811 971 899 adduxerat,
1015 811 1324 908 complet.
1363 815 1510 902 Sic,
1543 815 1854 884 omnibus
1886 816 2083 885 rebus
2123 818 2449 889 instructa

307 917 540 1007 classe,
574 942 820 1014 magna
846 917 1094 988 fiducia
1119 919 1206 988 ad
1235 934 1496 990 nostras
1532 945 1736 991 naves
1773 923 2179 1016 procedunt,
2207 925 2449 1020 quibus

305 1040 580 1120 praeerat
612 1027 699 1094 D.
740 1029 1001 1096 Brutus.
1035 1029 1157 1093 Hae
1178 1025 1265 1096 ad
1299 1025 1618 1116 insulam,
1659 1051 1806 1122 quae
1834 1043 1934 1098 est
1955 1043 2191 1100 contra
2214 1032 2448 1102 Massi-

303 1131 496 1220 liam,
537 1133 854 1202 stationes
894 1120 1345 1202 obtinebant⁴.

398 1241 623 1310 LVII.
660 1241 826 1309 Erat
859 1237 1070 1309 multo
1111 1239 1382 1310 inferior
1411 1265 1694 1310 numero
1728 1243 1999 1310 navium
2027 1247 2310 1312 Brutus:
2338 1245 2454 1314 sed

305 1343 594 1415 delectos
643 1371 726 1415 ex
768 1347 1077 1416 omnibus
1121 1345 1494 1442 legionibus
1539 1347 1928 1418 fortissimos
1985 1351 2165 1432 viros
2216 1354 2455 1420 antesi-

302 1477 557 1549 gnanos
603 1455 1028 1522 centuriones
1058 1456 1286 1524 Caesar
1315 1455 1375 1524 ei
1409 1451 1599 1524 classi
1633 1455 2027 1526 attribuerat
2046 1509 2065 1542 ,
2093 1457 2205 1551 qui
2237 1457 2359 1527 sibi
2388 1458 2457 1526 id

305 1561 596 1630 muneris
613 1559 1162 1656 depoposcerant.
1187 1561 1246 1630 Ii
1264 1585 1500 1632 manus
1521 1561 1769 1630 ferreas
1790 1577 1991 1657 atque
2005 1563 2423 1658 harpagones
2436 1562 2455 1588 ¹

305 1680 746 1760 paraverant3
779 1692 1156 1763 magnoque
1198 1693 1479 1738 numero
1518 1666 1805 1763 pilorum
1826 1722 1845 1756 ,
1880 1669 2291 1764 tragularum
2308 1723 2328 1757 ,
2364 1695 2460 1739 re·

304 1771 770 1868 liquorumque
792 1773 1110 1862 telorum,
1133 1800 1203 1844 se
1223 1776 1690 1846 instruxerant.
1715 1779 1851 1862 Ita,
1876 1779 2143 1871 cognito
2166 1777 2461 1846 hostium

307 1880 635 1969 adventu,
665 1905 816 1950 suas
840 1905 1044 1950 naves
1073 1906 1156 1950 ex
1177 1897 1380 1976 portu
1403 1882 1734 1969 educunt,
1759 1909 1913 1953 cum
1938 1884 2459 1954 Massiliensibus

307 1987 698 2083 confligunt.
737 1991 1117 2083 Pugnatum
1155 1991 1465 2083 utrinque
1508 2003 1609 2058 est
1644 1988 1997 2060 fortissime
2044 2006 2242 2085 atque
2288 2016 2463 2060 acer·

306 2094 508 2183 rime3
553 2119 772 2188 neque
814 2093 1102 2164 multum
1145 2094 1363 2165 Albici
1391 2097 1634 2166 nostris
1669 2097 1917 2166 virtute
1952 2097 2315 2187 cedebant,
2347 2098 2463 2167 ho-

1425 2291 1448 2359 (
1471 2297 1780 2368 harpagonas
1811 2295 2061 2364 vocant),
2090 2319 2211 2370 qaas
2241 2301 2459 2369 operibus

1425 2376 1631 2428 hostium
1644 2379 1903 2446 injicerent,
1910 2380 2331 2448 pra-parabantur.
2346 2380 2459 2432 Pli-

1423 2455 1571 2521 nius,
1584 2457 1625 2511 l.
1642 2473 1745 2522 vn,
1760 2474 1805 2511 c.
1825 2457 1918 2526 57,
1937 2457 2259 2527 harpagones,
2286 2471 2336 2509 et
2361 2478 2463 2511 ma·

1424 2555 1513 2589 nus
1557 2537 1819 2589 Periclem
1870 2537 2134 2589 invenisse
2191 2540 2463 2592 memoria

1423 2613 1683 2686 prodidit.
1716 2616 1822 2667 Dio
1851 2616 2036 2668 scribit
2057 2616 2355 2687 harpagones
2382 2637 2463 2671 ce-

1422 2695 1605 2748 leriter
1636 2694 1777 2747 mitti
1807 2708 1861 2747 et
1886 2695 2089 2747 retrahi
2120 2697 2289 2749 solere
2302 2736 2319 2761 ,
2347 2717 2460 2749 ma-

1423 2794 1557 2829 num
1598 2792 1727 2826 vero
1778 2774 2005 2826 ferream
2050 2794 2175 2827 cum
2218 2775 2459 2847 pondere

1423 2852 1672 2907 decidere
1686 2890 1703 2920 ,
1723 2855 2065 2926 retinereque
2081 2854 2458 2929 quodcumque

1423 2935 1587 2988 fuerit
1612 2933 1868 3006 amplexa.
1890 2936 2210 3002 Frontinus,
2236 2937 2273 2989 l.
2300 2955 2379 3003 11,
2408 2957 2455 2991 c.

1429 3016 1492 3080 3,,
1520 3034 1687 3067 manus
1692 3017 1883 3082 ferreas
1912 3019 2127 3068 inventas
2143 3037 2242 3068 esse
2262 3038 2295 3069 a
2312 3019 2459 3070 Duil-

385 2299 437 2352 3.
473 2297 654 2350 Certa-5
677 2316 836 2351 naues.
870 2296 1090 2352 Certum
1119 2296 1338 2351 navium

309 2397 614 2432 numerum.
647 2377 726 2430 Μ.

387 2465 438 2523 4.
481 2459 664 2511 Hm...
709 2455 1000 2513 obtinebant.
1042 2454 1180 2508 cod.
1224 2474 1335 2527 reg.

308 2540 442 2611 angl.
475 2552 532 2592 et
557 2538 717 2591 Voss.
755 2538 910 2590 hiem.
943 2536 1199 2589 obtinebat.
1229 2537 1338 2589 Eo·

311 2618 430 2673 dem
447 2637 633 2679 sensu,
663 2617 768 2669 nisi
787 2614 933 2688 quod
962 2617 1019 2668 in
1043 2616 1215 2687 priori
1236 2616 1341 2669 lec-

310 2700 483 2765 tione,
517 2716 676 2752 voces
705 2697 1014 2750 referuntur
1043 2694 1112 2747 ad
1143 2714 1301 2749 naves
1319 2733 1336 2761 ,

309 2780 364 2833 in
393 2776 661 2843 secunda,
694 2774 760 2829 ad
801 2778 1112 2847 praefectum
1141 2777 1338 2847 ipsum.

310 2858 441 2913 Cod.
476 2870 663 2911 noster
692 2858 758 2909 R.
798 2856 948 2925 5768
969 2893 985 2921 ‚
1018 2856 1177 2909 laea...
1211 2856 1338 2907 obn·-

309 2940 463 2992 nebat.
484 2939 640 2992 Hanc
652 2954 838 2991 vocem
857 2948 1216 3007 pervetustam
1235 2938 1334 2998 loec,

311 3017 665 3089 Oudendorp.
687 3015 795 3069 dici
811 3028 966 3087 putat
988 3034 1090 3085 pro
1110 3017 1217 3081 lzoe,
1240 3034 1339 3087 ego

311 3118 434 3153 vero
450 3118 556 3171 pro
579 3099 671 3151 hic.
695 3096 860 3149 Periti
877 3094 1135 3167 judicent.
1157 3096 1340 3149 Insula
1425 3096 1492 3145 lio
1510 3107 1762 3161 testatur3
1784 3093 1927 3166 apud
1952 3096 2219 3150 Romanos
2250 3098 2389 3166 scil.,
2411 3098 2457 3152 si

309 3178 376 3233 de
393 3198 502 3251 qua
518 3178 761 3248 loquitur
780 3176 972 3239 Caesar,
993 3194 1023 3227 e
1037 3176 1206 3229 tribus
1233 3176 1338 3229 illis

311 3260 499 3313 insulis
529 3268 612 3311 est
631 3276 663 3309 a
685 3256 861 3309 Plinio
883 3250 1015 3317 (ΙίΒ.
1041 3273 1140 3320 ιιι,
1165 3275 1214 3309 c.
1248 3273 1272 3307 1
1285 3250 1338 3319 1)

309 3352 362 3393 et
381 3340 648 3393 Strabone
661 3332 731 3399 (l.
756 3353 817 3388 1v
827 3333 848 3397 )
863 3336 1186 3389 memoratis.
1206 3335 1340 3387 Por-

311 3420 391 3472 tui
423 3418 676 3473 Massiliae
712 3418 1041 3487 praejacent:
1073 3415 1341 3469 veteribus

309 3498 611 3560 Stoecbades,
633 3496 790 3550 nobis
802 3494 958 3549 dictae
975 3496 1044 3547 les
1056 3496 1340 3565 Pomegues.

388 3580 522 3633 Cu».
540 3578 718 3632 LVII.
745 3595 768 3629 1
779 3616 794 3629 .
808 3576 989 3629 Manus
990 3577 1184 3643 J'erreas
1200 3587 1344 3647 atque

315 3660 635 3731 harpagones.
669 3657 855 3709 Unum
876 3655 1125 3728 idemque
1149 3657 1345 3709 instru-

312 3753 554 3793 mentum
572 3749 750 3791 censet
771 3737 909 3795 Liv..
922 3736 960 3789 l.
977 3754 1156 3803 xxxv1,
1169 3754 1215 3789 c.
1236 3742 1342 3801 443

312 3834 364 3873 et
404 3819 536 3873 item
575 3819 614 3871 L
652 3836 789 3882 nx,
821 3834 935 3889 cap.
967 3834 1038 3869 ιο
1066 3836 1080 3871 :
1105 3828 1344 3887 postremo

315 3919 490 3951 asser-es
504 3900 674 3967 serm
693 3916 814 3949 unco
829 3895 1047 3967 praefixi,
1072 3892 1348 3967 (hat-pago-

317 3998 394 4031 ἰω
419 3981 596 4033 milites
615 3974 829 4041 vocant)
853 3997 913 4029 ex
934 3981 1122 4047 pwaicis
1147 3976 1344 4029 navibus

319 4060 449 4129 injici
473 4065 526 4112 in
551 4076 778 4111 romanas
801 4061 956 4129 eoepti.
972 4057 1058 4111 Sic
1081 4056 1148 4122 Q.
1164 4057 1343 4121 Curt.,

320 4138 406 4193 lib.
441 4159 529 4209 zv,
561 4160 608 4195 c.
661 4155 729 4191 2.
747 4138 926 4205 ferrea
955 4156 1140 4210 quoque
1176 4156 1342 4189 manus

1423 3193 1613 3227 verum
1638 3188 1717 3228 est
1738 3172 1884 3246 quod
1906 3175 2110 3229 Plinius
2140 3178 2369 3231 affirmat
2383 3217 2400 3243 ‚
2426 3198 2455 3231 a

1425 3254 1631 3308 Pericle
1669 3256 1829 3307 finisse
1872 3255 2201 3327 excogitatas,
2242 3260 2457 3329 Harpax

1423 3353 1554 3389 vero
1584 3347 1639 3389 et
1666 3336 1915 3406 harpago,
1938 3354 2007 3389 an
2026 3336 2133 3388 sint
2154 3335 2362 3390 diversa
2378 3339 2458 3389 in-

1424 3428 1744 3481 strumenta,
1775 3414 2005 3468 dubium
2044 3429 2139 3469 est.
2180 3418 2457 3488 Appianus

1425 3509 1569 3549 certe
1590 3497 1809 3567 harpaga
1831 3493 1965 3549 dicit
1990 3514 2101 3549 esse
2128 3496 2195 3547 ab
2220 3497 2457 3569 Agrippa

1425 3576 1723 3629 inventum.
1758 3576 1816 3628 Si
1838 3576 2109 3629 Montano,
2126 3574 2457 3629 credendum

1427 3646 1496 3709 si't
1508 3694 1526 3721 ,
1540 3656 1905 3727 harpagonum
1927 3656 2227 3726 praecipuus
2247 3675 2371 3709 usus
2397 3658 2457 3711 in

1426 3754 1607 3807 pugna
1630 3736 1829 3801 navali3
1860 3734 1953 3787 sed
1984 3749 2038 3787 et
2065 3736 2122 3787 in
2153 3736 2325 3787 subita
2357 3756 2455 3807 op-

1427 3816 1757 3888 pugnatione
1802 3813 2193 3867 adhibebantur
2210 3854 2226 3882 ,
2261 3816 2458 3887 quibus

1427 3897 1609 3968 pinnae
1630 3908 1682 3948 et
1701 3894 1901 3947 vallum
1922 3894 2366 3950 rescinderentur.
2390 3930 2459 3943 --

1428 3978 1667 4029 Pa'loram,
1680 3974 1778 4026 Illa
1786 3973 2003 4045 quidem
2010 3995 2114 4028 vox
2126 3976 2265 4031 inter
2273 3970 2458 4048 Belgas

1428 4057 1541 4109 fere
1549 4056 2463 4129 immutatapermansitffluibuiom-

1429 4156 1497 4189 ne
1518 4134 1727 4189 missilis
1743 4134 1835 4189 teli
1846 4155 2010 4207 genus
2031 4136 2231 4191 dicitur
2245 4157 2329 4189 een
2348 4136 2453 4208 pyl.

2009 4243 2094 4314 5.
