3025 5025
637 518 790 618 570
1430 522 1571 588 DE
1625 504 1990 588 BELLO

630 652 1037 750 peculiarem
1067 652 1192 722 sibi
1222 652 1673 740 constituisse,
1702 666 1800 738 et,
1827 674 1975 745 quae
2002 653 2327 747 potuisset
2346 678 2430 722 eo
2452 667 2787 748 tempore,

632 759 956 829 beneficia
982 759 1295 854 largitum
1331 782 1491 827 esse.
1532 760 1917 853 Insequenti
1954 773 2245 853 praetura
2260 812 2281 849 ‚
2311 759 2631 855 ampliato
2668 761 2783 830 ho·

631 892 796 937 nore
809 920 828 955 ,
838 865 1189 962 vectigalia
1203 920 1222 954 ‚
1241 888 1390 960 quae
1406 864 1721 934 Metellus
1740 867 2196 961 imposuisset,
2210 890 2247 935 a
2263 880 2503 936 senatu·
2524 868 2788 962 petisse,

631 990 700 1043 et
731 975 824 1075 eis
853 974 1149 1069 pecuniis
1181 974 1600 1067 provinciam
1628 970 1949 1041 liberasse
1976 997 1991 1040 ε
2022 972 2382 1067 simulque,
2411 976 2787 1067 patrocinio

630 1095 941 1177 suscepto
961 1134 980 1168 ‚
1015 1078 1243 1149 multis
1275 1078 1715 1174 legationibus
1730 1076 1757 1103 ²
1784 1078 1869 1147 ab
1904 1104 1973 1148 se
2010 1080 2079 1147 in
2118 1094 2421 1149 senatum
2465 1080 2789 1169 inductis,

629 1186 825 1256 simul
883 1185 1184 1282 publicas
1227 1187 1653 1281 privatasque
1700 1208 1933 1255 causas
1962 1239 1981 1273 ‚
2026 1184 2390 1255 multorum
2428 1187 2789 1257 inimicitiis

628 1295 951 1390 susceptis
970 1348 989 1382 ‚
1049 1292 1424 1363 defendisse
1462 1318 1477 1360 ε
1528 1317 1651 1362 suo
1692 1294 1858 1361 item*
1893 1294 1971 1361 in
2008 1292 2365 1362 consulatu
2396 1294 2747 1363 absentem
2769 1346 2789 1381 ‚

627 1422 776 1519 quae
803 1402 1156 1496 potuisset,
1194 1398 1549 1470 commoda
1585 1401 1948 1519 provinciae
1973 1399 2285 1470 tribuisse
2313 1424 2330 1467 ε
2358 1422 2599 1469 eorum
2636 1426 2787 1471 om-

626 1510 814 1577 nium
858 1508 1375 1579 commodorum
1397 1530 1547 1576 esse
1578 1520 1645 1575 et
1680 1507 2137 1625 immemores,
2168 1521 2236 1577 et
2276 1508 2577 1601 ingratos
2614 1508 2688 1576 in
2722 1532 2787 1577 se

627 1628 694 1683 et
724 1616 792 1683 in
829 1614 1157 1710 populum
1200 1635 1593 1701 romanum,
1628 1612 1761 1682 hoc
1794 1612 1971 1682 bello
2008 1627 2081 1682 et
2120 1615 2189 1681 in
2232 1615 2575 1708 praeterito
2620 1629 2785 1684 tem-

628 1745 793 1815 pore
836 1746 1179 1816 cognosse.
1213 1724 1357 1791 Vos
1373 1774 1392 1808 ,
1413 1720 1569 1813 jure
1606 1705 1947 1813 gentium³
1977 1733 2045 1789 et
2070 1720 2317 1789 civium
2348 1742 2787 1791 romanorum

625 1829 944 1898 institutis
985 1829 1304 1922 cognitis,
1331 1850 1523 1895 more
1558 1827 2008 1895 barbarorum
2026 1826 2314 1922 ,populi
2347 1829 2621 1897 romani
2651 1850 2789 1895 ma-

630 1935 1012 2029 gistratibus
1054 1934 1490 2004 sacrosanctis
1526 1956 1765 2003 manus
1806 1932 2009 2003 semel
2046 1947 2114 2002 et
2158 1934 2401 2027 soepius
2440 1933 2790 2021 attulistis3

627 2055 697 2109 et
729 2041 877 2111 luce
921 2040 1099 2110 clara
1153 2041 1459 2110 Cassium
1513 2040 1583 2107 in
1627 2040 1851 2109 medio
1900 2040 2053 2110 foro
2090 2040 2342 2111 nefarie
2404 2040 2792 2111 interficere

627 2146 945 2217 voluistis.
972 2151 1115 2218 Vos
1151 2149 1246 2215 ita
1283 2170 1522 2243 pacem
1562 2170 1827 2243 semper
1862 2147 2124 2269 odistis,
2150 2161 2229 2216 ut
2256 2145 2446 2217 nullo
2479 2161 2789 2243 tempore

626 2250 920 2349 legiones
962 2240 1222 2326 desitae⁴
1272 2253 1504 2349 populi
1548 2256 1809 2323 romani
1860 2257 1930 2323 in
1969 2254 2099 2325 hac
2142 2256 2492 2349 provincia
2528 2254 2783 2323 haberi.

625 2358 827 2455 Apud
851 2384 975 2430 vos
1003 2360 1326 2430 beneficia
1356 2386 1486 2456 pro
1515 2360 1857 2430 maleficiis
1872 2416 1891 2449 ,
1919 2360 2251 2430 maleficia
2282 2385 2409 2456 pro
2442 2360 2789 2430 beneficiis

626 2467 982 2538 habentur.
1020 2470 1126 2538 Ita
1149 2492 1383 2564 xneque
1426 2470 1496 2538 in
1552 2470 1689 2540 otio
1727 2467 2155 2539 concordi-am
2172 2523 2191 2557 ‚
2242 2490 2459 2563 neque
2496 2469 2570 2537 in
2610 2466 2789 2538 bello

626 2577 949 2645 virtutem
979 2575 1118 2645 ullo
1155 2589 1472 2671 tempore·
1492 2577 1781 2646 retinere
1808 2577 2133 2670 potuistis.
2174 2577 2483 2644 Privatus
2514 2599 2601 2645 ex
2628 2575 2788 2670 fuga

627 2685 753 2752 Cn.
802 2685 1160 2777 Pompeius
1196 2683 1580 2753 adolescens
1616 2707 1657 2751 a
1700 2683 1893 2752 vobis
1935 2697 2277 2778 receptus,
2320 2683 2592 2752 fasces
2572 2707 2785 2778 impe·

628 2791 936 2885 riumque
976 2790 1098 2859 sihi
1143 2775 1498 2885 arripuit⁵,
1481 2816 1497 2831 ·
1543 2788 1771 2859 multis
1810 2789 2177 2860 interfectis
2210 2790 2510 2877 civibus,
2546 2788 2789 2858 auxilia

629 2911 865 2968 contra
888 2895 1214 2992 populum
1244 2919 1601 2966 romanum
1626 2899 2079 2992 comparavit.
2106 2919 2305 2992 agros
2332 2897 2785 3015 provinciam·
2800 2915 2809 2928 “

626 3029 759 3099 que
794 3018 1020 3074 vestro
1061 3000 1356 3098 impul-su
1387 3001 1837 3099 depopulavit.
1875 3003 1962 3074 In
1988 3027 2135 3098 quo
2146 3028 2268 3072 vos
2297 3004 2585 3072 victores
2618 3005 2785 3072 exis-

627 3108 1014 3180 timabatis?
1043 3113 1150 3179 An
1168 3161 1187 3195 ‚
1221 3135 1330 3180 me
1371 3109 1593 3181 deleto
1612 3165 1632 3199 ‚
1676 3137 1815 3180 non
1850 3109 2477 3180 animadvertebatis
2492 3163 2521 3199 r
2552 3109 2789 3179 decem
2908 3131 2913 3138 ·

631 3294 851 3349 Sueten.
873 3294 984 3347 Jul'.
1007 3311 1054 3348 c.
1081 3313 1136 3365 7.
1161 3295 1244 3347 De
1263 3294 1501 3347 Praetura
1528 3292 1660 3346 ibid.
1750 3311 1822 3366 go
1838 3332 1855 3360 ,
1878 3313 2007 3365 ,ηερε
2030 3305 2083 3345 et
2103 3297 2295 3364 sapius.
2329 3293 2408 3346 Μ.
2428 3321 2515 3335 -—-
2542 3293 2780 3346 canina.

633 3376 809 3448 capite
846 3371 1897 3432 18.C11.1.mvs.vide
1929 3375 2060 3426 Bell.
2085 3374 2237 3426 Alex.
2263 3383 2424 3446 caput
2450 3373 2542 3426 54.
2576 3373 2657 3427 Μ.

717 3476 771 3509 2.
805 3454 1168 3525 Legatlom'bus.
1197 3453 1384 3530 Vulgo
1398 3454 1568 3520 male,
1593 3454 1668 3504 Ie-
1837 3461 1889 3518 4.
1924 3455 2128 3506 Desitoe.
2171 3451 2263 3506 sic
2306 3452 2465 3506 codd.
2506 3454 2691 3507 Petav.
2732 3466 2783 3506 et

631 3536 792 3609 gibus.
814 3536 890 3588 M.
912 3535 1115 3588 Contra
1131 3532 1289 3589 codd.
1315 3547 1373 3587 et
1396 3533 1521 3588 edd.
1533 3547 1663 3587 vett.
1751 3532 2018 3605 Scaligeri.
2040 3533 2221 3604 Vulgo
2244 3533 2418 3586 desit-t.

631 3649 714 3662 --
750 3614 899 3668 Publ.
925 3619 1233 3689 privatasque
1269 3633 1458 3668 causas.
1487 3613 1663 3668 Codd.
1838 3614 1889 3667 5.
1928 3616 2190 3685 Imperium
2216 3619 2441 3685 arripuit.
2487 3613 2599 3666 Dio
2636 3614 2781 3668 Cass·

635 3709 692 3750 et
708 3693 832 3750 edd.
854 3705 983 3749 vett.
998 3696 1210 3766 publicis
1229 3699 1527 3769 privatisque
1553 3714 1669 3747 eau-
1753 3711 1897 3748 nm
1911 3732 1928 3760 ,
1956 3695 2043 3748 30.
2074 3695 2225 3748 Mon.
2254 3725 2339 3738 ---
2362 3695 2777 3767 Provinciamque.

631 3782 700 3830 stt
715 3817 731 3840 ‚
777 3775 874 3828 ubi
917 3773 1426 3847 subintelligendum
1464 3779 1666 3847 provin·
1754 3773 1843 3827 Sic
1870 3771 2122 3828 Oudend.
2160 3793 2191 3827 e
2220 3772 2381 3828 codd.
2414 3785 2470 3827 et
2492 3771 2617 3828 edd.
2650 3786 2780 3827 vett.

633 3862 760 3910 ciam
773 3855 1203 3926 defendisseoe-E
1206 3869 1229 3907 t
1237 3869 1470 3927 mgr-atos.
1487 3853 1664 3909 codd.
1753 3855 1934 3927 Vulgo
1954 3867 2259 3927 vestramque
2266 3857 2582 3926 provinciam.
2595 3853 2785 3908 On.—

637 3935 859 4011 quidam
882 3933 1090 3990 addunt
1114 3957 1210 3990 ιω.
1754 3933 1825 3988 In
1834 3955 1931 4008 quo
1948 3955 2117 3989 vos...
2142 3935 2355 4000 Quibus
2376 3935 2435 3988 in
2458 3935 2643 3996 rebus,
2662 3951 2781 4006 qua

723 4019 775 4072 3.
787 4018 908 4070 Jure
922 4021 1152 4087 genthon.
1168 4017 1290 4070 Huc
1307 4016 1491 4070 invitis
1506 4013 1665 4070 codd.
1757 4035 1925 4087 quum
1952 4017 2026 4069 ita
2050 4027 2249 4082 essent,
2272 4033 2409 4068 num
2439 4033 2539 4068 vos
2554 4015 2783 4068 victores

641 4111 696 4152 et
725 4096 850 4151 edd.
883 4110 1012 4152 vett.
1055 4096 1343 4151 intrudunt
1374 4101 1547 4170 inquit.
1588 4127 1671 4140 --
1759 4091 1875 4150 fore
1895 4096 2185 4169 sperabatis
2198 4096 2223 4148 ἶ
2243 4097 2324 4149 Μ.
2349 4095 2538 4168 scalig.
2567 4095 2709 4148 male
2731 4099 2779 4146 ia

642 4177 805 4233 Semel
827 4189 879 4231 et
899 4183 1089 4249 sapius.
1114 4178 1203 4234 Sic
1232 4177 1391 4233 codd.
1423 4177 1530 4232 Sed
1551 4177 1671 4234 vul·
1759 4197 1894 4250 quos.
1924 4209 2006 4222 —-
2034 4177 2270 4233 Animm
2300 4177 2638 4232 adnabam.
2652 4174 2783 4229 vnl-
