3025 5025
609 445 800 536 156*
879 465 955 534 c.
1011 465 1292 534 JUL11
1348 463 1829 534 cAEsAms
1883 421 2454 535 coMMEN'r.

611 597 863 667 habant
885 649 904 682 ‚
953 597 1225 668 sublatis
1279 593 1543 666 ancoris
1570 651 1589 685 ‚
1628 598 1813 692 sequi
1860 611 2224 692 coeperunt.
2276 593 2381 666 Ex
2426 597 2504 666 iis
2550 621 2761 669 unum

609 705 818 799 ipsius
853 707 1194 801 navigium
1240 703 1585 774 contendit
1608 759 1628 792 ‚
1672 719 1739 773 et
1782 704 2014 800 fugere
2054 705 2539 799 perseveravit,
2577 706 2763 773 auxi·

610 807 834 905 lioque
895 812 1305 906 tempestatis
1363 835 1446 879 ex
1501 825 1866 906 conspectu
1928 811 2125 895 abiit3
2182 811 2317 880 duo
2340 865 2359 899 ‚
2410 813 2767 906 perterrita

615 942 968 992 concursu
991 931 1371 988 nostrarum
1415 919 1691 986 navium
1709 972 1729 1007 ,
1759 943 1901 987 sese
1932 919 2001 986 in
2029 932 2301 1013 portum
2342 933 2769 1013 receperunt:

613 1024 1055 1094 Massilienses
1105 1049 1292 1093 arma
1331 1038 1793 1119 tormentaque
1836 1051 1919 1102 ex
1954 1025 2203 1120 oppido
2220 1079 2239 1113 ‚
2283 1039 2359 1095 ut
2402 1039 2502 1094 est
2544 1026 2764 1120 impe-

613 1145 864 1213 ratum,
894 1131 1286 1227 proferunt3
1314 1155 1518 1201 naves
1550 1157 1632 1200 ex
1673 1147 1875 1226 portu
1912 1131 2393 1226 navalibusque
2432 1131 2763 1220 educunt,

609 1231 964 1338 peguni-am
1027 1263 1110 1306 ex
1163 1237 1468 1333 publico
1482 1237 1775 1308 tradunt.
1829 1239 2092 1328 Quibus
2144 1239 2343 1308 rebus
2397 1238 2723 1308 confectis
2744 1289 2763 1322 ,

613 1345 838 1414 Caesar
872 1347 1102 1464 magis
1119 1370 1236 1416 eos
1259 1371 1384 1440 pro
1409 1347 1681 1415 nomine
1708 1361 1774 1416 et
1804 1331 2175 1416 vetustate³
2180 1399 2201 1431 ,
2228 1369 2430 1439 quam
2471 1371 2597 1440 pro
2634 1370 2767 1414 me-

610 1451 755 1520 ritis
796 1453 867 1519 in
903 1477 972 1521 se
1017 1453 1334 1539 civitam,
1383 1477 1824 1540 conservans,
1868 1452 2031 1522 duas
2075 1452 2167 1521 ibi
2201 1451 2492 1553 legiones
2535 1453 2765 1547 praesi·

610 1555 722 1624 dio
774 1557 1088 1653 relinquit
1108 1613 1126 1648 ‚
1171 1573 1424 1628 ceteras
1466 1561 1536 1629 in
1583 1507 1848 1629 Italiatii
1897 1560 2107 1628 mittit
2144 1585 2159 1627 ε
2218 1561 2357 1655 ipse
2396 1558 2481 1628 ad
2526 1559 2763 1628 urbem

609 1653 1101 1758 proficiscitur⁴.

717 1773 980 1840 XXIII.
1038 1773 1284 1843 Iisdem
1327 1774 1745 1869 temporibus
1788 1777 1865 1844 C.
1908 1773 2151 1860 Curi0‚
2181 1772 2250 1838 in
2276 1771 2569 1842 Africam
2606 1798 2767 1867 pro-

611 1876 825 1946 fectus
871 1903 954 1946 ex
997 1878 1259 1967 Sicilia,
1301 1895 1372 1949 et
1400 1882 1540 1974 jam
1584 1881 1670 1949 ab
1722 1881 1909 1948 initio
1974 1881 2199 1974 copias
2244 1880 2315 1946 P.
2373 1880 2537 1948 Attii
2594 1881 2766 1949 Vari

609 1981 1012 2078 despiciens,
1042 1985 1212 2054 duas
1247 1985 1542 2080 legiones
1587 2012 1668 2056 ex
1702 1985 1843 2057 IV¹
1850 2010 2063 2081 ‚quas
2106 2010 2144 2054 a
2183 1988 2453 2055 Caesare
2488 2009 2766 2080 accepe-

610 2103 746 2178 rat,
770 2105 836 2158 et
867 2093 934 2160 D
971 2093 1222 2185 equites
1259 2094 1791 2189 transportabat3
1822 2093 2157 2187 biduoque
2198 2106 2267 2161 et
2300 2092 2610 2163 noctibus
2650 2094 2766 2160 tri-

609 2195 735 2265 bus
776 2198 1196 2291 navigatione
1239 2202 1687 2296 consumptiS‚
1724 2198 1983 2294 appulit
2024 2198 2111 2268 ad
2159 2223 2312 2268 eum
2360 2197 2617 2288 locum,
2649 2200 2767 2294 qui

612 2447 736 2482 cum
767 2440 878 2481 tota
907 2429 1068 2482 classe
1101 2449 1213 2483 non
1241 2431 1400 2502 longe
1430 2431 1642 2495 aberat,

613 2528 675 2562 ac
705 2507 826 2563 duae
851 2509 964 2563 istae
992 2529 1156 2564 naves
1196 2531 1318 2583 pars
1346 2524 1499 2563 erant
1528 2509 1644 2563 Cae-

615 2590 834 2643 sarianae
859 2590 1036 2643 classis
1053 2630 1068 2657 ,
1085 2602 1150 2644 et
1173 2591 1396 2663 propius
1422 2602 1663 2663 portum.

615 2672 876 2723 excubare
890 2674 1064 2741 jussae.
1083 2671 1264 2723 Prima
1281 2671 1372 2723 illa
1397 2671 1503 2723 fuit
1528 2672 1645 2725 Cae·

613 2750 947 2803 sarianorum
985 2751 1209 2804 victoria
1251 2750 1450 2803 navalis
1469 2789 1486 2815 ‚
1513 2764 1646 2805 teste

613 2830 834 2883 Lucano
848 2868 864 2895 ,
889 2830 982 2901 qui
1014 2849 1182 2901 quum
1211 2830 1646 2902 praestantissimo

614 2910 851 2961 carmine
893 2928 1078 2963 omnes
1139 2909 1550 2963 Massiliensium
1594 2923 1651 2963 et

617 2989 838 3042 Caesaris
868 3002 1116 3053 conatus,
1137 3002 1191 3042 et
1219 2990 1370 3043 urbis
1407 3002 1647 3043 conster-

617 3068 893 3121 nationem
937 3067 1298 3139 descripsisset
1312 3106 1329 3135 ,
1360 3067 1511 3122 addit
1550 3069 1645 3123 lib.

624 3165 698 3200 111
724 3148 990 3214 Pharsal.,
1008 3167 1060 3201 v,
1092 3152 1200 3218 761
1223 3167 1238 3201 :

805 3261 949 3274 ......
975 3237 1029 3275 At
1046 3234 1189 3275 Brutus
1207 3236 1252 3273 iu
1271 3248 1426 3289 aequore
1442 3236 1569 3275 vietor

617 3303 777 3345 Primus
801 3305 990 3345 Caesareis
1007 3304 1136 3359 pelagi
1161 3306 1278 3345 decus
1301 3307 1450 3349 addidit
1467 3308 1595 3350 armis.

703 3386 756 3445 3,
789 3387 894 3439 Pro
924 3391 1113 3440 nomine
1131 3399 1182 3439 et
1197 3400 1456 3441 vetustate.
1481 3388 1653 3460 Prop-

573 3474 578 3479 ’
599 3478 700 3519 ‘ter
719 3467 990 3537 antiquam
1010 3467 1234 3537 gloriam
1247 3480 1301 3521 et
1313 3468 1528 3521 famam.
1544 3470 1649 3525 Dio

620 3546 766 3601 Cass.
793 3546 956 3600 tradit
983 3548 1076 3601 lib.
1099 3566 1222 3615 xm,
1257 3548 1360 3615 25,
1387 3549 1651 3602 Caesarem

618 3624 1036 3681 Massiliensibus
1050 3666 1066 3693 ,
1085 3627 1346 3700 ademptis
1369 3629 1619 3681 omnibus
1632 3667 1649 3695 ,

619 3725 785 3759 unam
825 3706 1128 3761 libertatem
1171 3708 1449 3781 reliquisse
1468 3747 1485 3775 ,
1526 3709 1651 3779 quia

619 3786 907 3859 Pompeius
942 3790 1224 3843 Phocaeam
1253 3790 1524 3843 civitatem
1538 3826 1557 3854 ,
1586 3808 1653 3841 ex

620 3884 725 3936 qua
738 3868 1024 3923 Massiliam
1043 3869 1256 3929 'colonia
1279 3866 1508 3922 deducta
1528 3868 1650 3935 fuit,

618 3946 864 4001 libertate
921 3940 1226 4004 donaverat.
1285 3948 1651 4003 Nihilominus

621 4026 797 4079 Caesar
811 4025 882 4080 de
911 4029 1330 4083 Massiliensibus
1350 4029 1650 4100 triumpha-

618 4106 697 4161 vit
713 4144 731 4173 ,
771 4126 836 4161 eo
865 4110 1085 4165 nom‘ine
1117 4109 1472 4181 reprehensus
1499 4128 1532 4163 a
1560 4110 1650 4163 Ci-

1730 2447 1923 2482 cerone
1938 2467 1957 2495 ,
1977 2427 2047 2482 de
2076 2428 2237 2482 Offic.
2255 2429 2291 2481 1.
2314 2447 2359 2482 11
2374 2467 2391 2495 ,
2414 2430 2449 2488 8,
2466 2447 2483 2481 ε
2493 2431 2694 2499 portari
2708 2433 2759 2480 in

1732 2511 1970 2581 triariupho
1992 2509 2265 2563 Massiliam
2286 2509 2493 2563 vidimus
2506 2548 2523 2571 ,
2546 2520 2595 2560 et
2614 2530 2676 2561 ex
2700 2529 2760 2560 ea

1733 2591 1848 2641 urbe
1888 2590 2202 2660 triumphari,
2237 2593 2341 2642 sine
2378 2609 2473 2663 qua
2518 2608 2763 2661 nunquam

1731 2672 1885 2722 nostri
1906 2674 2212 2741 imperatores
2230 2690 2292 2723 ea:
2311 2670 2649 2739 Transalpinis
2666 2669 2765 2721 bel-

1732 2752 1794 2802 lis
1821 2751 2189 2821 triumpharunt.

1816 2836 1868 2893 4.
1886 2830 1981 2883 Ad
2006 2830 2165 2881 urbem
2190 2826 2528 2901 proficiscitur.
2544 2829 2631 2881 Ibi
2652 2826 2765 2882 dic·

1734 2921 1964 2963 taturam
1972 2910 2219 2981 suscepit,
2228 2928 2401 2981 nuper
2410 2910 2461 2963 ei
2474 2908 2763 2964 decretam.

1815 2990 1947 3043 Car.
1967 2990 2174 3044 XXIII.
2212 3008 2260 3044 1.
2290 2990 2435 3041 Duas
2464 2990 2677 3059 legiones
2704 3009 2765 3040 es:

1733 3070 1835 3123 IV.
1855 3070 1983 3125 Haec
2000 3088 2125 3124 vera
2146 3082 2225 3123 est
2242 3070 2429 3135 lectio,
2448 3082 2511 3123 ut
2527 3079 2677 3141 patet
2700 3088 2765 3121 ex

1735 3168 1799 3203 eo
1831 3148 1978 3221 quod
2018 3162 2199 3203 narrat
2236 3151 2411 3203 Caesar
2440 3150 2600 3221 hujus
2638 3149 2766 3201 libri

1736 3248 1781 3283 c.
1819 3230 1913 3301 37,
1926 3229 2183 3283 Curionem
2204 3233 2255 3281 in
2282 3229 2502 3283 Siciliam
2522 3232 2667 3291 misit,
2695 3231 2767 3281 uti

1735 3310 1849 3363 duoe
1860 3311 2069 3380 legiones
2080 3310 2377 3383 reliquusque
2384 3313 2624 3382 equitatus
2636 3310 2767 3361 adse

1736 3394 2015 3443 mittet-etan
2035 3392 2219 3456 Quum
2244 3391 2435 3461 igitur,
2446 3390 2543 3443 lib.
2562 3407 2601 3451 1,
2627 3388 2761 3442 Bell.

1739 3470 1893 3535 civ„
1920 3489 1967 3523 c.
2002 3471 2103 3536 30,
2126 3469 2337 3523 dicatur
2364 3470 2626 3523 Caesarem
2660 3469 2767 3521 mi-

1738 3550 1865 3603 sisse
1880 3554 1931 3602 in
1948 3549 2171 3603 Siciliam
2199 3548 2453 3603 Curionem
2470 3560 2761 3621 propt-ator.

1738 3650 1843 3683 cum
1870 3630 2134 3700 legionibus
2160 3630 2275 3693 ΙΙΙ,
2300 3627 2677 3701 reponendum
2701 3628 2767 3686 Ie-

1684 3716 1687 3723 '
1734 3710 1960 3779 gionibus
1971 3710 2074 3764 IV.
2092 3713 2279 3766 Dans.
2293 3710 2541 3768 *Biduo
2552 3721 2603 3763 et
2613 3708 2763 3759 tribus

1738 3791 1969 3843 noctibus.
1994 3790 2283 3863 Pei-peram
2302 3790 2475 3845 Ciaco.
2490 3789 2547 3844 h..
2566 3790 2605 3841 l.
2621 3806 2769 3841 men·

1738 3868 1869 3923 dum
1879 3870 2044 3924 latere
2054 3870 2369 3942 suspicatur,
2378 3868 2503 3941 quia
2518 3866 2635 3923 dies
2644 3886 2768 3921 noc·

1735 3962 1847 4005 tem
1861 3948 2107 4005 includit.
2123 3951 2341 4016 Plin.,1.
2356 3968 2471 4015 xre,
2480 3968 2507 4003 a
2518 3945 2765 4015 8,eadem

1735 4030 2010 4085 locutione
2035 4050 2161 4085 usus
2184 4041 2279 4085 est.
2304 4030 2471 4083 Biduo
2492 4029 2765 4100 duabusque

1738 4112 1954 4165 noctibus
1976 4114 2363 4183 perpotationem
2391 4114 2725 4167 continuasset,
