3025 5025
633 433 774 500 DE
817 431 1167 500 BELLo
1213 431 1586 501 CIVILI.
1647 433 1835 500 LIB.
1884 433 2043 501 111.
2276 435 2419 530 ¹93

259 563 742 653 .consederant;
785 566 858 632 II
897 589 980 633 ex
1022 564 1212 652 Asia,
1255 587 1418 658 quas
1473 563 1801 634 Lentulus
1840 566 2073 634 consul
2106 571 2417 638 ‘conscri-

271 673 512 742 bendas
549 685 943 742 curaverat.·
967 673 1294 740 Praeterea
1326 694 1647 765 magnum
1692 697 2047 741 numerum
2082 699 2165 742 ex
2198 677 2414 746 Thes-

272 779 422 849 salia
441 833 462 867 ,
513 779 772 848 Boeotia
800 832 820 862 ‚
845 778 1150 864 Achaia,
1203 779 1582 872 Epiroque,
1624 778 2067 873 supplementi
2110 785 2381 852 nomine
2401 837 2423 860 .

270 888 334 954 in
373 885 672 980 legiones
731 884 1172 954 distribuerat.
1228 886 1348 954 His
1395 886 1813 954 Antonianos
1848 885 2121 956 milites²
2168 890 2381 960 admis

273 1008 514 1062 cuerat.
577 995 832 1062 Praeter
885 992 1006 1060 has
1053 991 1483 1122 exspectabat
1528 1016 1685 1060 cum
1746 993 2057 1087 Scipione
2100 1020 2181 1066 ex
2232 999 2399 1090 Syri
2382 1021 2455 1098 ι,

271 1097 558 1194 legiones
583 1099 782 1168 duas·
765 1083 1220 1192 ,sagittarios3
1252 1123 1336 1168 ex
1369 1100 1618 1186 Creta,
1660 1099 2175 1189 Lacedaemone,
2206 1105 2421 1173 Ponto

271 1220 462 1300 atque
511 1208 748 1300 Syria,
800 1204 1200 1300 reliquisque
1251 1205 1665 1294 civitatibus,
1711 1207 1839 1274 tria
1894 1205 2099 1276 millia
2141 1233 2422 1279 numero

273 1312 590 1400 habebat3
623 1311 1038 1381 funditorum
1079 1311 1390 1380 cohortes
1427 1315 1841 1382 sexcenarias
1877 1313 2085 1398 duas;
2126 1316 2425 1408 equitum

273 1421 401 1488 VII
435 1407 684 1506 millia,
728 1443 810 1488 ex
855 1419 1096 1513 quibus
1138 1421 1268 1490 DC
1314 1417 1546 1488 Gallos
1600 1419 1963 1514 Dejotarus
2024 1420 2427 1510 adduxerat,

275 1634 357 1676 tur
397 1622 572 1693 legin,
603 1640 774 1692 quum
809 1620 928 1674 duae
957 1621 1194 1692 legiones
1237 1639 1302 1675 ex

274 1722 374 1755 una
388 1701 634 1754 conflatae
648 1702 871 1754 fuissent
882 1720 898 1767 ;
909 1721 939 1754 e
951 1700 1162 1754 duabus
1173 1720 1304 1772 quo·

273 1802 372 1854 que
400 1782 702 1853 legionibus
719 1820 736 1843 ‚
771 1783 818 1834 si
856 1783 995 1834 forte
1037 1783 1200 1835 altera
1241 1781 1302 1833 in

275 1863 392 1916 Asia
408 1901 426 1928 ,
445 1863 618 1914 altera
639 1862 698 1915 in
715 1861 926 1928 Africa,
943 1863 1029 1914 vel
1051 1861 1110 1914 in
1133 1861 1304 1916 Euro·

276 1963 338 2015 pa
370 1945 509 1996 facta
535 1943 734 2007 fuerat,
759 1953 888 1996 tunc
917 1941 1185 2012 posterior
1211 1961 1301 2011 ge·

276 2024 414 2074 mella
439 2020 735 2076 dicebatur.
764 2019 910 2074 Vide
929 2021 1181 2091 catalog.
1222 2022 1304 2074 vi·

273 2122 460 2156 rorum
485 2103 680 2154 illustr.
711 2121 796 2172 pr.
825 2101 936 2154 vol.
967 2113 1066 2154 art.
1105 2119 1305 2166 nimo,

275 2184 368 2236 ubi
382 2184 634 2254 frequens
659 2179 718 2234 id
745 2199 1044 2252 cognomen
1068 2195 1304 2252 apparet.

274 2296 354 2305 —
373 2263 511 2333 Quas
523 2263 757 2315 Lentulus
770 2263 939 2313 consul
941 2259 1308 2314 conscribendas

277 2356 542 2396 curaverat.
569 2342 711 2396 Male
734 2359 924 2394 vocem
943 2341 1114 2393 consul
1129 2341 1309 2394 omisit

277 2423 410 2476 Scal.
427 2442 444 2489 ;
461 2433 756 2475 namextat
781 2421 839 2473 in
863 2420 1022 2475 codd.
1053 2433 1106 2474 et
1133 2441 1310 2477 neces·

278 2504 412 2557 saria
450 2515 547 2557 est.
579 2503 844 2573 legibue-5,
879 2522 1000 2575 quas
1037 2503 1271 2555 Lentulus
1286 2541 1302 2565 ,

279 2582 409 2637 dum
441 2595 578 2637 esset
607 2585 798 2643 consul,
829 2602 972 2635 anno
1001 2584 1307 2654 superiore,

278 2662 690 2718 conscribendas
761 2675 1054 2717 curaverat.
1116 2662 1352 2715 Fuerat·

279 2745 538 2797 Lentulus
564 2744 782 2809 consul,
803 2762 927 2797 ann.
963 2744 1036 2797 U.
1076 2742 1138 2796 C.
1173 2742 1308 2812 705.

281 2822 409 2878 vid.
438 2825 602 2876 Dio'n.
628 2824 867 2877 lib.x1.1.

362 2924 414 2957 2.
452 2904 762 2956 Antonianos
801 2903 992 2955 milites.
1031 2902 1311 2955 Exercitus

283 2984 342 3037 C.
373 2983 634 3049 Antonii,
660 2984 756 3055 qui
783 2984 861 3035 M.
893 2982 1118 3035 Antonii
1147 2983 1312 3035 frater

284 3077 392 3117 erat
414 3059 520 3126 (de
549 3082 614 3115 eo
632 3078 688 3118 et
713 3066 826 3135 ejus
853 3062 1054 3115 familia
1078 3060 1190 3115 vid.
1211 3062 1309 3116 inf.

284 3163 395 3217 cap.
433 3151 526 3207 24.
537 3140 560 3207 )
586 3162 748 3215 opera
779 3145 844 3197 T.
873 3142 1148 3195 Pulcionis
1188 3162 1313 3213 pro-

285 3222 468 3277 ditus'
451 3244 512 3277 111
537 3222 783 3295 Pompeii
807 3234 1125 3295 potestatem
1151 3240 1312 3275 vene-

283 3317 378 3357 rat.
410 3302 702 3375 Pompeius
718 3322 847 3355 vero
865 3302 1063 3355 horum
1080 3302 1314 3355 militum

287 3385 547 3437 voluntati
581 3382 814 3448 diffisus,
844 3400 934 3435 eos
965 3381 1316 3469 admiscuerat

287 3465 405 3519 suis,
432 3462 566 3517 Vid.
601 3464 746 3517 Flor.
769 3464 868 3516 lib.
897 3480 976 3528 tv,
1009 3482 1054 3515 c.
1080 3480 1146 3529 23
1169 3461 1311 3515 Suet.

287 3544 340 3595 in
371 3546 530 3611 Caes.,
550 3565 596 3597 c.
623 3544 695 3597 36
714 3562 732 3609 3
749 3544 913 3597 Dion.
933 3542 970 3595 l.
995 3561 1089 3595 xm
1107 3554 1161 3595 et
1177 3560 1314 3608 nn,

288 3637 336 3677 et
368 3624 672 3696 praesertim
707 3624 886 3695 ipsum
929 3623 1190 3676 Caesarem
1217 3624 1316 3694 qui

286 3723 396 3757 rem
427 3716 693 3756 memorat
720 3703 826 3756 hoc
847 3703 971 3769 lib„
995 3721 1044 3755 e.
1085 3720 1150 3755 10
1175 3716 1236 3755 -et
1265 3722 1312 3756 c.

291 3786 382 3854 67,
407 3784 494 3837 his
524 3784 705 3837 verbis
733 3801 748 3836 :
779 3784 1064 3837 Fortis-sime
1099 3782 1160 3835 T.
1189 3784 1315 3835 Put-

288 3868 440 3927 cionc,
466 3869 604 3935 cujus
629 3882 776 3933 opera
783 3863 1034 3934 proditum
1059 3866 1316 3914 exercitum

291 3943 349 3996 C.
386 3943 609 3996 Antonii
648 3943 1095 4004 demonstr-arimin,
1139 3963 1164 3993 e
1215 3942 1318 3993 loco

283 4035 640 4095 propugnante.
666 4024 850 4089 Quum
879 4042 1008 4078 vero
1045 4020 1103 4077 id
1141 4022 1199 4075 in
1233 4022 1319 4075 his

292 4096 435 4157 libris
452 4114 722 4177 nusquam
733 4103 1064 4201 reperiatur,
1078 4122 1142 4157 ex
1158 4102 1318 4174 hujus

413 4217 516 4283 II.

1387 1620 1502 1674 loci
1522 1621 1827 1675 testimonio
1846 1622 2145 1696 suspicatur
2165 1624 2288 1678 Ald.
2308 1627 2425 1679 Ma-

1391 1701 1577 1754 nutius
1608 1703 1824 1754 mutilos
1858 1722 1969 1756 esse
2001 1704 2221 1759 Caesaris
2256 1705 2425 1760 libros

1391 1781 1460 1835 de
1489 1781 1555 1834 B.
1593 1782 1685 1848 C.,
1718 1795 1779 1836 ut
1808 1783 1963 1836 facile
1992 1781 2289 1856 intelligere
2326 1798 2423 1840 est.

1393 1863 1661 1916 Caterum
1692 1862 1783 1916 hic
1809 1861 1871 1916 C.
1904 1865 2169 1918 Antonius
2182 1883 2213 1916 a
2227 1867 2423 1934 Brute,

1391 1953 1514 2013 post
1538 1942 1757 1996 Caesaris
1782 1956 2044 2009 mortem,
2072 1946 2277 2000 occisus
2302 1947 2421 2000 fuit.

1476 2021 1531 2074 3.
1558 2021 1871 2092 Sagittarios.
1916 2025 2179 2079 Nonnulli
2210 2030 2423 2095 sagitta·

1393 2104 1591 2154 rior-tent.
1622 2102 1929 2174 Perperam.
1962 2104 2119 2175 Supr.
2147 2105 2239 2159 lib.
2272 2124 2346 2169 11,
2376 2125 2423 2158 c.

1403 2183 1472 2236 18
1496 2200 1511 2234 z
1534 2186 1685 2234 tritici
1714 2183 1897 2234 modios
1922 2201 2021 2236 cxx
2048 2185 2203 2238 millia
2220 2186 2423 2255 pollice-

1396 2272 1492 2322 tur,
1507 2273 1563 2314 et
1576 2263 1703 2314 alibi
1714 2263 1928 2334 passim.
1940 2262 2258 2316 —Colwrtes
2270 2285 2431 2318 sexce-

1395 2344 1563 2392 narias
1588 2341 1727 2396 duas.
1761 2343 1903 2397 Mira
1931 2343 2035 2396 hoc
2072 2344 2192 2396 loco
2228 2347 2429 2398 scriba·

1395 2441 1519 2474 rum
1537 2421 1743 2474 inscitia
1759 2440 1775 2488 ;
1796 2422 2077 2492 probabile
2091 2423 2155 2476 fit
2172 2425 2229 2478 in
2250 2437 2427 2478 vetus·-

1375 2501 1603 2557 -tissimo
1624 2499 1809 2555 codiee
1839 2502 2061 2555 Caesaris
2080 2541 2097 2567 ,
2124 2505 2428 2575 majusculis

1395 2581 1589 2635 litteris
1600 2582 1862 2653 scriptum
1874 2582 2037 2635 fuisse
2046 2583 2432 2637 COHORTES

1397 2662 1535 2714 SEX
1561 2662 1915 2715 CENARIAS
1937 2663 2011 2714 ΙΙ.
2031 2662 2195 2727 Quod
2210 2666 2287 2717 ita
2310 2683 2431 2735 pos·

1398 2742 1621 2795 terior-es
1668 2742 1805 2797 male
1862 2742 2176 2795 minusculis
2237 2744 2429 2797 litteris

1398 2819 1778 2887 reddiderunt,
1804 2822 2019 2873 cohortes
2035 2840 2095 2875 v1
2115 2826 2333 2875 cenas-ias
2359 2842 2423 2877 Π.

1397 2905 1470 2954 At
1499 2899 1559 2953 id
1598 2922 1710 2955 non
1740 2901 2092 2973 intelligentes
2124 2904 2216 2957 alii
2254 2917 2429 2957 muta·

1397 2994 1596 3035 verunt
1618 2982 1677 3035 in
1697 2982 1911 3033 cohortes
1931 3000 1991 3035 vt
2014 2989 2329 3037 mercenarius
2342 3025 2359 3047 ‚
2380 3002 2429 3037 11

1399 3065 1627 3135 equitum.
1670 3060 1831 3115 Unde
1882 3074 2025 3115 totus
2084 3067 2433 3137 perturbatur

1399 3159 1600 3197 sensus.
1662 3140 1983 3198 Emendatio
2057 3143 2434 3216 Oudendorpii

1399 3221 1604 3293 optima
1641 3234 1746 3289 est,
1770 3234 1825 3275 et
1862 3222 2212 3279 confirmatur
2244 3238 2431 3277 nostro

1401 3300 1523 3355 cod.
1557 3304 1623 3355 R.
1662 3302 1835 3371 5764.
1868 3302 2131 3357 Cohortes
2163 3322 2291 3357 vero
2320 3324 2431 3355 sex-

1402 3386 1608 3435 cenarias
1642 3381 1899 3435 sexcentis
1934 3383 2193 3439 militibus
2222 3384 2434 3437 consta·

1401 3462 1899 3533 bana—Equitum
1934 3480 2020 3515 vu
2064 3464 2235 3517 millia.
2271 3464 2433 3516 Hunc
2464 3478 2468 3486 ·

1401 3558 1621 3612 quoque
1636 3542 1817 3595 locum
1828 3540 1995 3601 iidem
2012 3543 2247 3610 librarii,
2264 3563 2433 3615 quum

1403 3620 1597 3675 iisdem
1622 3619 1691 3673 de
1714 3622 1885 3675 causis
1910 3640 2023 3676 non
2044 3622 2441 3693 intelligerent,'

1404 3702 1489 3754 vel
1521 3720 1753 3755 vacuum
1793 3702 2127 3773 reliquerunt
2150 3738 2167 3767 ‚
2214 3703 2337 3771 vel,
2372 3696 2433 3756 ut

1405 3793 1587 3835 noster
1617 3780 1969 3853 codex-5768
1989 3820 2008 3848 ,
2040 3800 2069 3833 a
2104 3801 2205 3857 sec.
2239 3802 2433 3849 manu,

1405 3861 1788 3931 suppleverunt
1824 3862 2129 3916 delectorum.
2178 3863 2269 3916 Nil
2315 3884 2437 3917 rnu-

1407 3938 1633 3993 tandum
1642 3954 1740 3994 ⁴est.
1765 3960 1931 3995 —Dc
1950 3942 2126 3997 Gallos
2152 3944 2442 4013 Dejotams.

1408 4020 1640 4085 Galatas,
1648 4039 1743 4073 seu
1757 4020 1913 4074 Gallo
1918 4022 2161 4076 -Graecos
2171 4024 2438 4095 intelligit,

1408 4101 1605 4173 quihus
1642 4112 1869 4173 praeerat
1898 4103 2197 4173 Dejotarus.
2232 4105 2437 4159 Eorum

1990 4210 2085 4281 13·
